3254 5092
507 347 553 394 nn
576 347 668 395 aran.
692 348 796 396 lanx.
820 349 864 396 nr
886 349 1100 399 ersrsrasro.
1311 333 1370 398 167

233 500 312 564 illud
348 505 412 584 est,
450 504 485 564 ut
521 501 663 584 triplices
701 501 888 564 numerandi
925 507 1019 565 notas
1054 503 1174 566 latinus
1213 503 1371 586 interpres

234 611 436 676 coniunxisse
473 609 621 674 credatur
656 610 691 674 in
727 610 811 675 hane
849 611 1003 693 speeiem:
1058 615 1134 676 Nam
1166 611 1216 694 οβ’
1247 616 1376 676 LXXII
1390 625 1421 673 51

232 729 427 800 septuepinte
460 725 575 786 duobus
607 727 827 800 grammaticis:
866 742 961 804 quam
997 720 1124 804 quidem
1158 722 1372 786 coniecturam

232 830 286 893 vix
310 829 420 894 credas
443 830 484 893 ab
506 830 575 914 ipso
598 830 765 908 inventore
781 829 996 894 commendari
1017 833 1054 893 ut
1075 831 1142 894 reri
1163 832 1260 915 longe
1275 831 1372 894 simil-

233 939 352 1003 limam.
397 939 479 1003 ltem
502 961 531 1004 v.
548 939 590 1004 56
610 940 693 1022 quod
716 942 764 1003 est
787 941 944 1022 athenier',
967 939 1030 1004 fuit
1052 941 1191 1024 quinon
1213 945 1371 1005 Athenien-

231 1057 273 1113 sis
304 1049 359 1112 sed
387 1054 611 1113 Atheniensium
640 1049 906 1133 interpretaretur
935 1053 971 1112 et
1003 1049 1042 1112 ad
1073 1048 1247 1132 Coneylum
1279 1049 1372 1113 simul

231 1157 382 1223 referret:
410 1159 493 1242 quod
522 1181 593 1222 cum
622 1164 752 1242 propter
780 1159 929 1222 omissam
962 1162 1037 1222 ante
1067 1161 1253 1224 Onomeeriti
1279 1181 1372 1243 copu-

232 1269 298 1331 lam
331 1268 499 1352 displicere
532 1268 699 1351 debuerat,
737 1272 806 1332 tum
836 1268 1039 1352 redarguitur
1065 1290 1151 1332 nune
1185 1289 1372 1353 graecorum

233 1378 481 1462 comparatione.
543 1377 688 1460 Denique
728 1399 757 1440 v.
797 1378 839 1442 23
878 1378 1050 1442 multorum
1086 1378 1199 1462 plausu
1240 1382 1373 1461 excepta

233 1491 283 1552 est
305 1485 504 1572 Bernhardyi
528 1486 708 1551 emendatio
729 1499 758 1551 et
780 1491 890 1550 Liria
911 1509 1029 1550 seneen:
1059 1509 1137 1571 quas
1158 1488 1284 1552 litteras
1306 1509 1372 1552 non

233 1599 365 1660 obscure
392 1601 555 1680 tamquam
578 1597 740 1679 perlucere
763 1618 801 1660 ex
822 1595 873 1660 his
895 1596 1040 1680 vestigiis
1062 1597 1108 1660 ait
1128 1585 1236 1676 plexa
1257 1618 1370 1676 senum,

232 1707 387 1790 siquidem
409 1706 448 1770 de
464 1707 621 1789 scriptura
643 1705 808 1769 monachis
823 1705 890 1768 fere
906 1705 1045 1768 librariis
1061 1705 1178 1769 usitata
1204 1706 1371 1790 cogitetur.

233 1815 296 1881 Sed
307 1837 366 1880 nee
381 1819 458 1880 sumt
471 1816 532 1880 hoe
545 1816 720 1897 scripturae
735 1835 853 1899 genere
869 1814 989 1878 scholia
1005 1814 1155 1880 Plautina
1172 1816 1372 1900 consignata,

233 1947 294 1990 uec
322 1926 440 1989 nostris
467 1925 593 2009 quidem
619 1925 719 1988 oculis
748 1924 810 1988 ista
839 1924 1017 1988 litterarum
1043 1924 1217 1989 similitudo
1244 1925 1372 2008 dilucet,

232 2057 293 2100 nec
316 2035 514 2100 errarem
536 2034 671 2098 vidimus
693 2057 751 2118 pro
773 2039 864 2098 LXX
884 2034 1054 2118 scriptum,
1083 2055 1143 2099 nec
1164 2056 1249 2100 senes
1275 2036 1373 2100 fuisse

232 2145 304 2208 illos
332 2145 506 2209 Ptolemaei
540 2145 766 2229 grammaticos
796 2145 880 2228 apud
913 2143 1011 2207 ullum
1043 2147 1158 2208 testem
1186 2145 1371 2230 legimus*).

232 2253 330 2319 Curius
352 2259 458 2318 autem
480 2275 683 2318 numerorum
705 2253 918 2318 notandorum
945 2254 1081 2317 artificia
1108 2276 1236 2336 prorsus
1265 2255 1373 2339 singu·

232 2363 314 2427 laria
330 2363 497 2447 aliquoties
517 2363 582 2427 iam
604 2363 752 2426 damuati
775 2385 898 2445 sumus,
923 2363 950 2425 is
974 2364 1101 2446 quidam
1116 2363 1219 2427 simile
1239 2385 1372 2428 acumen

231 2472 295 2536 hue
317 2493 440 2557 quoque
463 2472 581 2536 attulit.
627 2473 711 2536 Nam
728 2472 907 2536 coniunctis
929 2471 1014 2534 inter
1036 2492 1070 2535 se
1092 2477 1199 2552 ubique
1220 2485 1373 2537 terrarum

231 2594 378 2664 quantum
407 2589 499 2646 ualuit
525 2582 630 2646 verbis
657 2582 850 2665 reliquorum
879 2603 950 2645 eum
977 2581 1167 2664 scripturam
1203 2585 1272 2644 tum
1299 2603 1372 2646 con·

232 2692 441 2756 structionem
469 2695 501 2756 et
523 2692 690 2756 verborum
719 2691 962 2755 collocationem
990 2692 1075 2756 hanc
1102 2691 1283 2774 proposuit:
1311 2696 1371 2754 dis-

231 2809 347 2881 quiritis
369 2808 504 2882 impensa
530 2809 636 2879 reciae
656 2808 877 2878 munificentiae
898 2806 1093 2866 uoluminibus
1115 2821 1208 2879 opere
1230 2805 1375 2864 Demetrii

232 2915 374 2976 Phalerii
402 2935 445 3000 ,ιη
476 2915 765 2976 eeluulueMMM
797 2917 875 2976 duas
906 2915 1099 2975 bibliothecas
1127 2915 1219 2987 fecit:
1257 2930 1372 2994 easque

231 3023 327 3084 notas
350 3043 451 3091 ausus,
467 3024 516 3084 est
536 3019 629 3084 valde
652 3040 810 3104 congruas
834 3041 904 3083 cum
933 3019 1051 3082 codicis
1073 3020 1225 3084 memoria
1255 3019 1369 3084 dicere.

231 3129 366 3195 Possum
394 3129 433 3194 dc
459 3133 520 3194 hoc
545 3133 723 3193 commento
746 3129 890 3192 acerbius
919 3129 1074 3210 iudieare3
1108 3131 1192 3193 malo
1220 3150 1370 3213 quaerere

231 3239 410 3304 lenissime:
435 3261 486 3302 ars
510 3239 621 3303 critica
642 3239 688 3302 sie
710 3238 860 3302 factitata
882 3238 956 3322 quid
980 3237 1131 3321 prodest?
1168 3237 1229 3303 Sed
1249 3242 1368 3321 tamen,

230 3351 268 3412 ut
295 3349 487 3434 intellegant
515 3350 643 3431 saltem,
676 3349 702 3412 si
731 3349 784 3432 qui
817 3347 956 3412 iudicare
985 3348 1054 3411 sine
1087 3347 1221 3412 lenitate
1250 3349 1368 3431 volent,

231 3457 308 3542 quid
341 3458 472 3521 tandem
504 3457 564 3521 sibi
597 3457 731 3522 voluerit
766 3457 900 3520 istarum
931 3457 1107 3521 fabricator
1139 3456 1369 3540 machinarum,

230 3567 532 3650 interpretationem
560 3565 714 3631 adicimus
737 3588 860 3649 eorum,
890 3588 970 3650 quae
992 3588 1058 3630 non
1084 3567 1265 3630 dubitamus
1293 3565 1371 3649 quin

231 3677 326 3742 multi
359 3699 396 3741 ex
427 3676 598 3762 Aegyptiis
632 3677 778 3741 obeliscis
810 3677 913 3761 petita
948 3675 1098 3741 credituri
1125 3676 1201 3740 sint.
1251 3673 1371 3740 Valent

230 3785 334 3871 igitur
355 3786 412 3850 illa
439 3787 550 3870 signa,
579 3787 606 3850 si
629 3807 736 3850 eorum
763 3785 880 3870 pictori
902 3786 1074 3870 credimus,
1103 3787 1178 3850 hoc:
1206 3791 1371 3865 disquiritis
1388 3791 1421 3840 52

231 3901 454 3962 duodeuicesies
481 3902 561 3960 mille
588 3901 793 3961 uoluminibus.
816 3934 860 3945 -
887 3895 954 3961 Nos
983 3901 1090 3960 autem
1119 3917 1189 3959 curn
1217 3894 1370 3977 scriptum

230 4005 331 4068 fuisse
360 4025 455 4085 opere
484 4011 630 4069 Demetrii
661 4011 799 4071 Platorii
824 4011 980 4086 prehensa
1011 4025 1109 4070 secum
1143 4003 1368 4088 coniceremus,

301 4259 325 4327 *l
344 4257 483 4328 [liegimus
501 4275 573 4313 nune
591 4275 657 4313 sane
678 4256 707 4312 iu
724 4257 843 4313 Taetzae
860 4257 1068 4328 Prolegomenis
1086 4257 1277 4313 Ambrosiams
1295 4259 1369 4330 apud

232 4349 352 4406 Keilium
368 4369 396 4422 p.
416 4357 472 4420 nr,
490 4357 519 4408 8:
538 4355 583 4408 καὶ
600 4351 755 4421 reponetur
772 4352 878 4422 ἑτέρων
896 4351 1026 4420 ἀνδρῶν]
