3222 5104
251 333 314 399 790
701 351 749 398 nn
771 349 940 399 1111110111

250 503 418 586 inscriptio
445 503 645 589 singulorum
672 504 838 568 nominum
865 505 916 568 vel
951 503 1220 580 exclamationum
1247 501 1390 567 cohorta-

251 614 415 678 tiouumve
442 613 632 678 brevitatem
661 614 808 697 excedat,
843 617 953 679 tamen
979 615 1117 698 primum
1145 613 1317 678 dolendum
1344 615 1392 676 est

251 745 407 809 maguam
427 723 543 788 harum
564 723 812 808 inscriptionum
833 728 974 808 partem,
998 724 1155 808 imprimis
1172 724 1298 788 illarum
1314 744 1392 808 quas

253 834 355 898 editas
377 834 476 899 habes
498 834 535 898 in
556 834 667 898 Museo
689 834 828 901 Etrusco
850 835 1005 920 principis
1026 835 1066 898 de
1089 833 1228 912 01111111,
1251 837 1319 898 tam
1341 855 1392 898 ex·

252 945 364 1029 peditu
387 965 455 1010 esse
477 943 658 1027 difficilem,
682 948 719 1009 ut
739 967 802 1030 quo
823 945 1025 1029 potissimum
1045 945 1139 1010 modo
1160 945 1275 1010 miram
1297 966 1393 1029 saepe

252 1059 285 1120 et
305 1076 435 1138 prorsus
462 1055 659 1140 singularem
680 1056 872 1140 sumpturam
895 1055 945 1119 vel
971 1056 1061 1140 legas
1094 1056 1146 1120 vel
1173 1054 1321 1120 emendes
1342 1055 1394 1119 vel

252 1166 478 1248 interpretare,
508 1186 607 1249 prope
636 1165 869 1249 desperandum
891 1186 960 1230 esse
987 1165 1143 1231 videatur.
1187 1165 1312 1230 Deinde
1341 1187 1394 1230 su·

251 1279 317 1341 tem
341 1297 413 1340 cum
441 1275 537 1340 etism
563 1275 772 1359 inscriptione
800 1275 977 1339 notabilem
1002 1275 1103 1359 hanc,
1133 1275 1167 1340 in
1195 1297 1258 1360 qua
1287 1275 1394 1360 expla-

253 1385 361 1450 nanda
382 1407 561 1470 versamur,
594 1387 781 1470 amphoram
809 1367 961 1469 diximus,
995 1407 1061 1450 non
1087 1389 1155 1450 tam
1183 1385 1396 1471 cogitavimus

253 1495 291 1560 de
313 1495 410 1579 plens
433 1496 540 1579 sliqus
568 1496 745 1579 sententia,
774 1516 856 1580 quse
883 1495 1012 1581 integra
1040 1496 1262 1561 enuntiatione
1289 1517 1396 1582 gram·

252 1606 372 1670 metica
387 1605 551 1670 efferetur:
575 1607 663 1670 cuius
679 1606 887 1670 modicarum
909 1605 1087 1690 exemplum
1111 1606 1198 1670 velut
1220 1606 1304 1690 apud
1322 1606 1396 1670 Mil-

253 1715 420 1800 lingenum
443 1715 530 1780 Mon.
554 1715 640 1780 ined.
657 1716 672 1780 I
689 1738 720 1799 p.
737 1715 779 1780 86
800 1717 867 1780 tab.
884 1715 1026 1780 XXXVI
1048 1718 1153 1780 exstat
1174 1719 1207 1780 et
1228 1716 1263 1780 in
1285 1717 1397 1782 Museo
1416 1799 1420 1804 ,

253 1823 434 1891 Borbonieo
461 1825 524 1890 vol.
554 1825 601 1889 IX
632 1826 700 1889 tab.
725 1825 879 1908 XXVIII,
909 1826 1108 1910 epitaphium
1135 1827 1293 1910 praebens
1314 1827 1398 1892 inte
1454 1819 1459 1828 ’

253 1957 312 2020 gro
335 1935 472 2000 disticho
495 1936 637 2021 elegiaco
661 1936 942 2020 comprehensum:
966 1958 1061 2020 quam
1078 1935 1157 2001 illud
1171 1937 1278 2020 potius
1294 1959 1398 2022 genus

253 2045 521 2131 significavimus,
551 2066 623 2110 cum
643 2047 770 2111 mutui
792 2058 954 2111 sermones
979 2047 1062 2112 fiunt
1083 2046 1218 2110 dusrum
1241 2047 1290 2111 vel
1314 2069 1399 2112 com-

253 2155 393 2240 plurium
414 2177 633 2240 personarum.
669 2155 758 2232 Quod
781 2178 883 2242 genus
906 2159 1033 2222 constat
1055 2157 1097 2220 eb
1118 2156 1315 2222 tenuissimis
1337 2157 1399 2222 iui-

187 2267 308 2335 1851111
330 2267 504 2350 proficisoi3
531 2267 758 2350 nequeenim,
786 2267 889 2332 sicubi
909 2267 945 2331 in
967 2289 1031 2331 uno
1064 2267 1235 2351 eodemque
1268 2268 1399 2332 vasculo

255 2377 372 2461 duplex
395 2377 550 2460 scriptum
572 2379 621 2441 est
642 2379 750 2461 uultu,
774 2377 825 2443 vel
847 2400 911 2442 una
932 2377 1013 2452 heec
1036 2377 1248 2442 continuitate
1263 2377 1400 2443 inter-se

256 2487 463 2552 continentur
484 2487 534 2551 vel
556 2489 685 2552 mutuae
707 2487 870 2552 societatis
893 2488 1020 2552 vinculo
1042 2487 1173 2551 omnino
1190 2491 1319 2571 carent,
1343 2487 1401 2553 sed

255 2596 476 2662 distribuenda
497 2597 565 2660 fere
588 2596 710 2662 duabus
732 2597 876 2682 personis
898 2601 988 2682 sunt,
1020 2619 1155 2682 querum
1183 2597 1285 2662 altera
1313 2598 1402 2682 cogi·

254 2711 343 2773 tatur
365 2709 559 2792 acclamans,
583 2707 749 2772 affirmans
772 2708 890 2772 alteru:
912 2707 945 2772 id
967 2707 1051 2793 quod
1070 2707 1166 2772 facile
1183 2707 1345 2792 colligitur
1360 2731 1401 2772 ex

255 2819 363 2903 paullo
387 2818 630 2902 copiosioribus,
665 2818 759 2902 quale
792 2839 819 2882 e.
855 2840 882 2884 c.
911 2820 960 2882 est
993 2819 1011 2883 ὁ
1044 2821 1121 2884 παῖε
1154 2818 1251 2882 καλό(
1260 2839 1281 2890 ·,
1302 2819 1401 2884 καλὸς

255 2929 384 3014 ναίχι.*)
417 2928 469 2991 Ab
484 2928 534 2992 his
550 2949 624 2993 vero
639 2927 741 2992 initiis
763 2927 900 3014 profecti
923 2927 963 2992 ad
979 2950 1050 2993 eam
1072 2927 1286 2992 diverbiorum
1309 2929 1401 2992 uber-

255 3041 358 3102 tatem
378 3038 540 3123 progressi
562 3041 654 3122 sunt,
677 3059 773 3122 quum
794 3037 915 3102 duobus
937 3059 1040 3122 nuper
1062 3036 1260 3102 documentis
1283 3059 1402 3122 cogno-

256 3149 358 3212 vimus
387 3148 484 3233 longe
516 3148 659 3213 omnium
688 3147 957 3212 luculentissimis.
1003 3147 1151 3212 Alterum
1179 3147 1256 3210 illud
1290 3169 1401 3212 monu-

257 3261 399 3322 mentum
421 3258 492 3322 dieo
506 3257 609 3321 Musei
624 3257 843 3339 MonacensiS,
867 3258 902 3322 iu
925 3279 986 3342 quo
1003 3257 1216 3322 adulescentis
1231 3257 1403 3322 victoriam

257 3368 375 3433 mutuis
403 3368 601 3432 sermonibus
634 3370 867 3452 persequuntur
899 3367 1079 3432 Dorotheus
1112 3367 1233 3448 victor,
1271 3365 1402 3432 Memno

257 3478 386 3562 sodalis,
424 3477 554 3542 Nicolas
579 3477 787 3561 paedotriba:
827 3499 905 3561 quos
938 3498 1099 3542 sermones
1138 3477 1276 3560 primum
1313 3479 1402 3542 tren·

257 3589 392 3682 scriptos
421 3589 463 3652 ab
484 3587 650 3653 Theodoro
671 3587 823 3652 Pauofks
849 3587 884 3652 in
906 3608 944 3651 eo
966 3586 1048 3651 libro
1070 3608 1165 3670 quem
1186 3585 1225 3650 de
1253 3608 1403 3652 vasorum

325 3819 350 3886 *)
364 3815 445 3872 Talis
461 3815 507 3870 vix
524 3815 581 3870 ullu
598 3833 729 3871 vesorum
747 3815 874 3871 collectio
892 3815 936 3870 est
949 3813 1015 3882 quin
1033 3813 1140 3881 aliquot
1152 3813 1280 3883 exemplu
1292 3813 1403 3869 offerat.

258 3912 343 3966 Velut
360 3929 394 3966 ex
412 3929 445 3966 co
463 3909 567 3977 iudice,
593 3926 675 3978 quem
697 3909 741 3963 his
763 3908 832 3978 ipsis
856 3908 954 3962 diebus
978 3909 1097 3962 loannes
1119 3905 1154 3960 de
1172 3905 1260 3960 Witte
1278 3906 1408 3975 prodidit

259 4005 447 4075 (Descriptiou
466 4003 491 4058 d'
510 3982 563 4058 urie
583 4003 730 4058 collection
748 4003 783 4057 dc
801 4019 882 4057 vosos
900 4001 993 4071 peints
1012 4003 1041 4056 et
1058 4000 1175 4053 brouzos
1193 3999 1323 4066 critiques
1341 4017 1407 4069 pro-

259 4100 364 4155 venaut
386 4097 435 4152 des
459 4098 566 4152 souilles
590 4098 624 4152 de
642 4083 784 4162 1111111111,
807 4095 886 4150 Puris
910 4099 986 4162 1837)
1008 4095 1062 4148 huc
1083 4091 1225 4162 pertinent
1248 4111 1274 4146 11.
1294 4099 1337 4147 83.
1360 4101 1405 4150 97.

261 4199 316 4247 140.
338 4197 386 4247 171
411 4193 440 4246 et
461 4193 575 4260 praeter
592 4194 688 4245 cetera
704 4209 731 4243 u.
753 4195 883 4245 13311111
905 4187 1008 4258 triplici
1025 4185 1219 4255 inscriptione:
1248 4187 1408 4242 Ὁπλὸθεο(

259 4287 357 4340 καλός·
382 4286 463 4354 ναίχι.
490 4315 523 4325 -
549 4286 697 4352 Θεόδωρος
727 4286 743 4338 ὁ
766 4289 830 4338 παῖε
858 4284 944 4337 καλὸς
971 4281 1051 4348 volus.
1077 4309 1109 4318 —
1138 4281 1227 4334 Καλὸ(
1252 4275 1406 4336 Ἐπὲλειο(“

262 4380 355 4433 καλός.
