3218 5094
592 315 639 361 oe
662 314 732 362 ono
755 313 800 360 ar
823 313 964 362 oarouu.
1287 295 1350 359 625

210 469 292 532 ἔιτιν
315 466 408 550 -.*)
452 465 625 530 Obscurior
647 467 734 529 enim
756 465 914 530 Diodorus
937 465 1085 528 comicus.
1130 463 1175 527 Et
1197 464 1231 528 in
1255 463 1350 527 comi-

210 599 318 641 corum
334 575 462 660 quidem
485 577 622 640 lectione
637 575 737 640 Orum
753 576 899 639 novimus
921 574 1078 659 imprimis
1100 577 1272 638 versatum.
1303 581 1349 660 τῷ

210 691 318 751 autem
341 685 511 768 articulus,
546 687 623 750 licet
649 686 772 750 alienus
799 685 854 749 ille
877 685 918 748 ab
947 683 1097 768 loquendi
1121 684 1350 749 consuetudine

210 796 452 881 diligentiorum
474 795 681 880 scriptorum,
710 795 811 880 quode
832 795 895 879 ipsi
922 796 1142 878 praecepimus
1164 794 1291 879 Proleg.
1315 795 1350 858 in

210 907 367 972 Thomam
388 907 433 970 Μ.
457 927 489 990 p.
508 904 542 987 O,
566 909 675 970 tamen
697 906 840 969 incuriae
862 906 912 968 vel
936 905 1126 988 scriptorum
1141 905 1192 968 vel
1207 903 1350 967 librario-

211 1039 281 1082 rum
297 1039 362 1081 non
375 1037 439 1080 uuo
450 1016 486 1079 in
497 1016 567 1080 loco
580 1016 723 1080 debetur.
752 1013 842 1089 Quod
859 1020 897 1079 ut
913 1016 960 1078 ita
972 1037 1040 1080 esse
1052 1037 1148 1099 quam
1166 1013 1353 1078 brevissimo

211 1128 363 1210 temporis
390 1126 495 1210 spatio
524 1147 698 1210 cognoscas
705 1175 714 1208 ,
749 1116 874 1190 evolve¹
887 1125 980 1190 modo
1013 1125 1135 1190 indices
1162 1115 1353 1208 scriptorum

211 1237 300 1300 velut
315 1237 350 1300 in
363 1235 526 1300 Pollucem
542 1237 593 1300 vel
604 1235 902 1320 Harpocrationcm‚
920 1236 976 1299 ubi
995 1237 1110 1300 citatos
1122 1235 1260 1319 reperies
1277 1255 1304 1298 e.
1324 1255 1351 1297 c.

213 1346 408 1430 Aeschylum
428 1347 463 1412 ἐν
483 1350 551 1412 coit
572 1349 795 1426 ψυχαγωγοῖς,
815 1346 996 1428 Amipsiam
1016 1347 1051 1411 ἐν
1074 1352 1111 1430 τῇ
1128 1347 1265 1426 (απφοῑ,
1288 1344 1353 1407 Ειι-

213 1456 352 1539 polidem
373 1456 473 1541 ἐντῷ
496 1458 633 1539 Μαρικᾷ,
653 1455 821 1520 Platonem
843 1457 878 1521 ἐν
893 1463 939 1542 τῷ
957 1463 1086 1540 ποιητῇ,
1103 1453 1354 1539 Aristophanem

216 1568 250 1632 ἐν
272 1573 319 1650 τῷ
341 1568 435 1648 γήρᾳ,
459 1566 537 1630 alios
559 1567 745 1650 permultos,
770 1566 894 1649 quibus,
918 1587 1033 1649 operae
1056 1566 1194 1649 pretium
1210 1565 1237 1628 si
1259 1567 1352 1646 esset,

214 1676 303 1740 nullo
325 1676 456 1760 negotio
478 1679 639 1740 sescentos
662 1675 810 1740 adderem
832 1698 899 1740 non
921 1698 960 1739 ex
981 1675 1139 1740 indicibus
1161 1675 1296 1759 petitos,
1320 1678 1356 1737 ut

214 1784 419 1849 Heraclidem
448 1788 482 1852 ἐν
511 1792 558 1870 τῷ
586 1787 739 1853 ξενίζοντι
764 1786 923 1850 Athenaei
945 1785 975 1849 X
998 1809 1029 1869 p.
1053 1787 1117 1849 414
1139 1791 1167 1850 D
1188 1786 1239 1850 vel
1262 1783 1355 1848 Anti-

214 1895 353 1978 phanem
376 1897 412 1961 ἐν
434 1903 480 1982 τῷ
504 1897 624 1980 αὐλητῇ
647 1895 724 1958 XIV
740 1919 771 1979 p.
789 1895 851 1960 618
867 1901 905 1960 Β.
940 1895 1009 1960 Νοο
1030 1917 1104 1960 vero
1120 1897 1188 1960 sine
1212 1895 1355 1978 exemplo
1420 1961 1427 1968 ,

213 2005 293 2068 illud
316 2009 375 2088 est,
400 2005 483 2089 quod
506 2005 716 2090 praemissum
738 2005 837 2085 Ὧρος
866 2027 983 2070 nomen
1011 2006 1231 2069 testimonium
1253 2005 1355 2088 sequi-

214 2118 283 2198 tur,
314 2114 397 2198 quod
426 2116 467 2178 ab
494 2115 564 2197 ipso
587 2113 652 2179 Oro
680 2115 814 2178 allatum
843 2137 911 2179 esse
932 2119 1032 2199 patet.
1079 2115 1148 2198 Sic,
1172 2137 1213 2179 ne
1236 2115 1355 2178 multus
1481 2133 1485 2144 ·

214 2225 275 2288 sim
302 2224 337 2287 in
365 2247 400 2287 re
432 2229 559 2308 aperta,
588 2225 696 2308 Etym.
725 2224 770 2288 M.
799 2248 831 2308 p.
855 2227 913 2308 47,
943 2225 985 2288 22
1012 2226 1046 2288 in
1074 2226 1156 2289 libro
1184 2247 1243 2288 ms.
1273 2223 1356 2306 (Lei-

215 2335 305 2398 densi
332 2335 425 2420 puto)
459 2321 556 2418 apud
571 2334 822 2428 Valckenarium
855 2336 890 2398 in
922 2333 1078 2398 Herodoti
1106 2334 1153 2398 lV
1182 2357 1252 2417 cap.
1279 2333 1355 2398 196:

215 2446 299 2523 Ἀκή,
322 2445 341 2523 ἡ
365 2446 492 2524 ὀξύτηι·
520 2445 627 2510 οὕτως
648 2445 764 2525 Ὧραι·
793 2446 977 2525 Ἀρχίλοχος
1001 2466 1028 2507 e.
1051 2467 1083 2528 q.
1106 2467 1132 2508 s.
1160 2482 1197 2492 -
1225 2443 1354 2524 Quodsi,

216 2575 296 2637 quae
329 2554 475 2618 videatur
506 2555 668 2618 sententia
700 2575 767 2619 esse
790 2554 977 2638 Apollodori
1011 2572 1174 2636 versuum,
1208 2573 1354 2636 quaeraS,

216 2665 490 2730 adulescentulum
524 2665 645 2728 conicio
675 2665 714 2728 de
747 2664 874 2728 sordida
902 2665 1015 2758 patris·
1031 2663 1227 2748 parsimonia
1254 2663 1355 2746 queri,

215 2775 313 2857 velut,
337 2779 374 2838 ut
395 2797 494 2839 unum
515 2774 696 2857 exemplum
718 2796 836 2858 ponam
857 2796 873 2837 e
895 2775 1014 2857 multis,
1038 2775 1075 2837 in
1095 2774 1179 2838 hanc
1201 2773 1356 2857 speciem:

216 2886 319 2951 ἔετιν
340 2889 484 2965 πατὴρ,
506 2886 671 2964 κύμινον
694 2883 971 2964 conversios,
998 2888 1061 2950 κτλ.
1082 2884 1142 2947 hoc
1164 2886 1226 2947 cst:
1253 2887 1357 2967 ‘pater

216 2994 295 3058 mihi
318 2999 376 3077 est,
400 2996 455 3078 qui
477 2995 561 3058 sicco
584 2994 668 3057 vesci
692 2994 820 3058 cumino
835 2995 916 3058 solet
931 2997 964 3058 et
977 2996 1105 3058 tantum
1127 3015 1193 3056 non
1214 2993 1354 3076 frondes,

218 3104 359 3168 surculos
383 3105 511 3168 condire
539 3103 708 3187 ficulneos,
738 3124 805 3168 non
831 3105 917 3187 ipsas
945 3107 1072 3167 tantum
1094 3104 1195 3167 ’ficos'
1240 3103 1354 3178 Quam-

218 3235 313 3297 quam
340 3214 472 3278 minime
499 3215 628 3296 dubito,
662 3214 739 3297 quin
771 3215 868 3299 longe
902 3214 1037 3277 facetius
1065 3212 1228 3297 quidpiam
1262 3216 1357 3296 poeta

217 3323 357 3407 potuerit
390 3323 428 3386 de
465 3324 591 3388 cumino
624 3345 765 3388 narrare.
816 3321 964 3388 Ceterum
995 3322 1206 3406 Therippides
1238 3343 1357 3386 nomen

217 3433 296 3496 mihi
323 3432 450 3516 quidem
482 3456 547 3497 non
577 3434 704 3498 aliunde
735 3433 899 3518 cognitum
928 3434 990 3497 nisi
1019 3455 1036 3496 e
1065 3433 1289 3496 Demosthenis
1322 3432 1357 3494 in

218 3542 391 3627 Aphobum
412 3543 619 3609 orationibus,

741 3742 835 3828 4521.

306 3877 333 3948 l.
379 3879 528 3967 Sequitur
548 3887 600 3966 ut,
635 3905 712 3966 quos
735 3886 826 3946 extra
854 3875 1086 3946 dubitationem
1116 3877 1277 3966 posuimus
1301 3875 1358 3946 Ori

220 3995 474 4077 commentarios,
499 3993 555 4076 eis,
579 3997 733 4077 quantum
753 3993 881 4076 quidem
902 3993 972 4056 fieri
993 3994 1104 4076 possit,
1128 3993 1256 4078 singula
1271 3993 1357 4076 frag-

219 4147 419 4158 -c--m--Q

287 4245 311 4313 *λ
331 4245 403 4315 [Non
420 4245 599 4316 improbabat
616 4246 770 4302 Meinekius
788 4247 858 4302 Hist.
879 4246 937 4302 crit.
959 4263 1028 4302 com.
1046 4263 1087 4316 gr.
1107 4263 1132 4315 p.
1147 4251 1210 4300 loa:
1229 4244 1357 4300 dubitare

218 4339 295 4409 oepit
313 4341 365 4394 vol.
387 4338 425 4393 [V
441 4359 460 4408 p
490 4345 541 4394 457
560 4359 611 4408 sq,
630 4342 664 4395 dc
682 4341 803 4410 prosaici
823 4342 970 4411 scriptoris
991 4341 1152 4410 fragmento
1172 4340 1318 4409 cogitans]

272 4443 315 4478 ra.
336 4444 500 4479 siracusam
521 4443 666 4478 oruscuan
685 4446 705 4482 1.
1115 4427 1158 4491 40
