3254 5086
520 345 678 394 nroursn
700 343 1051 394 maroansrssnnsrs.
1293 331 1357 396 525

220 499 291 564 vide
320 501 340 578 ξ
364 499 394 562 7.
444 495 505 560 Vel
532 496 581 562 IV
587 547 596 580 ‚
626 497 683 579 85,
713 496 767 560 ubi
789 495 869 561 haec
890 499 1018 560 tantum
1039 496 1160 579 scripta
1181 498 1358 580 reppererit

220 610 361 692 oportet:
397 611 498 672 ταῦτα
525 609 564 672 τὰ
585 609 750 686 γράμματα
778 607 930 686 λαβόντε(
954 607 985 672 οἱ
1007 607 1270 687 καταλειφθέντες
1294 607 1357 672 ὑπὸ

218 723 279 785 τοῦ
302 719 395 784 Τίτος
409 718 574 800 Ἑρμήνιος
595 717 645 781 καί
668 717 800 796 Μάρκος
814 717 960 797 Ὁράτιος
982 715 1169 794 ἀνέγνωςαν
1191 718 1227 782 ἐν
1250 717 1359 798 ἐκκλη-

220 830 286 914 clo,
314 849 396 912 quae
423 827 469 890 sio
496 825 647 890 nimirum
673 826 895 890 instaurantur
917 826 952 890 in
975 831 1040 890 OD:
1077 826 1142 891 ὑπὸ
1164 831 1223 892 τοῦ
1246 828 1359 892 πολέ·

220 960 291 1018 μου
324 938 379 1002 εἰς
411 937 455 1002 τὸ
488 937 764 1016 ςτρατόπεδαν
798 936 891 1001 Τίτος
924 938 987 1001 κτλ.
1031 934 1113 1010 Quid
1134 937 1357 1020 requireretur,

221 1045 402 1131 Stephanus
433 1047 551 1129 sensit,
584 1047 784 1127 τυράννου
818 1067 977 1128 reponens
1004 1045 1039 1108 in
1067 1050 1095 1108 P
1119 1067 1178 1128 pro
1206 1047 1358 1126 πολέμου.

220 1156 341 1220 Verum
363 1177 402 1220 ex
423 1159 515 1239 parte
537 1155 676 1220 servavit
697 1159 725 1218 Α
733 1179 741 1219 :
763 1156 828 1220 ὑπὸ
850 1159 908 1223 τοῦ
932 1155 1120 1236 βαςιλέως
1142 1157 1248 1221 Τίτος;
1261 1155 1359 1240 ,quod

221 1266 249 1330 si
270 1266 401 1351 legisset
422 1266 643 1349 interpolator,
666 1285 732 1329 non
755 1263 920 1330 incidisset
941 1264 976 1327 in
998 1265 1144 1348 ineptum
1163 1263 1242 1330 illud
1263 1267 1360 1330 πολέ-

221 1398 292 1457 μου.
325 1375 424 1440 Plene
447 1379 491 1440 B:
513 1377 578 1441 ὑπὸ
600 1379 659 1440 τοῦ
683 1375 873 1454 βαςιλέως
895 1375 1070 1454 ὕπαρχοι
1091 1375 1184 1442 Τῖτος
1206 1376 1361 1455 Ἑρμίνιος

221 1488 272 1551 καί
295 1487 427 1566 Μάρκος
448 1485 603 1564 Ὁράτιος.

754 1761 827 1842 §a

307 1924 440 1988 Prorsus
469 1925 627 2008 cognatae
650 1943 721 1985 cum
743 1920 803 1985 hoc
825 1941 943 2006 genere
965 1942 1022 1986 eae
1044 1926 1120 1986 sunt
1140 1923 1359 2009 interpolatio-

223 2055 297 2116 nes,
325 2055 459 2118 quarum
482 2053 593 2118 caussa
615 2053 682 2096 non
702 2031 819 2096 lacuna
840 2031 920 2114 fuit,
944 2031 1000 2095 sed
1020 2032 1089 2096 sola
1110 2033 1286 2116 scriptume
1308 2036 1359 2100 de

223 2143 380 2227 pravatio‚
408 2164 595 2226 comparens
618 2163 655 2205 ea
677 2140 712 2205 in
735 2148 771 2224 Α,
795 2140 921 2205 sublata
943 2141 978 2204 in
1000 2144 1040 2204 B.
1085 2141 1137 2206 Sic
1158 2142 1201 2226 Π,
1225 2145 1266 2210 38
1290 2168 1411 2214 cumn

223 2255 385 2336 repertum
407 2257 490 2316 esset
512 2254 622 2332 μαθὼν
645 2253 759 2330 δὲτὴν
781 2252 984 2332 παραςκευὴν
1007 2252 1115 2317 αὐτῶν
1131 2253 1246 2320 Τάτιος
1260 2256 1279 2319 ὁ
1294 2261 1361 2323 τῶν

226 2363 368 2444 (αβίνυιν
392 2363 552 2443 βαςιλεὺς,
583 2362 698 2427 νυκτὸς
719 2361 894 2440 ἀναςτήςας
915 2360 974 2425 τὸν
997 2363 1131 2439 ςτματὸν
1154 2362 1212 2441 ἦγε
1234 2367 1286 2430 διὰ
1308 2371 1364 2445 τῆς

225 2473 342 2553 χώρας,
364 2471 461 2537 οὐδὲν
484 2472 674 2550 οἰόμενος
695 2475 773 2536 τῶν
797 2472 876 2535 κατὰ
897 2470 972 2534 τοὺς
988 2469 1108 2551 ἀγρούς
1131 2470 1191 2555 (sic
1207 2473 1293 2536 enim
1309 2475 1360 2559 A),

224 2584 261 2644 ut
288 2580 394 2663 aliqua
422 2581 582 2644 sententia
611 2580 805 2662 efficeretur,
836 2579 973 2643 conficta
999 2578 1080 2642 haec
1108 2584 1184 2658 eunt
1210 2581 1245 2645 in
1274 2588 1362 2648 CDP:

226 2690 322 2755 οὐδέν
346 2689 529 2768 οἰόμενος
553 2691 743 2770 βλάπτειν
765 2691 845 2754 κατὰ
865 2690 945 2754 τοὺς
968 2687 1096 2769 ἀγρούς.
1133 2688 1302 2756 Praeclare
1317 2698 1362 2758 B:

227 2800 323 2865 οὐδὲν
354 2801 562 2879 ςινόμενος
590 2803 670 2865 τῶν
699 2821 726 2864 κ.
755 2822 783 2863 τ.
813 2798 842 2864 ἀ.
881 2837 924 2848 -
960 2798 1034 2863 Non
1061 2797 1167 2862 minus
1199 2804 1363 2884 praeclare

226 2908 310 2972 idem
331 2907 391 2990 Ill,
408 2909 465 2974 67:
487 2910 546 2987 τήν
567 2929 602 2973 τε
625 2908 762 2990 ἀγορὰν,
786 2910 856 2993 ἐνῄ
879 2909 1038 2976 δικάζοντι
1059 2911 1110 2973 καὶ
1132 2909 1363 2991 ἐκκληςιάζουςι

226 3021 276 3083 καὶ
297 3020 355 3082 τὰς
376 3017 477 3083 ἄλλας
497 3019 675 3084 ἐπιτελοῦςι
697 3019 860 3082 πολιτικὰς
880 3019 1024 3098 πράξειε,
1051 3019 1172 3088 ἐκεῖνος
1194 3025 1363 3105 ἐκόςμηςεν

227 3127 443 3208 ἐργαςτηρίοις
475 3149 509 3193 τε
537 3129 598 3192 καὶ
626 3128 789 3192 παςτάςι
817 3129 1008 3209 περιλαβών.
1058 3125 1146 3201 Quod
1181 3129 1364 3211 corruptum

226 3238 260 3300 in
284 3239 343 3302 καὶ
371 3241 462 3302 πᾶςι
489 3237 543 3322 (Α)
565 3238 651 3300 hunc
673 3259 817 3320 pannum
838 3237 1011 3321 progenuit
1036 3237 1301 3319 interpolatorum
1327 3236 1363 3299 li-

226 3346 370 3410 brorum:
406 3347 621 3426 ἐργαςτηρίοις
647 3349 765 3412 τεκαὶ
789 3351 873 3412 τοῖς
896 3347 1031 3411 ἄλλοις
1053 3346 1213 3425 κόςμοις
1235 3347 1364 3424 περιλα-

228 3457 303 3537 βών.
339 3455 457 3526 Confer
478 3455 536 3538 Ν,
559 3455 616 3520 44:
644 3457 701 3522 τὸν
723 3458 759 3521 δέ
781 3457 998 3536 ἀμφιθέατρον
1019 3456 1223 3533 ἱππόδρομον
1246 3453 1364 3518 παςτὰ-

227 3584 274 3631 ςιν
296 3566 483 3642 ὑποττέγοις
511 3568 701 3645 περιλαβεῖν.
737 3603 780 3614 —-
815 3565 878 3648 IV,
902 3564 944 3628 24
975 3565 1147 3628 immunem
1175 3562 1210 3626 in
1237 3562 1364 3626 modum

228 3678 375 3758 grassata
396 3674 635 3758 interpolatoris
657 3673 756 3738 libido
778 3694 796 3737 e
817 3673 930 3738 leviter
952 3673 1073 3738 vitiatis
1096 3672 1200 3736 verbis
1221 3669 1365 3737 Chisiam'

230 3783 362 3864 codicis,
386 3805 467 3868 quae
488 3783 569 3848 haec
590 3787 680 3848 sunt:
700 3773 744 3849 ἐἰ
766 3787 834 3849 τοῖς
856 3784 1070 3864 ἀφαιρεθεῑςιν
1094 3783 1128 3847 ἐν
1151 3783 1284 3867 πολέμῳ
1306 3783 1364 3861 τήν

227 3914 262 3958 τε
282 3894 417 3974 πατρίδα
439 3896 489 3958 καί
511 3897 569 3974 τὴν
585 3894 767 3972 ἐλευθερίαν
791 3896 862 3973 χρὴ
886 3897 972 3958 τοῖς
993 3893 1180 3972 γενομένοις
1202 3894 1274 3972 περὶ
1288 3892 1364 3956 τοὺς

229 4005 574 4082 καταδουλωςαμένους
602 4005 622 4082 ἢ
645 4005 721 4068 τοὺς
748 4004 836 4082 παρὰ
864 4006 1011 4069 τοῦτον
1039 4004 1232 4088 πριαμένους
1260 3999 1364 4080 ἀμφό-

228 4132 306 4221 τερα
327 4117 426 4178 ταῦτα
447 4115 535 4192 παρὰ
562 4117 628 4178 τῶν
656 4116 823 4178 δεςποτῶν
852 4112 1054 4191 ὑπάρξειν,
1088 4111 1154 4174 tale
1181 4111 1365 4194 portentum

229 4220 425 4302 procreavit:
454 4270 538 4285 ....
568 4223 751 4301 ἐλευθερίαν
774 4223 793 4300 ἢ
816 4223 919 4301 παρὰ
940 4225 1018 4285 τῶν
1040 4224 1199 4300 πρῶτον
1222 4219 1365 4284 αὐτοὺς

230 4332 645 4410 καταδουλωςαμένυιν
668 4333 687 4410 ἢ
709 4333 813 4412 παρὰ
833 4335 913 4396 τῶν
942 4329 1023 4414 (ἀπ’
1045 4328 1117 4393 add.
1140 4329 1180 4413 Ρ)
1203 4328 1366 4395 ἐκείνων
