3254 5092
269 343 332 408 226
478 379 481 384 >
620 357 777 404 rzsrzrs
799 353 1060 402 rnonsconsur

270 512 380 576 matici
401 512 499 575 verba
526 510 630 595 magis
659 509 699 572 ad
726 509 911 588 veritatem,
940 507 979 570 de
1007 528 1069 589 que
1096 505 1130 568 in
1157 527 1280 569 summa
1303 527 1408 569 rerum

270 623 357 685 vides
379 622 471 685 uobis
494 620 663 684 convenire
687 639 758 682 curn
778 617 956 681 Ritschelio
977 617 998 679 l.
1022 637 1061 698 c.,
1087 615 1237 679 accedere
1260 615 1409 679 videntur

159 735 163 744 “
270 753 366 815 quum
387 752 520 816 graeca,
545 729 690 813 equibus
713 727 856 792 derivata
879 730 962 790 sunt.
1001 725 1113 808 Neque
1129 725 1215 788 enim
1236 725 1305 788 fieri
1321 729 1407 808 pote-

270 845 336 923 rat,
365 841 442 924 quin
465 862 501 903 eo
524 840 635 921 verbo,
665 838 747 923 quod
772 836 936 920 proprium
958 839 990 899 et
1013 835 1108 899 certis
1136 834 1253 898 linibus
1276 834 1408 898 circum·

270 952 423 1034 scriptum
446 949 663 1035 significatum
684 949 719 1010 irr
742 967 858 1032 graeco
879 966 1023 1009 sermone
1046 944 1160 1026 habet,
1184 944 1288 1008 deleto
1310 944 1408 1008 maio

202 1070 252 1119 246
269 1081 336 1123 rem
353 1059 554 1124 coniectandi
570 1060 674 1120 locum
689 1057 792 1120 latina
807 1056 903 1120 verbe
912 1105 920 1137 ,
944 1076 1077 1138 quorum
1092 1054 1227 1118 alterurn
1242 1073 1283 1116 ue
1299 1075 1408 1117 verum

270 1170 397 1252 quidem
419 1173 457 1231 de
480 1168 543 1231 illis
566 1166 785 1251 grammaticis
808 1167 875 1247 est,
899 1165 1125 1247 relinquerent.

355 1279 448 1342 Alter
471 1281 576 1340 autem
604 1277 690 1340 locus
719 1276 773 1359 qui
796 1297 814 1338 a
836 1275 937 1338 latino
960 1274 1171 1358 grammatico
1198 1273 1244 1338 itu
1267 1277 1408 1337 mutatus

271 1391 334 1470 est,
367 1390 403 1450 ut
434 1386 559 1470 possint
592 1387 729 1469 cuipiam
761 1385 893 1448 meliora
922 1389 954 1448 et
981 1406 1020 1446 ex
1047 1369 1110 1446 alio
1140 1384 1230 1446 fonte
1264 1383 1408 1447 derivata

270 1498 443 1562 substitute
472 1517 539 1559 esse
567 1496 683 1578 videri,
715 1495 754 1558 ad
781 1494 1011 1560 Callimachum
1039 1496 1133 1576 atquc
1162 1491 1407 1556 Eratosthenem

269 1609 425 1691 pertinet,
449 1627 583 1689 quocum
599 1606 787 1670 coniunctus
806 1609 854 1668 est
876 1605 920 1686 is,
944 1604 998 1687 qui
1020 1606 1069 1666 est
1091 1602 1134 1665 dc
1157 1601 1346 1666 librorum
1368 1603 1406 1667 irr

270 1716 557 1781 Alexandrinis
579 1715 844 1778 bibliothecis
867 1713 1134 1776 multitudiue.
1181 1713 1286 1796 Atque
1309 1716 1345 1776 ut
1367 1713 1408 1776 ab
1480 1731 1487 1742 '

270 1827 325 1908 iis,
358 1847 438 1909 quse
463 1825 501 1888 de
522 1824 675 1888 librorum
697 1846 828 1888 numero
851 1823 971 1905 scripta
1000 1826 1090 1904 suut,
1120 1822 1247 1885 initium
1270 1823 1406 1906 capiam,

270 1935 350 1998 duae
373 1935 495 1999 dehac
521 1956 555 1996 re
577 1934 721 2016 prolatae
744 1937 819 1998 sunt
835 1932 1036 2015 sententiae,
1060 1932 1162 1995 alteru
1177 1931 1346 1996 Ritschelii
1368 1932 1407 1995 de

270 2045 368 2108 schol.
384 2043 490 2107 Plaut.
507 2066 538 2126 p.
555 2043 606 2124 28,
623 2044 732 2106 altera
747 2041 948 2125 Bernhardyi
963 2064 995 2125 p.
1013 2041 1086 2106 831.
1124 2041 1263 2116 Quorum
1284 2041 1338 2105 ille
1360 2041 1407 2105 ita

270 2154 367 2218 verba
394 2153 641 2235 interpretatur,
673 2156 711 2216 ut
742 2152 780 2215 de
807 2153 958 2215 interiore
985 2151 1033 2214 vel
1063 2151 1185 2235 Regiae
1213 2150 1408 2215 bibliotheca

269 2270 448 2328 voluminum
472 2269 591 2342 quidm
613 2269 840 2328 commixtorum
863 2267 1087 2342 quadrinqenu
1109 2267 1193 2326 milia
1216 2262 1265 2325 vel
1288 2261 1407 2342 βίβλων

270 2376 326 2452 μὲν
354 2372 528 2452 coppinos
558 2373 688 2451 ἀριθμὸς
714 2373 947 2451 τεεεαράκοντα
979 2372 1127 2452 μυριάδες
1160 2370 1343 2434 universam
1375 2373 1408 2433 et

269 2482 475 2546 indiscretam
497 2482 638 2546 omniurn
660 2482 812 2545 librorum
836 2483 960 2565 copiam
976 2482 1272 2564 complecterentur,
1295 2487 1407 2560 simpli·

189 2649 191 2653 .
269 2601 347 2658 ciam
370 2603 469 2657 cutem
491 2603 520 2656 et
541 2597 757 2670 indicertorum
779 2598 863 2656 milia
885 2598 1053 2670 conanime
1079 2591 1129 2654 vel
1159 2590 1273 2655 ἁπλῶν
1301 2591 1408 2658 δὲκαὶ

269 2704 407 2781 ἀμιεγῶν
437 2703 554 2782 βίβλων
582 2703 729 2782 μυριάδες
757 2702 853 2766 ἐννέα
880 2721 950 2763 eam
977 2700 1129 2764 librorum
1156 2703 1280 2783 purtem
1308 2699 1407 2784 signi-

269 2813 420 2893 ficarent,
450 2831 530 2894 quae
552 2811 686 2874 exclusis
709 2811 793 2874 binis
816 2810 978 2893 ternisque
1000 2809 1094 2873 unius
1117 2810 1281 2892 scriptoris
1304 2831 1407 2873 errem-

270 2921 331 3004 plis
353 2919 599 3003 relinqueretur3
622 2941 716 3003 quam
738 2919 978 2984 distinctionem
1001 2918 1040 2982 ad
1064 2920 1246 3001 exterioris,
1270 2941 1350 3003 quae
1373 2920 1407 2982 irr

270 3029 431 3112 Serapidis
464 3030 583 3112 templo
611 3034 696 3113 eret,
731 3027 944 3094 bibliothecae
972 3029 1079 3111 copias
1112 3028 1309 3093 definiendas
1340 3049 1406 3092 non

270 3138 446 3203 adhibitam
479 3161 546 3202 esse
576 3140 637 3222 eit,
672 3143 841 3222 propterea
873 3138 956 3222 quod
987 3139 1021 3202 in
1055 3160 1093 3201 eu
1120 3139 1249 3224 singula
1280 3143 1407 3203 tantum

270 3248 420 3312 librorum
458 3251 601 3332 exempla
639 3271 676 3312 ex
714 3249 815 3312 altera
852 3248 1048 3312 bibliotheca
1086 3248 1193 3312 delata
1230 3249 1405 3312 extiterint,

271 3357 495 3441 Bemhardyus
524 3361 629 3422 auteur
657 3359 855 3442 singulorum
882 3358 1072 3441 scriptorum
1099 3358 1197 3422 libros
1224 3358 1263 3422 iir
1288 3358 1406 3441 opponi

269 3468 480 3532 voluminibus
515 3467 629 3550 voluit,
664 3468 776 3551 quibus
811 3469 988 3550 complures
1020 3468 1093 3531 libri
1126 3467 1192 3532 sive
1225 3467 1406 3552 argumenti

269 3577 475 3641 similitudine
490 3577 556 3640 sive
578 3578 758 3658 auctorum,
782 3577 821 3640 de
844 3577 956 3660 quibus
979 3577 1200 3660 dubitabatur,
1225 3577 1407 3640 nominibus

270 3687 353 3749 inter
376 3709 409 3750 se
433 3687 594 3750 coniuncti
618 3687 838 3768 comprehensi
861 3688 976 3748 essent.
1023 3685 1181 3769 Aquibus
1198 3707 1264 3750 non
1286 3687 1406 3750 dissen-

269 3988 418 4056 significari
441 3991 560 4056 poterat.
608 3986 653 4041 Sic
675 3987 749 4042 enim
771 3987 902 4043 dicebant
925 3989 959 4044 de
983 4007 1028 4054 eo,
1056 3989 1102 4056 qui
1125 4007 1197 4058 rem,
1220 3990 1263 4045 cui
1287 3993 1407 4058 praeest,

268 4079 354 4133 oculis
371 4079 524 4148 perlustrat
541 4082 570 4133 et
587 4079 729 4134 examinat
741 4079 820 4147 (Xon.
834 4098 928 4136 oecon.
942 4089 966 4149 8,
981 4085 1031 4150 lb),
1051 4082 1122 4136 unde
1140 4083 1294 4151 posteriore
1312 4083 1406 4135 aetate

269 4173 304 4224 nd
327 4173 423 4241 populi
446 4189 557 4226 censum
580 4172 724 4227 transferri
748 4174 872 4242 solitum,
896 4177 927 4228 ut
944 4175 1055 4230 Numer.
1076 4193 1136 4245 cap.
1160 4185 1168 4229 r
1190 4177 1224 4230 dc
1242 4175 1407 4228 ludaeorum

269 4281 352 4318 ecnsrr
370 4265 479 4333 saepius
498 4265 616 4333 ponitur
654 4265 829 4332 Quanquam,
854 4268 983 4334 quoniam
1004 4269 1112 4322 incerta
1129 4286 1173 4323 res
1192 4271 1247 4332 est,
1269 4265 1406 4322 noluimus

269 4357 295 4410 ci
313 4357 426 4410 nimium
444 4357 574 4412 tribucre.
