3218 5094
253 344 316 409 604
635 361 682 408 na
705 361 775 410 ono
798 361 843 407 nr
865 361 1006 409 emona.

253 514 410 579 Thomam
437 515 525 599 Mag.
553 536 585 596 p.
610 513 779 578 LXXVIII
807 537 853 598 sq.
883 513 1131 597 disputavimus,
1162 510 1396 576 consectarium

255 628 318 706 est,
348 624 437 688 illam
467 629 654 704 ευνοιγωγῆε
681 629 822 708 partem,
851 625 886 688 in
908 646 970 708 qua
992 624 1097 707 posita
1119 626 1169 686 cst
1195 621 1300 699 ἀγυιαί
1321 641 1394 702 vox,

254 734 389 798 Iludemi
411 735 621 818 grammatici.
642 756 719 798 esse.
765 735 932 819 Integrum
955 733 1089 798 Eudemi
1117 732 1254 796 lexicum
1276 729 1397 795 ibidem

255 848 288 908 et
308 866 340 927 p.
365 843 495 909 OXLVI
516 845 712 909 ostendimus
735 868 753 908 a
776 843 873 909 Suida
896 866 964 908 esse
987 845 1178 927 susceptum.
1217 841 1317 917 Quem
1339 840 1396 904 ubi

255 954 422 1037 evolveris,
453 955 543 1020 illam
565 954 604 1018 de
626 955 732 1031 ἀγυιαί
760 955 960 1019 notationem
980 953 1135 1037 reperies,
1165 951 1291 1036 qualem
1312 949 1396 1034 apud

254 1063 434 1129 Bekkerum
455 1064 606 1149 legimus,
631 1065 686 1129 sed
708 1068 785 1129 ante
808 1086 845 1128 ea
867 1065 938 1147 ipsa
960 1065 1057 1128 verba
1078 1064 1221 1144 finitam,
1251 1083 1331 1145 quae
1354 1060 1397 1124 ab

254 1175 373 1239 Orione
400 1178 527 1258 sumpta
555 1196 624 1240 esse
652 1175 720 1240 sola
748 1174 900 1258 diximus,
932 1195 1019 1239 nunc
1048 1172 1264 1257 intellegimus
1292 1169 1397 1235 Eude
1538 1167 1544 1176 '

253 1285 332 1348 meis
355 1285 479 1348 adnexa
507 1306 575 1348 esse
602 1285 643 1348 ab
671 1288 799 1349 auctore
829 1285 1062 1368 (υνογωγῆ(.*)
1107 1282 1287 1366 Specicsius
1311 1283 1397 1345 certe

255 1395 433 1477 exemplum
463 1394 586 1460 Sturzio
614 1395 733 1459 licebat
760 1416 798 1458 ex
825 1394 953 1458 scholiis
981 1392 1160 1458 Homericis
1188 1379 1331 1474 promere
1361 1391 1396 1454 in

254 1504 363 1568 Iliadis
388 1507 410 1568 Κ
433 1526 463 1568 v.
484 1505 562 1588 298,
584 1505 639 1569 ubi
662 1505 691 1569 ei
713 1505 890 1588 notationi,
914 1526 995 1588 quae
1017 1504 1057 1568 de
1079 1503 1270 1584 πρόφραεεα
1291 1501 1397 1564 forma

255 1615 353 1678 etiam
379 1614 414 1678 in
436 1613 543 1698 Etym.
567 1615 611 1678 M.
636 1638 667 1699 p.
691 1616 770 1697 691,
798 1616 839 1680 36
867 1615 965 1698 redit,
997 1613 1079 1697 apud
1110 1612 1262 1678 Orionem
1289 1613 1397 1675 autem

255 1724 386 1789 dimidia
408 1728 536 1788 tantum
557 1745 596 1788 ex
615 1728 707 1808 parte
727 1724 855 1810 legitur,
879 1724 1059 1806 subscripta
1074 1722 1154 1787 haec
1169 1725 1259 1787 sunt:
1282 1723 1397 1800 μέμνη·

254 1856 305 1899 ται
326 1837 376 1900 καὶ
399 1835 515 1914 Ὠρίων
542 1837 667 1901 τούτων
695 1837 730 1902 ἐν
760 1842 805 1919 τῷ
828 1837 901 1915 περὶ
929 1837 1154 1914 ἐτυμολογιῶν.
1198 1831 1399 1915 Quamquam

255 1944 315 2008 hoc
349 1945 475 2028 quidem
491 1925 634 2008 'facilem
668 1945 767 2009 habet
799 1945 1003 2028 explicatum.
1061 1942 1123 2008 Sed
1158 1942 1237 2006 illud
1271 1940 1397 2006 Sturzio

257 2053 431 2118 condonari
458 2054 585 2138 nequit,
620 2055 703 2140 quod
730 2053 910 2119 incredibili
939 2053 1152 2139 incogitantia
1181 2051 1399 2136 praetermisit

205 2175 236 2222 21
255 2163 362 2227 fontes
384 2163 525 2227 omnium
547 2165 718 2247 proximos.
763 2165 967 2230 Istiusmodi
989 2165 1091 2247 enim,
1120 2163 1229 2247 qualia
1258 2183 1397 2244 aucupa-

256 2274 367 2356 batur,
397 2275 542 2358 exempla
568 2275 641 2358 plus
668 2276 885 2359 quadraginta
906 2276 941 2339 iu
963 2274 1041 2358 ipsis
1064 2272 1296 2358 Etymologicis
1325 2293 1399 2336 cum

256 2383 377 2468 Magno
403 2387 472 2448 tum
500 2384 649 2449 Gudiano
677 2389 805 2450 exstant
811 2435 820 2468 ,
849 2407 930 2470 quae
952 2384 1039 2450 inira
1066 2383 1244 2468 posuimus:
1272 2380 1326 2445 Et.
1350 2381 1396 2444 M.

256 2495 287 2577 5,
311 2494 362 2557 42.
387 2494 418 2573 6,
440 2494 492 2559 46.
516 2495 568 2561 50.
594 2495 643 2578 12,
667 2497 697 2559 4.
724 2495 773 2579 15,
797 2495 850 2560 42.
876 2495 925 2574 18,
949 2495 978 2559 8.
1006 2495 1055 2577 19,
1078 2494 1099 2557 2
1122 2492 1237 2579 (praef.
1255 2491 1290 2554 in
1312 2489 1396 2555 Gud.

256 2627 289 2687 p.
305 2604 410 2690 XIII).
428 2605 479 2687 20,
495 2605 547 2670 53.
564 2607 616 2688 21,
632 2606 684 2671 53.
706 2605 758 2688 23,
776 2606 829 2670 35.
850 2605 903 2688 24,
919 2607 971 2668 41.
996 2605 1048 2686 25,
1064 2604 1116 2668 41.
1139 2603 1191 2668 52.
1213 2601 1265 2684 26,
1290 2601 1320 2666 8.
1342 2601 1396 2684 27,

255 2715 308 2779 47.
332 2716 384 2796 31,
407 2715 437 2778 3.
461 2715 513 2779 51.
535 2715 587 2796 34,
611 2716 640 2778 7.
657 2715 714 2798 37,
736 2714 788 2778 26.
812 2715 865 2797 44,
884 2717 933 2779 11.
949 2715 1001 2779 28.
1018 2715 1071 2797 45,
1090 2715 1140 2777 10.
1156 2713 1208 2796 47,
1225 2711 1276 2776 39.
1294 2711 1347 2794 57,
1363 2711 1395 2776 5.

256 2823 308 2888 45.
339 2824 389 2888 51.
419 2823 476 2905 69,
506 2823 557 2888 32.
583 2825 638 2906 70,
667 2824 717 2889 30.
748 2824 805 2906 84,
834 2825 886 2889 57.
917 2825 993 2907 166,
1018 2825 1048 2888 2.
1080 2823 1156 2899 190,
1179 2822 1231 2888 51.
1260 2821 1339 2904 205,
1365 2820 1396 2884 8.

256 2932 330 3015 463,
354 2934 384 2997 6.
412 2933 485 3015 540,
508 2935 550 2999 50
577 2934 665 3018 (cum
688 2933 769 2999 Gud.
793 2934 866 3016 349,
890 2933 935 3019 2).
965 2934 1039 3016 541,
1063 2933 1115 2998 23.
1139 2933 1212 3014 570,
1239 2931 1281 2995 42
1310 2931 1398 3016 (cum

258 3041 340 3106 Gud.
364 3042 443 3125 375,
471 3043 513 3107 32
540 3047 573 3107 et
598 3043 795 3108 Euclides
819 3067 850 3128 p.
878 3043 953 3126 191,
977 3045 1017 3109 31
1047 3046 1079 3107 et
1108 3041 1213 3108 Schol.
1237 3039 1332 3105 Hom.
1356 3040 1395 3104 Il.

219 3211 221 3214 ,
258 3154 282 3217 Β
303 3152 391 3238 242).
416 3153 488 3235 719,
514 3153 545 3218 8.
570 3153 642 3237 720,
667 3154 717 3219 18.
742 3154 813 3236 724,
836 3154 867 3217 4.
892 3153 1015 3237 746,6;
1038 3149 1395 3237 praetereundam,

257 3262 277 3326 6
300 3271 388 3346 (cum
407 3261 487 3327 Ere.
513 3264 584 3346 191,
608 3264 653 3351 8).
676 3263 750 3347 286,
773 3264 825 3348 46,
850 3268 883 3328 et
905 3264 973 3329 cod.
997 3262 1104 3328 Havn.
1129 3249 1249 3326 Aduot.
1273 3284 1304 3345 p.
1322 3259 1395 3324 956.

256 3373 329 3438 960.
379 3372 503 3439 Horum
531 3377 638 3439 autem
664 3374 748 3457 quod
775 3375 871 3459 longe
898 3375 1038 3439 maxima
1067 3395 1143 3457 pars
1170 3373 1205 3438 in
1230 3374 1255 3438 Α
1287 3371 1397 3434 littera

259 3481 473 3571 Etymologiei
495 3484 609 3568 Magni
632 3484 779 3549 consistit
806 3505 843 3548 ac
869 3485 970 3548 ferme
992 3483 1124 3548 dimidia
1151 3482 1191 3547 ad
1213 3481 1302 3546 XLII
1324 3480 1398 3544 illas

257 3594 394 3679 paginas
416 3595 535 3678 primas
557 3595 712 3678 pertinet:
735 3616 773 3658 ea
795 3616 829 3658 re
851 3595 1002 3659 eximium
1023 3594 1058 3658 in
1080 3593 1208 3658 modum
1231 3591 1398 3656 confirma·
1471 3623 1474 3632 ·

257 3707 326 3787 tur,
358 3705 441 3788 quod
469 3705 508 3769 de
534 3711 612 3770 serie
640 3711 825 3785 papr'narum
860 3709 956 3769 antea
989 3704 1201 3788 exposuimus.
1256 3702 1398 3766 Tantum

258 3817 365 3878 autem
393 3837 476 3880 unus
502 3815 634 3899 quisque
666 3815 834 3899 perspicit,
871 3815 910 3879 ad
943 3815 1204 3899 aequabilitatem
1236 3812 1398 3896 quandam

258 3924 483 4007 dispositorum
504 3925 602 4005 Ὦρος
626 3929 658 3989 et
679 3926 795 4007 Ὠρίων
817 3926 983 3991 nominum
1004 3925 1093 3989 illam
1116 3923 1230 3988 seriem
1251 3944 1317 3986 non
1339 3922 1398 3985 mi-

258 4057 319 4098 nus
341 4035 387 4099 ita
409 4035 566 4117 revocari,
596 4037 623 4100 si
651 4035 686 4100 in
708 4035 758 4098 his
781 4036 933 4119 exemplis
956 4036 1028 4118 Ori,
1058 4055 1153 4119 quam
1180 4034 1263 4098 siin
1285 4033 1398 4116 priori-

259 4145 332 4226 bus,
356 4167 437 4229 quae
459 4143 499 4208 ad
521 4145 676 4228 reliquam
698 4149 821 4228 partem
836 4144 1050 4230 Etymologici
1066 4145 1244 4229 pertinent,
1268 4140 1397 4206 Orionis

343 4373 368 4442 *)
386 4372 427 4427 De
444 4371 590 4428 Eudemo
607 4372 670 4429 ride
688 4372 843 4428 subiectum
859 4371 1078 4443 Epimetrum.
