3254 5092
261 351 322 414 174
664 367 710 411 ua
733 365 992 412 s'rrcuousram

259 517 314 601 85)
338 515 536 600 Subscriptio
551 517 585 579 in
601 515 809 599 Sophoclis
833 516 940 581 codice
955 517 1171 580 Laurentiano
1185 517 1400 580 vetustissimo

260 626 354 710 (plut.
378 625 504 690 XXXII
527 625 594 690 cod.
619 627 653 710 9)
676 626 760 710 apud
783 625 922 690 Bandin.
947 625 1050 692 Ostal.
1074 647 1181 711 graec.
1210 626 1243 690 ll
1265 650 1296 710 p.
1323 627 1399 691 132:

259 737 397 816 περιέχει
424 737 443 814 ἡ
479 737 585 817 βίβλοι
618 741 675 800 τοῦ
708 737 913 818 (οφοκλέουε
945 737 1088 816 δράματα
1118 732 1152 802 Z'.
1182 741 1315 816 πρῶτον
1343 739 1400 816 μὲν

259 845 337 911 Αἴαν
364 847 611 927 μαετιγοφόρον.
640 847 748 927 φύλλα
777 842 822 918 ις’.
851 847 974 927 (τίχουε
996 846 1086 933 ,αμδῖ
1116 846 1269 926 δεύτερον
1292 848 1399 910 Ἠλέκ-

258 975 337 1035 τραν
359 956 649 1036 ἐπιβουλευομένην
671 957 750 1021 κατὰ
771 961 826 1035 τῆς
852 957 976 1036 μητρός.
1007 957 1082 1037 φύλ.
1110 953 1156 1028 ις’.
1185 957 1310 1035 (τίχουε
1332 951 1399 1044 ου’.

258 1065 365 1145 τρίτον
388 1065 542 1131 Οἰδίπουν
563 1066 733 1145 τύραννον.
763 1068 837 1147 φύλ.
865 1063 911 1138 ις’.
940 1067 1013 1144 trix.
1036 1061 1098 1156 ps.
1125 1067 1279 1146 τέταρτον
1302 1067 1399 1132 Ἀντι-

257 1176 368 1254 γόνην.
390 1176 465 1256 φύλ.
488 1171 534 1239 ιδ’.
557 1175 630 1254 cxix.
657 1171 762 1262 ,αρμζῖ
790 1177 936 1254 πέμπτον
959 1175 1135 1254 Τραχινίαι.
1159 1176 1233 1255 φύλ.
1256 1173 1302 1241 ιδ’.
1326 1176 1401 1255 trix.

257 1279 338 1374 ,arrd
360 1286 453 1349 ἕκτον
475 1286 680 1376 Φιλοκτήτην.
703 1285 777 1365 φύλ.
807 1282 853 1358 ις’.
877 1287 950 1366 trix.
978 1282 1059 1374 ,cusi
1083 1286 1222 1365 ἕβδομον
1245 1285 1399 1352 Οἰδίπουν

257 1395 315 1459 τὸν
338 1395 389 1459 ἐπὶ
413 1395 562 1479 Κολωνῷ.
586 1395 660 1474 φύλ.
680 1394 713 1458 κ’.
736 1397 810 1474 (rix.
833 1391 920 1481 ,αχλῖ
957 1394 1163 1458 Memorabile
1185 1416 1251 1458 nou
1273 1417 1337 1458 una
1360 1395 1398 1459 de

259 1525 370 1568 caussa
391 1503 619 1568 testimonium.
657 1503 798 1566 Primum
821 1504 906 1568 enim
936 1504 1050 1568 falsum
1068 1525 1135 1568 esse
1162 1503 1253 1568 illinc
1282 1525 1398 1588 cogno·

260 1615 372 1698 scitur,
397 1613 480 1697 quod
502 1613 541 1677 de
556 1612 633 1677 bibl.
651 1612 743 1677 Alex.
760 1634 792 1695 p.
814 1614 875 1676 104
889 1613 1025 1676 diximus
1040 1614 1164 1677 nullum
1186 1616 1398 1694 ετιχομετρία(

257 1725 436 1809 exemplum
459 1728 584 1788 exstare
606 1723 762 1787 scaenicis
789 1723 893 1807 poetis
916 1723 1089 1787 adhibitae.
1135 1722 1259 1787 Deinde
1285 1727 1397 1788 tenen-

257 1835 347 1918 dum,
375 1833 524 1898 foliorum
552 1833 677 1918 quidem
699 1834 913 1916 notationem,
942 1837 978 1896 ut
1004 1853 1085 1916 quae
1108 1833 1141 1896 in
1165 1831 1317 1897 Bandinii
1345 1833 1396 1898 de-

230 1937 463 2025 scriptionem
494 1943 594 2026 ipsius
621 1943 830 2007 Laurentiani
862 1943 936 2007 libri
969 1943 1047 2006 satis
1080 1942 1214 2026 quadret
1242 1944 1321 2027 (non
1349 1947 1398 2006 est

257 2053 343 2116 enim
371 2074 427 2116 cur
453 2053 588 2136 singulis
616 2051 733 2116 sabulis
759 2053 888 2137 singula
920 2053 988 2118 fere
1016 2052 1094 2116 folia
1121 2052 1311 2136 interposita
1339 2075 1396 2117 nos

257 2162 448 2246 morentur),
474 2161 515 2225 ab
529 2162 655 2226 novicio
676 2162 808 2226 librario
828 2163 1005 2245 profectam
1021 2183 1104 2246 osse,
1128 2183 1275 2226 versuum
1290 2165 1396 2226 autem

256 2293 403 2336 numeros
436 2293 474 2335 ex
506 2274 632 2337 vetusta
665 2273 818 2338 memoria
853 2277 1058 2357 propagatos.
1113 2271 1198 2336 Nam
1231 2273 1290 2336 etsi
1326 2273 1394 2356 hos,

256 2383 365 2466 quales
392 2381 426 2446 in
459 2381 514 2446 illo
548 2381 655 2447 codice
688 2385 811 2465 essent,
846 2382 1001 2447 adnotare
1029 2381 1207 2446 Bandinius
1240 2381 1394 2466 neglexit,

255 2493 364 2556 tamen
387 2491 602 2556 coniecturam
624 2493 663 2556 de
686 2515 723 2557 ea
739 2515 772 2556 re
795 2492 871 2557 licet
885 2513 924 2556 ex
951 2492 1179 2577 antiquissimis
1202 2492 1394 2557 editionibus

256 2623 385 2685 capere,
409 2624 487 2686 quas
509 2601 661 2665 habemus
684 2625 701 2666 e
724 2602 851 2685 scriptis
873 2603 963 2666 libris
979 2623 1154 2686 expressos.
1191 2601 1270 2665 Inde
1289 2606 1396 2666 autem

255 2711 281 2776 si
304 2712 548 2795 proficiscimur,
572 2711 636 2775 dici
657 2712 769 2795 nequit
790 2715 947 2795 quantum
969 2713 1011 2776 ab
1031 2713 1094 2775 ista
1116 2732 1318 2776 numerorum
1340 2733 1395 2775 no·

255 2821 377 2886 tatione
405 2842 552 2886 versuum
586 2821 750 2903 discriptio
778 2822 848 2906 ipsa
881 2822 987 2886 distet.
1039 2821 1155 2896 Quodsi
1188 2821 1277 2885 illam
1309 2822 1396 2885 velut

256 2952 327 2994 cum
349 2929 555 2994 Bnmckiuno
582 2931 633 2994 vel
655 2929 881 2996 Gaisfordiano
904 2933 1047 3015 exemplo
1071 2930 1262 2995 conferimus
1278 2931 1312 3014 (a
1334 2951 1395 3013 quo

254 3061 320 3104 non
348 3040 483 3104 multum
511 3040 708 3124 antiquiora,
738 3045 775 3104 ut
802 3041 1078 3122 Brubachianum,
1107 3039 1295 3124 dissident),
1329 3061 1395 3104 non

253 3149 347 3212 modo
369 3150 584 3233 discrepantia
600 3155 735 3234 apparet
755 3173 893 3234 summa,
918 3151 1086 3216 sedetiam
1107 3150 1270 3235 proportio
1292 3150 1395 3214 omnis

254 3259 390 3322 sublata.
429 3259 500 3323 Hoc
521 3259 608 3325 enim
629 3261 776 3345 singulae
798 3260 927 3324 fabulae
949 3261 1077 3343 ordine,
1102 3260 1257 3324 ambitum
1277 3260 1304 3323 si
1326 3281 1394 3342 spc-

255 3372 339 3454 ctas,
363 3369 448 3454 apud
471 3369 687 3434 Gaisfordium
709 3391 777 3436 sese
798 3371 976 3454 excipiunt:
1007 3369 1147 3453 Oedipus
1163 3369 1230 3434 Ool.
1247 3390 1394 3434 versuum

256 3479 347 3562 1779,
372 3478 512 3563 Oedipus
527 3479 597 3544 Rex
614 3480 712 3564 1531,
736 3479 865 3546 Electra
884 3481 980 3564 1510,
999 3479 1179 3544 Philocteta
1196 3479 1292 3562 1471,
1310 3477 1394 3542 Aiax

255 3589 347 3671 1420,
371 3587 540 3674 Antigona
563 3591 658 3672 1353,
683 3589 988 3672 Trachiniae12803
1011 3589 1071 3653 hoc
1094 3591 1199 3652 autem
1221 3587 1394 3652 seeundum

253 3698 462 3764 Laurentiani
478 3700 758 3784 subscriptionem:
781 3700 860 3765 Oed.
878 3701 945 3765 Col.
960 3700 1051 3781 1630,
1068 3697 1151 3763 Phil.
1168 3697 1259 3781 1405,
1276 3697 1391 3762 Traoh.

208 3821 235 3870 lv
255 3808 346 3892 1220,
370 3811 449 3874 Ant.
469 3810 560 3892 1147,
585 3809 663 3874 οοι1.
687 3809 727 3874 R.
747 3811 838 3892 1060,
862 3810 915 3873 At.
942 3809 1037 3890 1044,
1068 3808 1119 3872 Ill.
1145 3807 1237 3874 1040.
1282 3807 1393 3872 Talem

253 3921 360 3982 autem
386 3919 635 4003 discrepantiam
662 3923 797 4003 apparet
817 3940 884 3983 uon
910 3940 1002 4002 posse
1025 3917 1204 3983 ullomodo
1226 3939 1243 3980 a
1268 3915 1392 3980 diversa

252 4029 435 4093 melicorum
461 4029 668 4112 discriptione
690 4029 758 4094 sola
786 4027 904 4113 repeti:
927 4028 1054 4113 quando
1072 4027 1198 4111 quidem
1219 4027 1270 4091 vel
1291 4023 1392 4088 diver-

252 4137 377 4201 bio'rum
403 4140 437 4202 in
465 4139 653 4222 quibusdam
681 4138 798 4202 fabulis
831 4139 955 4202 numeri
988 4141 1142 4221 superant
1174 4135 1392 4199 universarum

252 4247 407 4311 ambitum
429 4248 463 4312 in
478 4247 694 4314 Laurentiano
716 4251 872 4312 notatum.
902 4248 1000 4312 Velut
1015 4248 1049 4310 in
1064 4246 1164 4312 Aiace
1179 4243 1393 4310 diverbiorum

252 4377 361 4424 versus
388 4357 486 4422 habes
515 4359 608 4444 1078,
636 4359 671 4422 in
692 4356 822 4422 Electra
850 4359 941 4443 1225,
972 4357 1054 4422 1218
1082 4357 1116 4420 iu
1140 4353 1262 4440 Oedipo
1289 4354 1390 4442 Rege.
