3254 5092
543 329 588 374 or.
612 329 704 375 urar..
728 329 831 376 max.
854 329 899 375 nr
922 327 1138 377 ersrsraaro.
1351 312 1408 376 147

269 501 411 562 eramus,
433 484 470 543 ut
485 480 600 543 simul
617 457 910 544 coriiuuotissimum
927 503 997 544 cum
1012 480 1097 544 illius
1112 481 1229 544 tabulis
1245 480 1410 544 litterariis

269 589 483 674 haberetur*).
546 589 728 653 Probarunt
769 591 870 654 hano
910 590 1209 674 interpretationem
1245 595 1282 654 ut
1318 591 1411 654 unice

268 721 378 762 veram
408 721 479 763 oum
501 697 728 784 Bernhardyus
757 703 825 763 tum
848 700 1017 764 Richterus
1040 700 1079 762 de
1107 704 1190 784 trag.
1221 700 1354 784 interpr.
1378 723 1409 783 p.

268 809 322 872 60.
366 809 410 872 Et
431 809 485 873 ille
507 809 633 893 quidem
657 809 819 873 commode
840 809 903 874 huc
925 809 1072 873 adhibuit
1093 809 1219 873 doctam
1242 809 1411 874 Schneide-

269 918 349 982 wini
371 919 471 982 nostri
494 919 528 983 in
551 919 691 982 Exercit.
710 919 779 984 crit.
799 941 868 1002 cap.
892 919 939 984 lv
959 943 990 1003 p.
1006 919 1049 982 20
1063 918 1326 1002 disputationem,
1350 941 1411 1003 qua

269 1028 502 1093 Callimachum
530 1027 701 1093 Simonidis
728 1029 879 1112 Epinicia
907 1029 1062 1113 quaedam
1090 1030 1300 1110 ἐπιγράψαί
1324 1031 1411 1095 ἘΠΙ-

271 1139 374 1202 ΝΙΚΟΙ
403 1139 578 1204 ΔΡΟΜΕ(Ι
614 1139 728 1202 effecit.
780 1139 902 1203 Eodem
935 1161 1052 1224 graeca
1080 1140 1177 1202 verba
1209 1140 1412 1224 grannnatici

270 1247 410 1311 Parisiui
433 1249 542 1312 valent
564 1249 707 1332 quamvis
729 1250 807 1312 mire
830 1249 932 1312 diota:
956 1249 1003 1314 ὼν
1022 1252 1098 1314 τοὺε
1120 1252 1255 1316 πίνακα(
1277 1250 1412 1328 ἐπεγρά·

270 1377 366 1436 ψατο.
400 1357 462 1420 Pro
484 1359 597 1442 quibus
622 1379 692 1422 cum
715 1360 878 1441 exspectes
902 1359 949 1425 ὧν
971 1361 1048 1424 robe
1071 1360 1205 1426 πίνακα(
1227 1359 1412 1440 ἀνέγραψεν

271 1467 337 1548 (vel
365 1467 461 1530 etiam
483 1469 717 1552 ἀνεγράψατο),
745 1472 854 1532 tamen
882 1469 935 1534 ἐπί
961 1469 1154 1552 praepositio
1182 1469 1271 1531 tenui
1297 1469 1413 1533 veteris

271 1577 443 1640 memoriae
470 1577 606 1662 vestigio
633 1599 670 1640 eo
696 1598 753 1640 nos
776 1577 889 1641 (lucere
911 1577 1051 1661 videtin,
1080 1583 1116 1641 ut
1145 1597 1211 1640 non
1238 1577 1308 1641 sine
1335 1579 1413 1641 mul-

269 1686 375 1768 tiplici
391 1687 429 1750 de
452 1686 604 1750 libromm
626 1709 820 1770 quorumque
834 1687 1096 1769 inscriptionibus
1118 1687 1303 1770 quaestione
1319 1686 1413 1750 (lalli-

270 1795 420 1858 machum
444 1796 669 1881 intellegamus
693 1797 733 1859 ad
755 1797 833 1860 illud
856 1797 1056 1878 ἀναγράφειν
1078 1798 1155 1862 τοὺ(
1177 1797 1311 1862 πίνακα(
1326 1817 1413 1860 acce-

270 1906 347 1968 dere
370 1906 518 1988 potuisse.
563 1905 648 1970 Nam
670 1906 709 1970 de
732 1929 769 1969 eo
791 1927 919 1989 prorsus
941 1905 1050 1990 opinio
1072 1905 1259 1970 Richtemm
1285 1905 1412 1989 fefellit,

270 2015 356 2099 quod
383 2021 497 2080 indices
524 2016 660 2101 singulis
688 2017 779 2079 libris
806 2016 986 2080 necessario
1014 2016 1153 2080 adiectos
1181 2015 1246 2079 iam
1274 2017 1315 2080 ab
1337 2015 1414 2098 ipsis

271 2145 381 2187 eorum
405 2125 613 2208 scriptoribus
637 2125 697 2190 ait:
721 2147 782 2209 quo
805 2127 936 2189 meliora
958 2126 1008 2189 vel
1031 2123 1257 2208 Bernhardyus
1279 2125 1412 2208 Encyol.

271 2234 384 2317 philol.
401 2257 433 2318 p.
449 2235 510 2299 132
525 2235 637 2299 dooere
654 2239 810 2318 potuerat.
843 2235 904 2300 sed
920 2235 1030 2298 titulos
1046 2236 1182 2318 singulis
1200 2235 1412 2298 voluminibus
1431 2255 1464 2302 aa

272 2345 396 2408 calamo
424 2344 668 2428 inscribentem,
696 2348 821 2428 qualem
844 2345 1011 2408 Plautinus
1034 2345 1207 2408 scholiasta
1228 2345 1338 2427 finxit,
1368 2345 1414 2408 sic

271 2453 378 2538 potius
401 2455 583 2539 significare
605 2476 739 2539 maccus
761 2455 897 2536 scriptor
919 2455 1087 2518 debuerat:
1110 2455 1159 2520 οἱ(
1180 2456 1257 2518 rode
1278 2457 1414 2519 πὶνακαε

271 2566 472 2644 ἐπέγραψεντ
507 2565 534 2628 si
561 2565 654 2628 modo
686 2585 744 2647 pro
772 2570 866 2628 titulis
893 2585 1033 2648 unquam
1061 2564 1190 2632 nivosae
1222 2562 1300 2626 dieti
1329 2567 1413 2627 sunt.

273 2671 443 2757 Vtcuaque
465 2674 525 2737 hoc
549 2676 612 2754 est,
637 2673 861 2758 neglegentius
876 2654 1043 2757 utrumque
1065 2672 1309 2758 grammaticum
1331 2673 1416 2736 locu-

272 2787 342 2845 tum
365 2788 509 2866 apparet.

306 2907 308 2912 '
359 2891 473 2956 Restat
492 2897 528 2957 ut
550 2893 588 2956 de
604 2893 801 2958 Callimacho
816 2899 917 2958 aulico
932 2899 1017 2972 rapio
1039 2899 1265 2958 bibliothecario
1280 2893 1414 2956 dicatur.

273 3003 374 3076 Quem
401 3003 529 3066 tametsi
552 3025 586 3066 re
610 3025 685 3066 vera
708 3002 883 3086 praefuisse
905 3002 1118 3066 bibliothecae
1132 3003 1210 3088 ,ipsa
1236 3002 1282 3066 rei
1304 3003 1416 3086 proba-

273 3111 401 3174 bilitate
422 3117 528 3176 motus
555 3111 780 3196 Bernhardyus
803 3112 888 3176 Hist.
920 3112 981 3175 litt.
1012 3112 1068 3176 Gr.
1093 3111 1107 3176 Ι
1135 3134 1167 3196 p.
1190 3113 1252 3177 367
1281 3112 1414 3195 dixerat,

272 3220 356 3284 miro
388 3223 497 3285 tamen
530 3221 614 3285 idem
647 3221 763 3285 iudicio
797 3243 870 3285 usus
901 3219 1060 3286 Censurae
1094 3243 1124 3304 p.
1154 3221 1216 3286 828
1249 3222 1417 3305 quicquam

273 3330 476 3395 auctoritatis
509 3331 643 3416 negavit
674 3331 728 3394 isti
756 3330 900 3413 opinioni
928 3352 944 3394 c
973 3335 1059 3395 certo
1092 3331 1250 3414 planoque
1277 3330 1417 3396 eimdem

273 3439 321 3503 rei
343 3441 528 3504 testimonio
550 3440 711 3504 accedere.
743 3440 883 3504 Omnino
900 3443 1006 3504 autem
1028 3461 1141 3523 parum
1156 3444 1205 3504 est
1226 3442 1292 3505 veri
1314 3441 1417 3504 simile

274 3551 317 3613 ab
344 3550 413 3632 ipso
441 3549 567 3614 demum
595 3550 767 3614 scholiasta
795 3549 944 3613 Plautino
971 3549 1028 3614 illa
1055 3552 1152 3614 verba
1185 3551 1309 3614 adiecta
1338 3571 1416 3632 esse,

274 3681 357 3744 quae
385 3681 463 3723 saue
492 3681 511 3722 a
539 3659 664 3744 graecis
692 3659 819 3728 absunt.
865 3659 975 3743 Longe
1001 3660 1086 3723 enim
1113 3660 1206 3723 aliter
1234 3663 1418 3742 comparata

274 3773 366 3851 sunt,
396 3765 476 3853 qu'ae
505 3769 552 3832 illi
581 3767 752 3833 tribuenda
780 3769 948 3852 suspicere.
981 3767 1077 3833 Velut
1105 3791 1176 3832 cum
1202 3769 1418 3833 Ptolemaeum

272 3885 461 3960 philosophis
482 3877 775 3961 differtissimamff)
798 3885 955 3943 elucteris
977 3885 1111 3944 omnibus
1134 3884 1310 3944 auctoribus
1326 3885 1419 3944 claris

346 4149 371 4214 ⁵³)
390 4147 439 4216 [De
453 4147 615 4202 Callimachi
627 4147 699 4202 curis
717 4147 957 4216 pinaoographicis
971 4148 1039 4201 satis
1052 4149 1162 4202 constat
1174 4147 1296 4202 omnium
1309 4163 1419 4200 acorna·

277 4237 384 4292 tissima
402 4239 644 4294 Wachsmuthium
662 4257 750 4309 nuper
768 4241 859 4308 egisse
877 4239 1015 4308 Philologi
1032 4243 1053 4294 t.
1072 4241 1135 4296 XVI
1153 4259 1179 4309 p.
1199 4247 1249 4294 aba
1267 4241 1339 4309 sqq]

347 4332 387 4400 **)
400 4337 585 4400 dissertissimus
603 4333 687 4386 otiam
704 4349 776 4384 nunc
788 4334 905 4386 tuemur.
931 4331 1020 4397 Quam
1032 4335 1105 4388 inter
1118 4351 1146 4388 se
1160 4334 1263 4387 airniles
1276 4334 1304 4386 in
1317 4334 1420 4388 saeculi

1155 4421 1217 4484 10⁴*
