<?xml version="1.0" encoding="UTF-8"?>
<!DOCTYPE html PUBLIC "-//W3C//DTD XHTML 1.0 Transitional//EN"
    "http://www.w3.org/TR/xhtml1/DTD/xhtml1-transitional.dtd">
<html xmlns="http://www.w3.org/1999/xhtml" xml:lang="en" lang="en">
 <head>
  <title>
</title>
<meta http-equiv="Content-Type" content="text/html;charset=utf-8" />
  <meta name='ocr-system' content='tesseract 3.04.00' />
  <meta name='ocr-capabilities' content='ocr_page ocr_carea ocr_par ocr_line ocrx_word'/>
</head>
<body>
  <div class='ocr_page' id='page_1' title='image "./fridericiritsch11wachgoog_0152.png"; bbox 0 0 3226 5096; ppageno 0'>
   <div class='ocr_carea' id='block_1_1' title="bbox 516 365 1382 430">
    <p class='ocr_par' dir='ltr' id='par_1_1' title="bbox 516 365 1382 430">
     <span class='ocr_line' id='line_1_1' title="bbox 516 365 1382 430; baseline 0.014 -13"><span class='ocrx_word' id='word_1_1' title='bbox 516 372 563 420; x_wconf 79' lang='lat' dir='ltr'>or.</span> <span class='ocrx_word' id='word_1_2' title='bbox 585 374 677 422; x_wconf 80' lang='lat' dir='ltr'>aran.</span> <span class='ocrx_word' id='word_1_3' title='bbox 702 375 805 426; x_wconf 76' lang='lat' dir='ltr'>snex.</span> <span class='ocrx_word' id='word_1_4' title='bbox 831 377 874 424; x_wconf 85' lang='lat' dir='ltr'>nr</span> <span class='ocrx_word' id='word_1_5' title='bbox 895 377 1112 428; x_wconf 78' lang='lat' dir='ltr'>ersrsrssro.</span> <span class='ocrx_word' id='word_1_6' title='bbox 1323 365 1382 430; x_wconf 88' lang='grc'>131</span> 
     </span>
    </p>
   </div>
   <div class='ocr_carea' id='block_1_2' title="bbox 240 521 1386 1379">
    <p class='ocr_par' dir='ltr' id='par_1_2' title="bbox 240 521 1386 1379">
     <span class='ocr_line' id='line_1_2' title="bbox 245 521 1383 614; baseline 0.009 -28"><span class='ocrx_word' id='word_1_7' title='bbox 245 521 376 604; x_wconf 76' lang='lat' dir='ltr'>Gyraldi</span> <span class='ocrx_word' id='word_1_8' title='bbox 403 525 500 588; x_wconf 83' lang='lat' dir='ltr'>verba</span> <span class='ocrx_word' id='word_1_9' title='bbox 528 525 649 591; x_wconf 83' lang='lat' dir='ltr'>Histcr.</span> <span class='ocrx_word' id='word_1_10' title='bbox 679 532 800 611; x_wconf 88' lang='lat' dir='ltr'>poetar.</span> <span class='ocrx_word' id='word_1_11' title='bbox 829 529 878 594; x_wconf 88' lang='lat' dir='ltr'>III</span> <span class='ocrx_word' id='word_1_12' title='bbox 904 553 936 614; x_wconf 92' lang='lat' dir='ltr'>p.</span> <span class='ocrx_word' id='word_1_13' title='bbox 961 533 1023 596; x_wconf 79' lang='lat'>348</span> <span class='ocrx_word' id='word_1_14' title='bbox 1052 533 1100 596; x_wconf 88' lang='lat' dir='ltr'>ed.</span> <span class='ocrx_word' id='word_1_15' title='bbox 1125 532 1199 596; x_wconf 81' lang='lat' dir='ltr'>Bac.</span> <span class='ocrx_word' id='word_1_16' title='bbox 1230 556 1258 596; x_wconf 90' lang='lat' dir='ltr'>a.</span> <span class='ocrx_word' id='word_1_17' title='bbox 1286 534 1383 598; x_wconf 70' lang='lat'>1545:</span> 
     </span>
     <span class='ocr_line' id='line_1_3' title="bbox 244 638 1386 724; baseline 0.013 -29"><span class='ocrx_word' id='word_1_18' title='bbox 244 638 314 697; x_wconf 80' lang='lat' dir='ltr'>Fm&#39;t</span> <span class='ocrx_word' id='word_1_19' title='bbox 348 655 420 698; x_wconf 86' lang='lat' dir='ltr'>oero</span> <span class='ocrx_word' id='word_1_20' title='bbox 451 641 590 701; x_wconf 82' lang='lat' dir='ltr'>Isaorr&#39;ns</span> <span class='ocrx_word' id='word_1_21' title='bbox 622 643 750 703; x_wconf 78' lang='lat' dir='ltr'>Ioannis</span> <span class='ocrx_word' id='word_1_22' title='bbox 786 645 888 704; x_wconf 83' lang='lat' dir='ltr'>Zezae</span> <span class='ocrx_word' id='word_1_23' title='bbox 921 641 1117 720; x_wconf 67' lang='lat' dir='ltr'>promtuaria·</span> <span class='ocrx_word' id='word_1_24' title='bbox 1145 647 1268 722; x_wconf 74' lang='lat' dir='ltr'>frater:</span> <span class='ocrx_word' id='word_1_25' title='bbox 1303 652 1386 724; x_wconf 78' lang='lat' dir='ltr'>qood</span> 
     </span>
     <span class='ocr_line' id='line_1_4' title="bbox 242 750 1383 835; baseline 0.011 -28"><span class='ocrx_word' id='word_1_26' title='bbox 242 750 361 822; x_wconf 76' lang='lat' dir='ltr'>quidem</span> <span class='ocrx_word' id='word_1_27' title='bbox 384 751 480 810; x_wconf 80' lang='lat' dir='ltr'>Zeees</span> <span class='ocrx_word' id='word_1_28' title='bbox 501 769 607 812; x_wconf 82' lang='lat' dir='ltr'>nomen</span> <span class='ocrx_word' id='word_1_29' title='bbox 630 754 767 814; x_wconf 82' lang='lat' dir='ltr'>borbore</span> <span class='ocrx_word' id='word_1_30' title='bbox 788 757 921 830; x_wconf 81' lang='lat' dir='ltr'>quodam</span> <span class='ocrx_word' id='word_1_31' title='bbox 944 760 1176 832; x_wconf 68' lang='lat' dir='ltr'>consuetudine,</span> <span class='ocrx_word' id='word_1_32' title='bbox 1206 763 1383 835; x_wconf 71' lang='lat' dir='ltr'>praeposito</span> 
     </span>
     <span class='ocr_line' id='line_1_5' title="bbox 245 857 1383 944; baseline 0.01 -27"><span class='ocrx_word' id='word_1_33' title='bbox 245 857 363 919; x_wconf 81' lang='lat' dir='ltr'>Tame</span> <span class='ocrx_word' id='word_1_34' title='bbox 383 880 421 938; x_wconf 83' lang='lat' dir='ltr'>z,</span> <span class='ocrx_word' id='word_1_35' title='bbox 452 864 529 922; x_wconf 83' lang='lat' dir='ltr'>dore</span> <span class='ocrx_word' id='word_1_36' title='bbox 550 865 713 924; x_wconf 78' lang='lat' dir='ltr'><strong><em>admodum</em></strong></span> <span class='ocrx_word' id='word_1_37' title='bbox 739 865 916 926; x_wconf 77' lang='lat' dir='ltr'>Yzetzr&#39;as</span> <span class='ocrx_word' id='word_1_38' title='bbox 944 874 974 926; x_wconf 79' lang='lat' dir='ltr'>et</span> <span class='ocrx_word' id='word_1_39' title='bbox 997 867 1122 928; x_wconf 75' lang='lat' dir='ltr'>Tzerzes</span> <span class='ocrx_word' id='word_1_40' title='bbox 1139 868 1319 944; x_wconf 82' lang='lat' dir='ltr'>profertor,</span> <span class='ocrx_word' id='word_1_41' title='bbox 1352 879 1383 930; x_wconf 82' lang='lat' dir='ltr'>ro</span> 
     </span>
     <span class='ocr_line' id='line_1_6' title="bbox 242 971 1383 1058; baseline 0.009 -30"><span class='ocrx_word' id='word_1_42' title='bbox 242 971 273 1028; x_wconf 83' lang='lat' dir='ltr'>r&#39;a</span> <span class='ocrx_word' id='word_1_43' title='bbox 293 973 416 1043; x_wconf 67' lang='lat' dir='ltr'>praecis</span> <span class='ocrx_word' id='word_1_44' title='bbox 437 976 662 1034; x_wconf 79' lang='lat' dir='ltr'>commentariis</span> <span class='ocrx_word' id='word_1_45' title='bbox 676 991 743 1034; x_wconf 87' lang='lat' dir='ltr'>mss.</span> <span class='ocrx_word' id='word_1_46' title='bbox 766 992 981 1051; x_wconf 79' lang='lat' dir='ltr'>nonnunquam</span> <span class='ocrx_word' id='word_1_47' title='bbox 996 983 1040 1037; x_wconf 77' lang='lat' dir='ltr'>es!</span> <span class='ocrx_word' id='word_1_48' title='bbox 1060 980 1172 1052; x_wconf 70' lang='lat' dir='ltr'>tepere.</span> <span class='ocrx_word' id='word_1_49' title='bbox 1210 975 1254 1040; x_wconf 76' lang='lat' dir='ltr'>at</span> <span class='ocrx_word' id='word_1_50' title='bbox 1274 975 1383 1058; x_wconf 85' lang='lat' dir='ltr'>paullo</span> 
     </span>
     <span class='ocr_line' id='line_1_7' title="bbox 242 1079 1383 1158; baseline 0.01 -20"><span class='ocrx_word' id='word_1_51' title='bbox 242 1079 328 1158; x_wconf 91' lang='lat' dir='ltr'>post:</span> <span class='ocrx_word' id='word_1_52' title='bbox 357 1097 427 1142; x_wconf 85' lang='lat' dir='ltr'>nom</span> <span class='ocrx_word' id='word_1_53' title='bbox 455 1090 485 1142; x_wconf 81' lang='lat' dir='ltr'>et</span> <span class='ocrx_word' id='word_1_54' title='bbox 512 1084 645 1144; x_wconf 80' lang='lat' dir='ltr'>Ioannes</span> <span class='ocrx_word' id='word_1_55' title='bbox 671 1087 702 1144; x_wconf 77' lang='lat' dir='ltr'>in</span> <span class='ocrx_word' id='word_1_56' title='bbox 729 1085 891 1146; x_wconf 84' lang='lat' dir='ltr'><em>Homerum</em></span> <span class='ocrx_word' id='word_1_57' title='bbox 919 1095 948 1146; x_wconf 79' lang='lat' dir='ltr'>et</span> <span class='ocrx_word' id='word_1_58' title='bbox 974 1088 1135 1148; x_wconf 76' lang='lat' dir='ltr'>Hesiodum</span> <span class='ocrx_word' id='word_1_59' title='bbox 1164 1092 1383 1149; x_wconf 78' lang='lat' dir='ltr'>commemoria</span> 
     </span>
     <span class='ocr_line' id='line_1_8' title="bbox 240 1193 1383 1272; baseline 0.009 -22"><span class='ocrx_word' id='word_1_60' title='bbox 240 1193 391 1256; x_wconf 75' lang='lat' dir='ltr'>condidit.</span> <span class='ocrx_word' id='word_1_61' title='bbox 425 1209 511 1268; x_wconf 82' lang='lat' dir='ltr'>qoem</span> <span class='ocrx_word' id='word_1_62' title='bbox 541 1201 638 1254; x_wconf 80' lang='lat' dir='ltr'>tamen</span> <span class='ocrx_word' id='word_1_63' title='bbox 668 1211 688 1252; x_wconf 85' lang='lat' dir='ltr'>n</span> <span class='ocrx_word' id='word_1_64' title='bbox 716 1198 826 1256; x_wconf 80' lang='lat' dir='ltr'>nostris</span> <span class='ocrx_word' id='word_1_65' title='bbox 854 1198 1033 1270; x_wconf 78' lang='lat' dir='ltr'>qrrr&#39;busdam</span> <span class='ocrx_word' id='word_1_66' title='bbox 1058 1202 1268 1272; x_wconf 73' lang='lat' dir='ltr'>orammotr‘er&#39;s</span> <span class='ocrx_word' id='word_1_67' title='bbox 1297 1201 1383 1260; x_wconf 73' lang='lat' dir='ltr'>rimo</span> 
     </span>
     <span class='ocr_line' id='line_1_9' title="bbox 244 1302 808 1379; baseline 0.012 -19"><span class='ocrx_word' id='word_1_68' title='bbox 244 1302 357 1360; x_wconf 87' lang='lat' dir='ltr'>Coerr&#39;</span> <span class='ocrx_word' id='word_1_69' title='bbox 376 1306 496 1363; x_wconf 81' lang='lat' dir='ltr'>nomme</span> <span class='ocrx_word' id='word_1_70' title='bbox 513 1315 573 1379; x_wconf 85' lang='lat' dir='ltr'>pro</span> <span class='ocrx_word' id='word_1_71' title='bbox 596 1305 685 1365; x_wconf 85' lang='lat' dir='ltr'>Zezr&#39;s</span> <span class='ocrx_word' id='word_1_72' title='bbox 706 1309 808 1367; x_wconf 73' lang='lat' dir='ltr'>citari.</span> 
     </span>
    </p>
   </div>
   <div class='ocr_carea' id='block_1_3' title="bbox 529 1541 1093 1758">
    <p class='ocr_par' dir='ltr' id='par_1_3' title="bbox 529 1541 1093 1758">
     <span class='ocr_line' id='line_1_10' title="bbox 774 1541 848 1619; baseline 0 -15"><span class='ocrx_word' id='word_1_73' title='bbox 774 1543 794 1619; x_wconf 72' lang='lat'>§</span> <span class='ocrx_word' id='word_1_74' title='bbox 816 1541 848 1604; x_wconf 80' lang='lat'>4.</span> 
     </span>
     <span class='ocr_line' id='line_1_11' title="bbox 529 1672 1093 1758; baseline 0.009 -22"><span class='ocrx_word' id='word_1_75' title='bbox 529 1673 583 1736; x_wconf 85' lang='lat' dir='ltr'>De</span> <span class='ocrx_word' id='word_1_76' title='bbox 611 1672 828 1738; x_wconf 82' lang='lat' dir='ltr'>Heliodoro</span> <span class='ocrx_word' id='word_1_77' title='bbox 858 1674 1093 1758; x_wconf 89' lang='lat' dir='ltr'>Byzantino.</span> 
     </span>
    </p>
   </div>
   <div class='ocr_carea' id='block_1_4' title="bbox 240 1823 1431 2578">
    <p class='ocr_par' dir='ltr' id='par_1_4' title="bbox 240 1823 1431 2578">
     <span class='ocr_line' id='line_1_12' title="bbox 326 1823 1381 1916; baseline 0.007 -28"><span class='ocrx_word' id='word_1_78' title='bbox 326 1823 512 1890; x_wconf 84' lang='lat' dir='ltr'>Graviorem</span> <span class='ocrx_word' id='word_1_79' title='bbox 545 1826 642 1890; x_wconf 84' lang='lat' dir='ltr'>etiam</span> <span class='ocrx_word' id='word_1_80' title='bbox 672 1833 854 1893; x_wconf 79' lang='lat' dir='ltr'>Heliodorus</span> <span class='ocrx_word' id='word_1_81' title='bbox 883 1830 1005 1893; x_wconf 88' lang='lat' dir='ltr'>nomini</span> <span class='ocrx_word' id='word_1_82' title='bbox 1039 1830 1128 1894; x_wconf 86' lang='lat' dir='ltr'>litem</span> <span class='ocrx_word' id='word_1_83' title='bbox 1156 1830 1381 1916; x_wconf 77' lang='lat' dir='ltr'>Bernhardyus</span> 
     </span>
     <span class='ocr_line' id='line_1_13' title="bbox 240 1935 1381 2027; baseline 0.008 -29"><span class='ocrx_word' id='word_1_84' title='bbox 240 1935 380 2000; x_wconf 86' lang='lat' dir='ltr'>intendit</span> <span class='ocrx_word' id='word_1_85' title='bbox 409 1959 440 2020; x_wconf 88' lang='lat' dir='ltr'>p.</span> <span class='ocrx_word' id='word_1_86' title='bbox 470 1937 532 2002; x_wconf 83' lang='lat'>833</span> <span class='ocrx_word' id='word_1_87' title='bbox 561 1959 608 2020; x_wconf 84' lang='lat' dir='ltr'>sq.</span> <span class='ocrx_word' id='word_1_88' title='bbox 653 1937 795 2002; x_wconf 85' lang='lat' dir='ltr'>Primum</span> <span class='ocrx_word' id='word_1_89' title='bbox 824 1939 908 2003; x_wconf 87' lang='lat' dir='ltr'>enim</span> <span class='ocrx_word' id='word_1_90' title='bbox 938 1940 1037 2004; x_wconf 87' lang='lat' dir='ltr'>videri</span> <span class='ocrx_word' id='word_1_91' title='bbox 1066 1941 1127 2004; x_wconf 91' lang='lat' dir='ltr'>hoc</span> <span class='ocrx_word' id='word_1_92' title='bbox 1154 1941 1201 2005; x_wconf 87' lang='lat' dir='ltr'>ait</span> <span class='ocrx_word' id='word_1_93' title='bbox 1222 1964 1263 2006; x_wconf 89' lang='lat' dir='ltr'>no</span> <span class='ocrx_word' id='word_1_94' title='bbox 1289 1965 1381 2027; x_wconf 84' lang='lat' dir='ltr'>posse</span> 
     </span>
     <span class='ocr_line' id='line_1_14' title="bbox 241 2045 1379 2138; baseline 0.007 -29"><span class='ocrx_word' id='word_1_95' title='bbox 241 2045 367 2129; x_wconf 88' lang='lat' dir='ltr'>quidem</span> <span class='ocrx_word' id='word_1_96' title='bbox 390 2048 601 2131; x_wconf 84' lang='lat' dir='ltr'>grammatico</span> <span class='ocrx_word' id='word_1_97' title='bbox 617 2047 798 2132; x_wconf 83' lang='lat' dir='ltr'>Byzantina</span> <span class='ocrx_word' id='word_1_98' title='bbox 820 2071 937 2117; x_wconf 88' lang='lat' dir='ltr'>nomen</span> <span class='ocrx_word' id='word_1_99' title='bbox 960 2072 1044 2115; x_wconf 87' lang='lat' dir='ltr'>esse:</span> <span class='ocrx_word' id='word_1_100' title='bbox 1074 2051 1106 2115; x_wconf 87' lang='lat' dir='ltr'>id</span> <span class='ocrx_word' id='word_1_101' title='bbox 1129 2051 1212 2136; x_wconf 85' lang='lat' dir='ltr'>quod</span> <span class='ocrx_word' id='word_1_102' title='bbox 1234 2054 1379 2138; x_wconf 79' lang='lat' dir='ltr'>intellegi</span> 
     </span>
     <span class='ocr_line' id='line_1_15' title="bbox 241 2155 1380 2238; baseline 0.005 -18"><span class='ocrx_word' id='word_1_103' title='bbox 241 2178 280 2220; x_wconf 90' lang='lat' dir='ltr'>ex</span> <span class='ocrx_word' id='word_1_104' title='bbox 301 2155 394 2220; x_wconf 89' lang='lat' dir='ltr'>Hasii</span> <span class='ocrx_word' id='word_1_105' title='bbox 416 2156 455 2220; x_wconf 91' lang='lat' dir='ltr'>de</span> <span class='ocrx_word' id='word_1_106' title='bbox 471 2156 618 2222; x_wconf 78' lang='lat' dir='ltr'>Dracone</span> <span class='ocrx_word' id='word_1_107' title='bbox 635 2158 867 2224; x_wconf 77' lang='lat' dir='ltr'>Stratonicensi</span> <span class='ocrx_word' id='word_1_108' title='bbox 889 2159 1124 2226; x_wconf 76' lang='lat' dir='ltr'>dissertatione.</span> <span class='ocrx_word' id='word_1_109' title='bbox 1170 2162 1251 2238; x_wconf 80' lang='lat' dir='ltr'>Quid</span> <span class='ocrx_word' id='word_1_110' title='bbox 1274 2168 1380 2228; x_wconf 82' lang='lat' dir='ltr'>autern</span> 
     </span>
     <span class='ocr_line' id='line_1_16' title="bbox 240 2265 1378 2357; baseline 0.009 -29"><span class='ocrx_word' id='word_1_111' title='bbox 240 2265 319 2330; x_wconf 72' lang='lat' dir='ltr'>ille?</span> <span class='ocrx_word' id='word_1_112' title='bbox 361 2267 436 2330; x_wconf 93' lang='lat' dir='ltr'>Non</span> <span class='ocrx_word' id='word_1_113' title='bbox 458 2267 528 2332; x_wconf 89' lang='lat' dir='ltr'>sine</span> <span class='ocrx_word' id='word_1_114' title='bbox 549 2268 724 2333; x_wconf 83' lang='lat' dir='ltr'>modestiae</span> <span class='ocrx_word' id='word_1_115' title='bbox 745 2269 982 2354; x_wconf 76' lang='lat' dir='ltr'>significatione.</span> <span class='ocrx_word' id='word_1_116' title='bbox 1004 2271 1039 2334; x_wconf 93' lang='lat' dir='ltr'>in</span> <span class='ocrx_word' id='word_1_117' title='bbox 1060 2270 1163 2335; x_wconf 90' lang='lat' dir='ltr'>Notit.</span> <span class='ocrx_word' id='word_1_118' title='bbox 1188 2276 1220 2336; x_wconf 90' lang='lat' dir='ltr'>et</span> <span class='ocrx_word' id='word_1_119' title='bbox 1238 2278 1378 2357; x_wconf 82' lang='lat' dir='ltr'>excerpt.</span> 
     </span>
     <span class='ocr_line' id='line_1_17' title="bbox 240 2376 1381 2464; baseline 0.007 -25"><span class='ocrx_word' id='word_1_120' title='bbox 240 2398 315 2439; x_wconf 85' lang='lat' dir='ltr'>mss.</span> <span class='ocrx_word' id='word_1_121' title='bbox 346 2376 423 2440; x_wconf 88' lang='lat' dir='ltr'>bibl.</span> <span class='ocrx_word' id='word_1_122' title='bbox 453 2377 528 2461; x_wconf 88' lang='lat' dir='ltr'>imp.</span> <span class='ocrx_word' id='word_1_123' title='bbox 560 2379 622 2443; x_wconf 92' lang='lat' dir='ltr'>vol.</span> <span class='ocrx_word' id='word_1_124' title='bbox 650 2377 730 2443; x_wconf 90' lang='lat' dir='ltr'>VIII</span> <span class='ocrx_word' id='word_1_125' title='bbox 758 2384 842 2464; x_wconf 86' lang='lat' dir='ltr'>part.</span> <span class='ocrx_word' id='word_1_126' title='bbox 872 2380 893 2443; x_wconf 79' lang='lat'><em>2</em></span> <span class='ocrx_word' id='word_1_127' title='bbox 921 2402 952 2463; x_wconf 93' lang='lat' dir='ltr'>p.</span> <span class='ocrx_word' id='word_1_128' title='bbox 976 2380 1016 2444; x_wconf 78' lang='lat'>37</span> <span class='ocrx_word' id='word_1_129' title='bbox 1050 2402 1084 2444; x_wconf 87' lang='lat' dir='ltr'>se</span> <span class='ocrx_word' id='word_1_130' title='bbox 1116 2381 1300 2446; x_wconf 79' lang='lat' dir='ltr'>observasse</span> <span class='ocrx_word' id='word_1_131' title='bbox 1334 2384 1381 2448; x_wconf 80' lang='lat' dir='ltr'>nIt</span> 
     </span>
     <span class='ocr_line' id='line_1_18' title="bbox 241 2486 1431 2578; baseline 0.006 -26"><span class='ocrx_word' id='word_1_132' title='bbox 241 2486 494 2552; x_wconf 81' lang='lat' dir='ltr'>Christianorum</span> <span class='ocrx_word' id='word_1_133' title='bbox 522 2492 629 2552; x_wconf 84' lang='lat' dir='ltr'>aetate</span> <span class='ocrx_word' id='word_1_134' title='bbox 658 2490 749 2553; x_wconf 88' lang='lat' dir='ltr'>valde</span> <span class='ocrx_word' id='word_1_135' title='bbox 777 2511 937 2554; x_wconf 84' lang='lat' dir='ltr'>rarescere</span> <span class='ocrx_word' id='word_1_136' title='bbox 970 2511 1008 2554; x_wconf 90' lang='lat' dir='ltr'>ea</span> <span class='ocrx_word' id='word_1_137' title='bbox 1041 2491 1205 2556; x_wconf 90' lang='lat' dir='ltr'>hominum</span> <span class='ocrx_word' id='word_1_138' title='bbox 1238 2493 1378 2578; x_wconf 86' lang='lat' dir='ltr'>nomina,</span> <span class='ocrx_word' id='word_1_139' title='bbox 1400 2513 1431 2560; x_wconf 92' lang='lat'>10</span> 
     </span>
    </p>
   </div>
   <div class='ocr_carea' id='block_1_5' title="bbox 240 2599 1380 2904">
    <p class='ocr_par' dir='ltr' id='par_1_5' title="bbox 240 2599 1380 2904">
     <span class='ocr_line' id='line_1_19' title="bbox 240 2599 1378 2687; baseline 0.007 -28"><span class='ocrx_word' id='word_1_140' title='bbox 240 2619 321 2680; x_wconf 82' lang='lat' dir='ltr'>quae</span> <span class='ocrx_word' id='word_1_141' title='bbox 344 2619 363 2660; x_wconf 92' lang='lat' dir='ltr'>a</span> <span class='ocrx_word' id='word_1_142' title='bbox 385 2601 528 2662; x_wconf 87' lang='lat' dir='ltr'>veterum</span> <span class='ocrx_word' id='word_1_143' title='bbox 549 2599 732 2663; x_wconf 87' lang='lat' dir='ltr'>nominibus</span> <span class='ocrx_word' id='word_1_144' title='bbox 755 2600 885 2664; x_wconf 88' lang='lat' dir='ltr'>deorum</span> <span class='ocrx_word' id='word_1_145' title='bbox 900 2601 995 2665; x_wconf 87' lang='lat' dir='ltr'>ducta</span> <span class='ocrx_word' id='word_1_146' title='bbox 1018 2602 1172 2687; x_wconf 84' lang='lat' dir='ltr'>essent*).</span> <span class='ocrx_word' id='word_1_147' title='bbox 1204 2601 1378 2687; x_wconf 56' lang='lat' dir='ltr'>Credimus„</span> 
     </span>
     <span class='ocr_line' id='line_1_20' title="bbox 240 2709 1380 2777; baseline 0.006 -7"><span class='ocrx_word' id='word_1_148' title='bbox 240 2711 273 2770; x_wconf 88' lang='lat' dir='ltr'>et</span> <span class='ocrx_word' id='word_1_149' title='bbox 306 2710 556 2772; x_wconf 83' lang='lat' dir='ltr'>consentaneum</span> <span class='ocrx_word' id='word_1_150' title='bbox 589 2713 638 2772; x_wconf 87' lang='lat' dir='ltr'>est</span> <span class='ocrx_word' id='word_1_151' title='bbox 671 2710 808 2774; x_wconf 86' lang='lat' dir='ltr'>credere.</span> <span class='ocrx_word' id='word_1_152' title='bbox 838 2709 927 2776; x_wconf 78' lang='lat' dir='ltr'>,Sed</span> <span class='ocrx_word' id='word_1_153' title='bbox 960 2733 1072 2775; x_wconf 88' lang='lat' dir='ltr'>eamne</span> <span class='ocrx_word' id='word_1_154' title='bbox 1106 2713 1169 2775; x_wconf 89' lang='lat' dir='ltr'>ista</span> <span class='ocrx_word' id='word_1_155' title='bbox 1200 2713 1380 2777; x_wconf 87' lang='lat' dir='ltr'>observatio</span> 
     </span>
     <span class='ocr_line' id='line_1_21' title="bbox 240 2817 1379 2904; baseline 0.006 -24"><span class='ocrx_word' id='word_1_156' title='bbox 240 2817 305 2880; x_wconf 85' lang='lat' dir='ltr'>vim</span> <span class='ocrx_word' id='word_1_157' title='bbox 327 2817 440 2900; x_wconf 80' lang='lat' dir='ltr'>habet,</span> <span class='ocrx_word' id='word_1_158' title='bbox 469 2822 505 2882; x_wconf 87' lang='lat' dir='ltr'>ut</span> <span class='ocrx_word' id='word_1_159' title='bbox 527 2818 608 2883; x_wconf 91' lang='lat' dir='ltr'>nulli</span> <span class='ocrx_word' id='word_1_160' title='bbox 636 2841 780 2902; x_wconf 84' lang='lat' dir='ltr'>prorsus,</span> <span class='ocrx_word' id='word_1_161' title='bbox 812 2819 895 2904; x_wconf 89' lang='lat' dir='ltr'>quod</span> <span class='ocrx_word' id='word_1_162' title='bbox 923 2841 980 2903; x_wconf 90' lang='lat' dir='ltr'>per</span> <span class='ocrx_word' id='word_1_163' title='bbox 1002 2821 1108 2904; x_wconf 88' lang='lat' dir='ltr'>ampla</span> <span class='ocrx_word' id='word_1_164' title='bbox 1131 2822 1237 2904; x_wconf 87' lang='lat' dir='ltr'>spatia</span> <span class='ocrx_word' id='word_1_165' title='bbox 1259 2822 1379 2887; x_wconf 85' lang='lat' dir='ltr'>littera-</span> 
     </span>
    </p>
   </div>
   <div class='ocr_carea' id='block_1_6' title="bbox 236 3072 1449 4451">
    <p class='ocr_par' dir='ltr' id='par_1_6' title="bbox 236 3072 1449 4451">
     <span class='ocr_line' id='line_1_22' title="bbox 307 3072 1380 3147; baseline 0.006 -22"><span class='ocrx_word' id='word_1_166' title='bbox 307 3073 332 3139; x_wconf 80' lang='lat'>*)</span> <span class='ocrx_word' id='word_1_167' title='bbox 350 3072 388 3126; x_wconf 89' lang='lat' dir='ltr'>Ut</span> <span class='ocrx_word' id='word_1_168' title='bbox 405 3072 527 3141; x_wconf 84' lang='lat' dir='ltr'>planius,</span> <span class='ocrx_word' id='word_1_169' title='bbox 546 3089 700 3140; x_wconf 85' lang='lat' dir='ltr'>quousque</span> <span class='ocrx_word' id='word_1_170' title='bbox 718 3075 816 3142; x_wconf 87' lang='lat' dir='ltr'>pateat</span> <span class='ocrx_word' id='word_1_171' title='bbox 827 3073 907 3128; x_wconf 86' lang='lat' dir='ltr'>Hasii</span> <span class='ocrx_word' id='word_1_172' title='bbox 919 3074 1090 3140; x_wconf 84' lang='lat' dir='ltr'>observatio,</span> <span class='ocrx_word' id='word_1_173' title='bbox 1109 3076 1300 3145; x_wconf 85' lang='lat' dir='ltr'>perspiciatur,</span> <span class='ocrx_word' id='word_1_174' title='bbox 1319 3077 1380 3147; x_wconf 85' lang='lat' dir='ltr'>ipsa</span> 
     </span>
     <span class='ocr_line' id='line_1_23' title="bbox 240 3165 1378 3238; baseline 0.005 -20"><span class='ocrx_word' id='word_1_175' title='bbox 240 3165 327 3220; x_wconf 78' lang='lat' dir='ltr'>verba</span> <span class='ocrx_word' id='word_1_176' title='bbox 343 3165 395 3219; x_wconf 59' lang='lat' dir='ltr'>Idri</span> <span class='ocrx_word' id='word_1_177' title='bbox 412 3165 566 3220; x_wconf 81' lang='lat' dir='ltr'>doctissimi</span> <span class='ocrx_word' id='word_1_178' title='bbox 583 3166 656 3220; x_wconf 75' lang='lat' dir='ltr'>intra</span> <span class='ocrx_word' id='word_1_179' title='bbox 673 3166 765 3235; x_wconf 84' lang='lat' dir='ltr'>posui:</span> <span class='ocrx_word' id='word_1_180' title='bbox 789 3169 842 3220; x_wconf 83' lang='lat' dir='ltr'>Son</span> <span class='ocrx_word' id='word_1_181' title='bbox 861 3187 970 3236; x_wconf 76' lang='lat' dir='ltr'>onorope</span> <span class='ocrx_word' id='word_1_182' title='bbox 988 3179 1027 3221; x_wconf 80' lang='lat' dir='ltr'>est</span> <span class='ocrx_word' id='word_1_183' title='bbox 1044 3174 1150 3222; x_wconf 80' lang='lat' dir='ltr'>adresae&#39;</span> <span class='ocrx_word' id='word_1_184' title='bbox 1163 3173 1237 3224; x_wconf 79' lang='lat' dir='ltr'>deon</span> <span class='ocrx_word' id='word_1_185' title='bbox 1251 3177 1295 3238; x_wconf 80' lang='lat' dir='ltr'>file</span> <span class='ocrx_word' id='word_1_186' title='bbox 1306 3177 1378 3226; x_wconf 80' lang='lat' dir='ltr'>Pori-</span> 
     </span>
     <span class='ocr_line' id='line_1_24' title="bbox 240 3263 1379 3333; baseline 0.005 -21"><span class='ocrx_word' id='word_1_187' title='bbox 240 3265 342 3320; x_wconf 73' lang='lat' dir='ltr'>ommes.</span> <span class='ocrx_word' id='word_1_188' title='bbox 362 3279 418 3314; x_wconf 84' lang='lat' dir='ltr'>nom</span> <span class='ocrx_word' id='word_1_189' title='bbox 437 3265 479 3328; x_wconf 82' lang='lat' dir='ltr'>qni</span> <span class='ocrx_word' id='word_1_190' title='bbox 495 3279 533 3314; x_wconf 89' lang='lat' dir='ltr'>me</span> <span class='ocrx_word' id='word_1_191' title='bbox 549 3263 637 3329; x_wconf 77' lang='lat' dir='ltr'>percit</span> <span class='ocrx_word' id='word_1_192' title='bbox 654 3265 726 3314; x_wconf 79' lang='lat' dir='ltr'>avoir</span> <span class='ocrx_word' id='word_1_193' title='bbox 744 3266 783 3313; x_wconf 72' lang='lat' dir='ltr'>e&#39;te</span> <span class='ocrx_word' id='word_1_194' title='bbox 799 3268 858 3328; x_wconf 74' lang='lat' dir='ltr'>plns</span> <span class='ocrx_word' id='word_1_195' title='bbox 875 3281 983 3314; x_wconf 76' lang='lat' dir='ltr'>common</span> <span class='ocrx_word' id='word_1_196' title='bbox 996 3265 1055 3314; x_wconf 75' lang='lat' dir='ltr'>ebe:</span> <span class='ocrx_word' id='word_1_197' title='bbox 1078 3268 1115 3316; x_wconf 79' lang='lat' dir='ltr'>les</span> <span class='ocrx_word' id='word_1_198' title='bbox 1134 3267 1228 3317; x_wconf 82' lang='lat' dir='ltr'>Poi&#39;ens</span> <span class='ocrx_word' id='word_1_199' title='bbox 1251 3284 1298 3333; x_wconf 75' lang='lat' dir='ltr'>que</span> <span class='ocrx_word' id='word_1_200' title='bbox 1320 3269 1379 3318; x_wconf 77' lang='lat' dir='ltr'>ede:</span> 
     </span>
     <span class='ocr_line' id='line_1_25' title="bbox 239 3356 1378 3426; baseline 0.007 -23"><span class='ocrx_word' id='word_1_201' title='bbox 239 3359 277 3405; x_wconf 81' lang='lat' dir='ltr'>les</span> <span class='ocrx_word' id='word_1_202' title='bbox 296 3357 435 3408; x_wconf 77' lang='lat' dir='ltr'>Chre‘ders.</span> <span class='ocrx_word' id='word_1_203' title='bbox 473 3356 521 3406; x_wconf 77' lang='lat' dir='ltr'>Ces</span> <span class='ocrx_word' id='word_1_204' title='bbox 539 3357 669 3415; x_wconf 82' lang='lat' dir='ltr'>derniers,</span> <span class='ocrx_word' id='word_1_205' title='bbox 694 3357 739 3407; x_wconf 73' lang='lat' dir='ltr'>des</span> <span class='ocrx_word' id='word_1_206' title='bbox 757 3358 829 3422; x_wconf 78' lang='lat' dir='ltr'>qu&#39;ils</span> <span class='ocrx_word' id='word_1_207' title='bbox 847 3365 935 3408; x_wconf 76' lang='lat' dir='ltr'>errent</span> <span class='ocrx_word' id='word_1_208' title='bbox 954 3359 1042 3424; x_wconf 82' lang='lat' dir='ltr'>oeqrrie</span> <span class='ocrx_word' id='word_1_209' title='bbox 1059 3375 1107 3408; x_wconf 82' lang='lat' dir='ltr'>nae</span> <span class='ocrx_word' id='word_1_210' title='bbox 1130 3362 1243 3410; x_wconf 75' lang='lat' dir='ltr'>certator</span> <span class='ocrx_word' id='word_1_211' title='bbox 1264 3363 1378 3426; x_wconf 75' lang='lat' dir='ltr'>superio-</span> 
     </span>
     <span class='ocr_line' id='line_1_26' title="bbox 240 3447 1379 3518; baseline 0.003 -18"><span class='ocrx_word' id='word_1_212' title='bbox 240 3451 290 3500; x_wconf 72' lang='lat' dir='ltr'>rr’td</span> <span class='ocrx_word' id='word_1_213' title='bbox 306 3465 351 3500; x_wconf 77' lang='lat' dir='ltr'>aar</span> <span class='ocrx_word' id='word_1_214' title='bbox 372 3453 441 3500; x_wconf 77' lang='lat' dir='ltr'>leurs</span> <span class='ocrx_word' id='word_1_215' title='bbox 458 3449 633 3511; x_wconf 80' lang='lat' dir='ltr'>odoersatres,</span> <span class='ocrx_word' id='word_1_216' title='bbox 656 3449 811 3501; x_wconf 78' lang='lat' dir='ltr'>montrdrert</span> <span class='ocrx_word' id='word_1_217' title='bbox 833 3447 962 3500; x_wconf 81' lang='lat' dir='ltr'>l’dorreur</span> <span class='ocrx_word' id='word_1_218' title='bbox 985 3453 1058 3516; x_wconf 82' lang='lat' dir='ltr'>qu’r‘lr</span> <span class='ocrx_word' id='word_1_219' title='bbox 1075 3454 1176 3502; x_wconf 76' lang='lat' dir='ltr'>ancient</span> <span class='ocrx_word' id='word_1_220' title='bbox 1196 3469 1263 3518; x_wconf 80' lang='lat' dir='ltr'>poor</span> <span class='ocrx_word' id='word_1_221' title='bbox 1280 3453 1379 3504; x_wconf 82' lang='lat' dir='ltr'>l&#39;idolo-</span> 
     </span>
     <span class='ocr_line' id='line_1_27' title="bbox 239 3543 1381 3612; baseline 0.004 -20"><span class='ocrx_word' id='word_1_222' title='bbox 239 3543 330 3608; x_wconf 74' lang='lat' dir='ltr'>ldtrr&#39;e,</span> <span class='ocrx_word' id='word_1_223' title='bbox 346 3559 399 3607; x_wconf 82' lang='lat' dir='ltr'>par</span> <span class='ocrx_word' id='word_1_224' title='bbox 416 3544 583 3608; x_wconf 78' lang='lat' dir='ltr'>I’affeetarion</span> <span class='ocrx_word' id='word_1_225' title='bbox 601 3543 778 3594; x_wconf 72' lang='lat' dir='ltr'>desererem</span> <span class='ocrx_word' id='word_1_226' title='bbox 795 3545 913 3594; x_wconf 73' lang='lat' dir='ltr'>demotus</span> <span class='ocrx_word' id='word_1_227' title='bbox 929 3543 1040 3608; x_wconf 79' lang='lat' dir='ltr'>poseible</span> <span class='ocrx_word' id='word_1_228' title='bbox 1059 3546 1105 3595; x_wconf 83' lang='lat' dir='ltr'>des</span> <span class='ocrx_word' id='word_1_229' title='bbox 1123 3561 1191 3597; x_wconf 76' lang='lat' dir='ltr'>roms</span> <span class='ocrx_word' id='word_1_230' title='bbox 1209 3548 1252 3612; x_wconf 85' lang='lat' dir='ltr'>qm&#39;</span> <span class='ocrx_word' id='word_1_231' title='bbox 1269 3549 1381 3596; x_wconf 68' lang='lat' dir='ltr'>renotem</span> 
     </span>
     <span class='ocr_line' id='line_1_28' title="bbox 237 3639 1380 3704; baseline 0.002 -18"><span class='ocrx_word' id='word_1_232' title='bbox 237 3653 290 3702; x_wconf 82' lang='lat' dir='ltr'>par</span> <span class='ocrx_word' id='word_1_233' title='bbox 307 3642 412 3703; x_wconf 79' lang='lat' dir='ltr'>quelque</span> <span class='ocrx_word' id='word_1_234' title='bbox 429 3643 542 3702; x_wconf 79' lang='lat' dir='ltr'>rapport</span> <span class='ocrx_word' id='word_1_235' title='bbox 560 3639 741 3702; x_wconf 73' lang='lat' dir='ltr'>etfflmolopr&#39;qne</span> <span class='ocrx_word' id='word_1_236' title='bbox 760 3652 815 3686; x_wconf 74' lang='lat' dir='ltr'>aaa</span> <span class='ocrx_word' id='word_1_237' title='bbox 832 3639 967 3688; x_wconf 78' lang='lat' dir='ltr'>anciennes</span> <span class='ocrx_word' id='word_1_238' title='bbox 983 3639 1100 3688; x_wconf 69' lang='lat' dir='ltr'>divinitae</span> <span class='ocrx_word' id='word_1_239' title='bbox 1116 3641 1149 3689; x_wconf 80' lang='lat' dir='ltr'>dn</span> <span class='ocrx_word' id='word_1_240' title='bbox 1171 3641 1330 3704; x_wconf 71' lang='lat' dir='ltr'>praemiare,</span> <span class='ocrx_word' id='word_1_241' title='bbox 1354 3648 1380 3688; x_wconf 74' lang='lat' dir='ltr'>er</span> 
     </span>
     <span class='ocr_line' id='line_1_29' title="bbox 238 3728 1449 3796; baseline 0.003 -14"><span class='ocrx_word' id='word_1_242' title='bbox 238 3735 257 3782; x_wconf 81' lang='lat' dir='ltr'>d</span> <span class='ocrx_word' id='word_1_243' title='bbox 274 3747 305 3782; x_wconf 84' lang='lat' dir='ltr'>ne</span> <span class='ocrx_word' id='word_1_244' title='bbox 322 3733 402 3784; x_wconf 74' lang='lat' dir='ltr'>seroie</span> <span class='ocrx_word' id='word_1_245' title='bbox 421 3745 473 3796; x_wconf 75' lang='lat' dir='ltr'>pas</span> <span class='ocrx_word' id='word_1_246' title='bbox 494 3732 549 3780; x_wconf 75' lang='lat' dir='ltr'>aire</span> <span class='ocrx_word' id='word_1_247' title='bbox 570 3731 603 3780; x_wconf 86' lang='lat' dir='ltr'>de</span> <span class='ocrx_word' id='word_1_248' title='bbox 624 3738 758 3781; x_wconf 77' lang='lat' dir='ltr'>retrourer</span> <span class='ocrx_word' id='word_1_249' title='bbox 780 3732 845 3781; x_wconf 76' lang='lat' dir='ltr'>darn</span> <span class='ocrx_word' id='word_1_250' title='bbox 862 3728 1000 3790; x_wconf 71' lang='lat' dir='ltr'>dirimere,</span> <span class='ocrx_word' id='word_1_251' title='bbox 1024 3732 1102 3796; x_wconf 69' lang='lat' dir='ltr'>apres</span> <span class='ocrx_word' id='word_1_252' title='bbox 1123 3735 1146 3782; x_wconf 82' lang='lat' dir='ltr'>Ie</span> <span class='ocrx_word' id='word_1_253' title='bbox 1168 3732 1333 3796; x_wconf 64' lang='lat' dir='ltr'>weride,</span> <span class='ocrx_word' id='word_1_254' title='bbox 1356 3735 1379 3782; x_wconf 82' lang='lat' dir='ltr'>Ie</span> <span class='ocrx_word' id='word_1_255' title='bbox 1446 3781 1449 3786; x_wconf 58' lang='lat'>.</span> 
     </span>
     <span class='ocr_line' id='line_1_30' title="bbox 239 3818 1379 3891; baseline 0 -17"><span class='ocrx_word' id='word_1_256' title='bbox 239 3842 294 3876; x_wconf 84' lang='lat' dir='ltr'>nom</span> <span class='ocrx_word' id='word_1_257' title='bbox 312 3826 344 3875; x_wconf 84' lang='lat' dir='ltr'>de</span> <span class='ocrx_word' id='word_1_258' title='bbox 363 3825 522 3876; x_wconf 77' lang='lat' dir='ltr'>Posidonius.</span> <span class='ocrx_word' id='word_1_259' title='bbox 558 3819 595 3873; x_wconf 85' lang='lat' dir='ltr'>Et</span> <span class='ocrx_word' id='word_1_260' title='bbox 611 3819 640 3872; x_wconf 83' lang='lat' dir='ltr'>In</span> <span class='ocrx_word' id='word_1_261' title='bbox 658 3818 852 3874; x_wconf 77' lang='lat' dir='ltr'>nlnotaaone:</span> <span class='ocrx_word' id='word_1_262' title='bbox 887 3825 929 3873; x_wconf 86' lang='lat' dir='ltr'>La</span> <span class='ocrx_word' id='word_1_263' title='bbox 947 3827 1042 3874; x_wconf 76' lang='lat' dir='ltr'>recture</span> <span class='ocrx_word' id='word_1_264' title='bbox 1060 3827 1106 3874; x_wconf 83' lang='lat' dir='ltr'>des</span> <span class='ocrx_word' id='word_1_265' title='bbox 1125 3825 1205 3876; x_wconf 74' lang='lat' dir='ltr'>Pores</span> <span class='ocrx_word' id='word_1_266' title='bbox 1224 3827 1256 3876; x_wconf 83' lang='lat' dir='ltr'>cle</span> <span class='ocrx_word' id='word_1_267' title='bbox 1274 3826 1379 3891; x_wconf 74' lang='lat' dir='ltr'>I’Epdse</span> 
     </span>
     <span class='ocr_line' id='line_1_31' title="bbox 237 3915 1379 3984; baseline -0.002 -17"><span class='ocrx_word' id='word_1_268' title='bbox 237 3920 306 3984; x_wconf 72' lang='lat' dir='ltr'>affre</span> <span class='ocrx_word' id='word_1_269' title='bbox 329 3917 458 3982; x_wconf 82' lang='lat' dir='ltr'>beorreoup</span> <span class='ocrx_word' id='word_1_270' title='bbox 481 3915 641 3982; x_wconf 74' lang='lat' dir='ltr'>dexemptea</span> <span class='ocrx_word' id='word_1_271' title='bbox 663 3918 694 3967; x_wconf 86' lang='lat' dir='ltr'>de</span> <span class='ocrx_word' id='word_1_272' title='bbox 717 3925 784 3966; x_wconf 80' lang='lat' dir='ltr'>reue</span> <span class='ocrx_word' id='word_1_273' title='bbox 806 3919 922 3967; x_wconf 77' lang='lat' dir='ltr'>aversior</span> <span class='ocrx_word' id='word_1_274' title='bbox 945 3919 990 3968; x_wconf 80' lang='lat' dir='ltr'>dea</span> <span class='ocrx_word' id='word_1_275' title='bbox 1010 3917 1142 3968; x_wconf 68' lang='lat' dir='ltr'>dimetiens</span> <span class='ocrx_word' id='word_1_276' title='bbox 1163 3936 1230 3984; x_wconf 80' lang='lat' dir='ltr'>pour</span> <span class='ocrx_word' id='word_1_277' title='bbox 1252 3921 1289 3968; x_wconf 81' lang='lat' dir='ltr'>les</span> <span class='ocrx_word' id='word_1_278' title='bbox 1310 3935 1379 3968; x_wconf 82' lang='lat' dir='ltr'>roms</span> 
     </span>
     <span class='ocr_line' id='line_1_32' title="bbox 236 4010 1380 4078; baseline -0.001 -17"><span class='ocrx_word' id='word_1_279' title='bbox 236 4015 344 4078; x_wconf 76' lang='lat' dir='ltr'>poiens:</span> <span class='ocrx_word' id='word_1_280' title='bbox 362 4013 381 4060; x_wconf 81' lang='lat' dir='ltr'>il</span> <span class='ocrx_word' id='word_1_281' title='bbox 397 4027 429 4060; x_wconf 86' lang='lat' dir='ltr'>en</span> <span class='ocrx_word' id='word_1_282' title='bbox 445 4010 503 4074; x_wconf 69' lang='lat' dir='ltr'>ferre</span> <span class='ocrx_word' id='word_1_283' title='bbox 521 4017 644 4075; x_wconf 72' lang='lat' dir='ltr'>postetam</span> <span class='ocrx_word' id='word_1_284' title='bbox 662 4017 787 4074; x_wconf 77' lang='lat' dir='ltr'>exceptor</span> <span class='ocrx_word' id='word_1_285' title='bbox 804 4025 871 4060; x_wconf 78' lang='lat' dir='ltr'>reon</span> <span class='ocrx_word' id='word_1_286' title='bbox 888 4011 943 4076; x_wconf 80' lang='lat' dir='ltr'>qui,</span> <span class='ocrx_word' id='word_1_287' title='bbox 967 4012 1074 4076; x_wconf 80' lang='lat' dir='ltr'>quoique</span> <span class='ocrx_word' id='word_1_288' title='bbox 1095 4013 1195 4062; x_wconf 67' lang='lat' dir='ltr'>dertare</span> <span class='ocrx_word' id='word_1_289' title='bbox 1212 4013 1244 4061; x_wconf 83' lang='lat' dir='ltr'>de</span> <span class='ocrx_word' id='word_1_290' title='bbox 1262 4013 1380 4062; x_wconf 77' lang='lat' dir='ltr'>dioinite‘s</span> 
     </span>
     <span class='ocr_line' id='line_1_33' title="bbox 238 4101 1378 4170; baseline -0.003 -15"><span class='ocrx_word' id='word_1_291' title='bbox 238 4107 273 4156; x_wconf 81' lang='lat' dir='ltr'>du</span> <span class='ocrx_word' id='word_1_292' title='bbox 289 4105 449 4170; x_wconf 71' lang='lat' dir='ltr'>perperim,</span> <span class='ocrx_word' id='word_1_293' title='bbox 468 4112 512 4154; x_wconf 71' lang='lat' dir='ltr'>om!</span> <span class='ocrx_word' id='word_1_294' title='bbox 528 4105 568 4154; x_wconf 72' lang='lat' dir='ltr'>ete</span> <span class='ocrx_word' id='word_1_295' title='bbox 581 4101 674 4169; x_wconf 78' lang='lat' dir='ltr'>portes</span> <span class='ocrx_word' id='word_1_296' title='bbox 689 4119 741 4168; x_wconf 82' lang='lat' dir='ltr'>por</span> <span class='ocrx_word' id='word_1_297' title='bbox 759 4104 805 4156; x_wconf 81' lang='lat' dir='ltr'>dea</span> <span class='ocrx_word' id='word_1_298' title='bbox 818 4102 905 4153; x_wconf 77' lang='lat' dir='ltr'>Seiam</span> <span class='ocrx_word' id='word_1_299' title='bbox 923 4120 954 4154; x_wconf 85' lang='lat' dir='ltr'>ou</span> <span class='ocrx_word' id='word_1_300' title='bbox 973 4102 1090 4154; x_wconf 79' lang='lat' dir='ltr'>d’antree</span> <span class='ocrx_word' id='word_1_301' title='bbox 1106 4121 1248 4170; x_wconf 77' lang='lat' dir='ltr'>persomme</span> <span class='ocrx_word' id='word_1_302' title='bbox 1266 4105 1378 4154; x_wconf 71' lang='lat' dir='ltr'>celebres</span> 
     </span>
     <span class='ocr_line' id='line_1_34' title="bbox 238 4197 1379 4264; baseline 0 -16"><span class='ocrx_word' id='word_1_303' title='bbox 238 4201 306 4249; x_wconf 79' lang='lat' dir='ltr'>dans</span> <span class='ocrx_word' id='word_1_304' title='bbox 323 4197 441 4264; x_wconf 79' lang='lat' dir='ltr'>l’Epdee,</span> <span class='ocrx_word' id='word_1_305' title='bbox 461 4205 486 4248; x_wconf 77' lang='lat' dir='ltr'>et</span> <span class='ocrx_word' id='word_1_306' title='bbox 504 4199 547 4264; x_wconf 79' lang='lat' dir='ltr'>qni</span> <span class='ocrx_word' id='word_1_307' title='bbox 562 4215 612 4264; x_wconf 81' lang='lat' dir='ltr'>par</span> <span class='ocrx_word' id='word_1_308' title='bbox 624 4200 680 4248; x_wconf 77' lang='lat' dir='ltr'>ceto</span> <span class='ocrx_word' id='word_1_309' title='bbox 697 4197 772 4248; x_wconf 74' lang='lat' dir='ltr'>meme</span> <span class='ocrx_word' id='word_1_310' title='bbox 786 4199 864 4260; x_wconf 69' lang='lat' dir='ltr'>[irent</span> <span class='ocrx_word' id='word_1_311' title='bbox 876 4197 974 4248; x_wconf 74' lang='lat' dir='ltr'>nubifer</span> <span class='ocrx_word' id='word_1_312' title='bbox 991 4199 1046 4248; x_wconf 78' lang='lat' dir='ltr'>leur</span> <span class='ocrx_word' id='word_1_313' title='bbox 1062 4198 1189 4262; x_wconf 73' lang='lat' dir='ltr'>premiere</span> <span class='ocrx_word' id='word_1_314' title='bbox 1206 4199 1311 4264; x_wconf 76' lang='lat' dir='ltr'>eripiar.</span> <span class='ocrx_word' id='word_1_315' title='bbox 1332 4203 1379 4248; x_wconf 76' lang='lat' dir='ltr'>tels</span> 
     </span>
     <span class='ocr_line' id='line_1_35' title="bbox 240 4290 1378 4358; baseline 0.002 -18"><span class='ocrx_word' id='word_1_316' title='bbox 240 4307 289 4358; x_wconf 80' lang='lat' dir='ltr'>que</span> <span class='ocrx_word' id='word_1_317' title='bbox 306 4307 374 4342; x_wconf 74' lang='lat' dir='ltr'>reum</span> <span class='ocrx_word' id='word_1_318' title='bbox 392 4291 423 4340; x_wconf 90' lang='lat' dir='ltr'>de</span> <span class='ocrx_word' id='word_1_319' title='bbox 441 4291 552 4350; x_wconf 74' lang='lat' dir='ltr'>Morem,</span> <span class='ocrx_word' id='word_1_320' title='bbox 573 4291 694 4352; x_wconf 75' lang='lat' dir='ltr'>Martini,</span> <span class='ocrx_word' id='word_1_321' title='bbox 713 4291 836 4342; x_wconf 72' lang='lat' dir='ltr'>Sameram</span> <span class='ocrx_word' id='word_1_322' title='bbox 852 4290 911 4341; x_wconf 78' lang='lat' dir='ltr'>ede:</span> <span class='ocrx_word' id='word_1_323' title='bbox 929 4294 966 4340; x_wconf 82' lang='lat' dir='ltr'>les</span> <span class='ocrx_word' id='word_1_324' title='bbox 978 4291 1085 4346; x_wconf 76' lang='lat' dir='ltr'>Latios,-</span> <span class='ocrx_word' id='word_1_325' title='bbox 1103 4291 1220 4353; x_wconf 81' lang='lat' dir='ltr'>Isidore,</span> <span class='ocrx_word' id='word_1_326' title='bbox 1241 4293 1378 4356; x_wconf 77' lang='lat' dir='ltr'>Palladius,</span> 
     </span>
     <span class='ocr_line' id='line_1_36' title="bbox 239 4386 998 4451; baseline 0.001 -14"><span class='ocrx_word' id='word_1_327' title='bbox 239 4387 396 4443; x_wconf 61' lang='lat' dir='ltr'>Demetrius,</span> <span class='ocrx_word' id='word_1_328' title='bbox 415 4387 500 4446; x_wconf 66' lang='lat' dir='ltr'>ornys</span> <span class='ocrx_word' id='word_1_329' title='bbox 518 4392 542 4433; x_wconf 77' lang='lat' dir='ltr'>rt</span> <span class='ocrx_word' id='word_1_330' title='bbox 560 4393 649 4436; x_wconf 75' lang='lat' dir='ltr'>numer</span> <span class='ocrx_word' id='word_1_331' title='bbox 666 4387 731 4435; x_wconf 78' lang='lat' dir='ltr'>deme</span> <span class='ocrx_word' id='word_1_332' title='bbox 750 4386 856 4448; x_wconf 76' lang='lat' dir='ltr'>I&#39;Eplr&#39;se</span> <span class='ocrx_word' id='word_1_333' title='bbox 876 4387 998 4451; x_wconf 81' lang='lat' dir='ltr'>Grerqne.</span> 
     </span>
    </p>
   </div>
   <div class='ocr_carea' id='block_1_7' title="bbox 1133 4469 1176 4532">
    <p class='ocr_par' dir='ltr' id='par_1_7' title="bbox 1133 4469 1176 4532">
     <span class='ocr_line' id='line_1_37' title="bbox 1133 4469 1176 4532; baseline 0 -26"><span class='ocrx_word' id='word_1_334' title='bbox 1133 4469 1176 4532; x_wconf 75' lang='grc'>9*</span> 
     </span>
    </p>
   </div>
   <div class='ocr_carea' id='block_1_8' title="bbox 0 0 1618 5096">
    <p class='ocr_par' dir='ltr' id='par_1_8' title="bbox 0 0 1618 5096">
     <span class='ocr_line' id='line_1_38' title="bbox 0 0 1618 5096; baseline 0 2"><span class='ocrx_word' id='word_1_335' title='bbox 0 0 1618 5096; x_wconf 95' lang='lat' dir='ltr'> </span> 
     </span>
    </p>
   </div>
  </div>
 </body>
</html>
