3254 5086
276 340 339 404 526
650 358 699 405 nn
721 357 849 406 comen
871 359 1047 425 νιιοιυκυα

281 509 426 575 αὐτοὺς
462 511 687 589 πριαμένων
724 509 891 591 ἀμφότερα
931 515 1030 576 ταῦτα
1062 513 1144 591 παρ’
1176 513 1309 578 αὐτῶν
1347 516 1421 594 χρὴ

277 618 467 698 ὑπάρξειν
505 619 615 684 αὖθις
651 624 729 686 τῶν
771 621 1024 700 κτηςαμένων
1062 622 1207 687 αὐτοὺς
1244 622 1298 687 είς
1333 627 1420 686 δου-

277 729 395 795 λείαν.
439 728 556 794 Οαιαῖο
578 732 672 793 sanat
693 733 739 794 B:
769 778 777 792 .
803 778 810 792 .
836 777 844 794 .
869 779 877 794 .
900 731 1092 813 ἐλευθερίαν,
1117 735 1304 812 χρηςτοῖς
1325 751 1421 807 γενο·

277 841 384 918 μένοις
413 840 485 920 περὶ
509 839 586 903 τοὺς
620 841 966 919 καταδουλωςαμένους
993 842 1012 919 ἢ
1038 841 1117 905 τοὺς
1149 843 1236 920 παρὰ
1263 841 1420 908 τούτων

276 950 480 1028 πριαμένους,
503 949 669 1030 ἀμφότερα
691 953 791 1015 ταῖιτα
805 951 892 1030 παρὰ
906 954 974 1015 τιῖιν
996 955 1163 1017 δεςποτιῖιν
1185 950 1361 1031 ὑπάρξει.
1377 988 1421 1000 ·-

276 1058 436 1141 Imprimis
473 1059 609 1123 notabili
646 1058 790 1142 exemplo
821 1057 884 1142 IV,
914 1059 954 1123 78
993 1080 1074 1142 quae
1107 1081 1194 1124 nunc
1227 1060 1418 1145 vulgantur:

276 1169 385 1250 ἐπειδὴ
408 1169 442 1232 δ’
465 1167 484 1232 ό
506 1169 632 1251 καιρὸς,
662 1171 702 1235 ὃν
730 1170 770 1234 τὰ
795 1169 964 1248 πράγματα
992 1168 1100 1234 δίδωςί
1121 1191 1190 1249 μοι,
1220 1171 1357 1250 βραχὺς,
1381 1170 1418 1234 ἐν

277 1281 303 1362 ᾧ
327 1279 431 1356 λέγειν
453 1279 510 1357 μέν
533 1278 626 1354 ὀλίγα
640 1282 710 1356 δεῖ,
732 1279 881 1357 πράττειν
904 1279 940 1342 δὲ
961 1279 1084 1359 πολλὰ,
1115 1281 1269 1359 καὶπρὸς
1292 1279 1417 1344 εἰδότας

275 1389 344 1453 τὸν
373 1388 496 1462 λόγον
523 1391 726 1469 ποιοῦμαι,
756 1387 871 1465 ὀλίγα
899 1389 940 1453 τὰ
967 1389 1094 1468 μέγιςτα
1121 1391 1171 1454 καί
1200 1389 1418 1471 φανερώτατα

275 1502 342 1563 τῶν
365 1499 470 1578 ἔργων
492 1498 593 1562 αὐτοῦ
616 1499 666 1562 καὶ
687 1498 865 1574 ἀπολογίας
886 1502 1035 1578 μηδεμιᾶς
1058 1497 1196 1578 δεόμενα
1223 1499 1334 1584 (immo
1357 1504 1417 1562 δυ-

275 1608 438 1692 νάμενα)
470 1611 596 1688 τυχεῖν,
628 1609 723 1672 ταῦθ’
756 1607 835 1686 ὑμᾶς
868 1607 1057 1686 ὑπομνήςω,
1096 1608 1257 1671 οοιιδοαίίο
1288 1607 1417 1692 quidem

275 1720 361 1780 recte
383 1719 531 1800 supplete
552 1720 726 1780 manarunt
748 1737 787 1780 ex
808 1716 869 1780 hen
890 1717 1058 1806 scripture¹
1071 1715 1215 1780 Chisinni
1236 1717 1310 1780 libri
1333 1718 1418 1797 πρὸς

274 1827 399 1894 εἰδότας
421 1826 536 1904 ὀλίγα
557 1828 596 1891 τὰ
618 1827 756 1906 μέγιςτα;
793 1847 870 1889 nem
891 1825 968 1907 hoe,
992 1846 1059 1888 non
1081 1825 1185 1910 ὀλίγα,
1214 1847 1252 1890 ex
1276 1830 1303 1889 A
1323 1829 1416 1890 note·

274 1940 336 1999 tur.
375 1934 465 2010 Quod
486 1957 548 2019 quo
570 1939 704 2019 spectet,
729 1957 766 1998 ex
782 1938 812 1997 B
829 1935 1039 2019 intellegitur,
1063 1935 1235 2018 pristinum
1257 1935 1413 1999 orationis

274 2045 412 2108 nitorem
441 2045 487 2109 sie
514 2045 781 2109 reconcinnante:
818 2045 978 2124 καὶπρὸς
1006 2044 1129 2110 εἰδότας
1158 2046 1194 2110 οἱ
1215 2046 1348 2123 λόγοι,
1375 2047 1417 2110 τὰ

274 2156 400 2234 με’γιςτα
422 2157 484 2219 κτλ.
507 2192 549 2202 -
570 2153 611 2237 V,
636 2156 654 2219 ί
678 2157 710 2218 et
732 2154 897 2239 eleganter
919 2157 952 2218 et
973 2175 1047 2218 vere
1070 2153 1154 2218 idem
1176 2157 1222 2218 B:
1261 2153 1415 2236 ἀφικόμε-

274 2284 331 2331 νος
353 2266 386 2328 δ’
409 2264 454 2329 ὡς
476 2265 625 2331 Πόπλιον
648 2264 841 2344 Οὐαλέριον,
872 2265 909 2328 ὃς
938 2264 1063 2329 ἐντοῖς
1086 2265 1227 2343 πρώτοις
1251 2266 1414 2343 τέτταρςιν

225 2383 256 2430 12
274 2375 314 2454 ἠν
336 2378 402 2440 τῶν
423 2377 482 2454 τὴν
510 2375 683 2455 τυραννίδα
710 2374 971 2452 καταλυςόιντων,
999 2377 1129 2440 δεξιᾶς
1156 2374 1263 2438 δόςει
1291 2374 1341 2438 καὶ
1368 2375 1415 2437 δι’

275 2483 382 2565 ὀρκων
404 2486 441 2550 τό
465 2485 576 2550 πιςτδν
598 2486 679 2565 παρ’
701 2485 802 2549 αὐτοῦ
824 2485 933 2564 λαβὼν
957 2483 1039 2562 ὑπὲρ
1060 2483 1235 2563 ἀςςραλείας
1257 2488 1312 2562 τῆς
1338 2483 1411 2547 ἑαυ-

272 2598 341 2672 τοιῖ,
364 2596 500 2675 μηνυτὴς
524 2643 530 2657 .
554 2643 560 2656 .
583 2643 589 2656 .
614 2643 620 2657 .
643 2595 769 2670 γίνεται.
799 2591 849 2656 lbi
864 2591 1037 2675 depravate
1060 2598 1086 2654 A
1108 2595 1237 2659 δεξιὰς
1259 2593 1411 2658 δίδωςι;

274 2703 328 2767 sed
356 2703 508 2767 indicium
536 2703 603 2766 veri
630 2702 817 2785 interpolati
844 2701 917 2765 libri
951 2702 1131 2765 exstinxere
1163 2703 1277 2770 δεξιὰς
1305 2703 1413 2766 δίδωςι

273 2815 397 2876 mutato
419 2813 454 2875 in
476 2813 596 2878 δεξιὰν
619 2811 735 2876 δίδωςι.
759 2849 802 2860 -
823 2811 853 2876 V
860 2861 869 2896 ,
892 2812 949 2876 23:
988 2811 1131 2894 ἐμπειρίᾳ
1152 2814 1210 2890 μὲν
1233 2812 1282 2876 καί
1304 2831 1412 2890 καρτε-

274 2923 325 3004 ρίᾳ
351 2921 511 3001 κρείττους
539 2921 632 2987 ὀντες
654 2921 686 2986 οἱ
706 2923 857 3002 Ῥωμαῖοι
883 2927 962 2987 τῶν
991 2922 1201 2998 ἐναντίων,
1238 2921 1350 3001 πλήθει
1376 2923 1413 2985 δὲ

273 3035 467 3109 κρατοῦντες
488 3037 555 3095 τῶν
577 3031 744 3110 Ῥωμαίων
767 3032 798 3096 οἱ
820 3031 978 3112 Τυρρηνοί
998 3051 1034 3095 τε
1056 3032 1106 3094 καί
1134 3031 1263 3095 Λατῖνοι
1293 3037 1411 3115 μακρῷ.

274 3139 327 3204 Sic
347 3143 414 3204 Be:
437 3144 503 3207 τῶν
526 3141 672 3208 Λατίνων
688 3145 727 3204 A:
750 3141 833 3204 unde
855 3145 921 3206 τῶν
945 3141 1090 3206 Λατίνων
1113 3141 1173 3204 καὶ
1194 3141 1410 3219 Τυρρηνῶν

274 3255 336 3313 nP.
360 3287 401 3300 ·-
424 3249 579 3313 Immunie
602 3250 744 3334 alioquin
766 3248 1023 3332 interpolationis
1048 3255 1072 3310 A
1094 3249 1128 3312 in
1151 3246 1291 3312 eiusdem
1311 3248 1412 3331 suspi-

182 3376 184 3381 ·
272 3360 394 3422 tionem
416 3360 505 3423 venit
526 3359 566 3440 V,
590 3361 646 3424 37:
670 3360 750 3440 ὑπὲρ
773 3359 821 3425 ὧν
844 3359 1088 3425 ὀποςτείλαντες
1109 3358 1141 3422 οἱ
1162 3359 1313 3437 Ῥωμαῖοι
1335 3377 1411 3437 πρε-

273 3470 395 3549 ςβείαν,
427 3471 501 3549 πρὶν
524 3469 576 3533 ἐπί
597 3471 637 3534 τὰ
660 3469 745 3534 όπλα
767 3475 922 3549 χωρήςαι,
951 3468 1038 3533 δίκας
1061 3470 1160 3552 ᾔτουν
1182 3469 1232 3532 καὶ
1253 3466 1410 3532 διδόναι

272 3579 393 3655 λόγον
422 3578 531 3656 ἠξίουν
559 3581 656 3658 μηδὲν
680 3579 722 3643 εἰς
744 3579 821 3643 τοὺς
842 3579 1078 3657 ἐργαζομένους
1100 3579 1159 3656 τὴν
1180 3581 1241 3656 γῆν
1263 3596 1410 3654 παρανο·

272 3691 350 3768 μεῖν.
394 3686 483 3752 Nihil
506 3688 671 3771 proficitur
692 3687 882 3771 interposite
905 3687 939 3750 in
961 3691 1018 3750 ΒΡ
1035 3689 1111 3749 ente
1133 3688 1229 3766 μηδὲν
1253 3680 1411 3768 particule

272 3799 340 3862 καί.
385 3795 444 3860 Rei
467 3797 569 3860 solum
592 3797 742 3861 convenit
764 3795 847 3880 qnod
869 3797 903 3860 in
927 3799 955 3859 B
978 3799 1099 3860 exstat:
1128 3796 1216 3860 δίκας
1238 3797 1337 3878 ᾔτουν
1360 3797 1411 3858 καί

271 3908 316 3971 τὸ
343 3908 492 3973 λοιπὸν
519 3907 629 3985 ἠξίουν
655 3909 818 3987 μηδὲν..
845 3956 852 3969 .
878 3956 885 3970 .
915 3909 1128 3985 παρανομεῖνι
1164 3904 1249 3967 unde
1276 3905 1410 3986 utreque

273 4005 411 4078 ebnfleta
432 4015 591 4098 scriptura
610 4015 645 4078 in
662 4014 817 4100 Clegitur
832 4018 882 4080 καὶ
904 4017 972 4081 τὸν
995 4015 1142 4080 λοιπὸν
1165 4015 1286 4090 λόγον
1309 4011 1410 4076 διδό-

272 4145 335 4190 ναι
355 4125 464 4203 ἠξίουν
492 4128 589 4204 μηδέν
617 4128 681 4190 κτλ.
710 4124 809 4194 ‚Nam
837 4129 870 4189 et
899 4145 970 4189 eum
992 4127 1021 4186 B
1043 4127 1076 4187 et
1097 4125 1166 4187 sine
1188 4126 1218 4186 B
1240 4120 1320 4184 raris
1342 4121 1410 4227 qui·

272 4235 422 4316 busdam,
456 4234 511 4297 sed
539 4235 592 4300 vix
621 4234 725 4298 dubiis
754 4235 907 4317 exemplis
934 4237 1046 4316 aperte
1069 4233 1262 4316 glossemate
1286 4235 1311 4291 A
1333 4227 1409 4292 alibi

271 4363 394 4426 quoque
416 4347 515 4407 tenet.
546 4345 597 4410 lta
619 4343 671 4406 vix
694 4325 839 4426 profecte
861 4367 880 4407 e
902 4343 1057 4424 Dionysio
1079 4345 1154 4404 sunt
1175 4362 1255 4424 quae
1277 4341 1411 4421 uterque
