3272 5088
541 367 701 418 nroursn
722 366 1076 418 1111111111111111.
1319 347 1383 412 479

244 523 305 588 vol.
335 521 352 586 Ι
378 545 410 607 p.
434 521 497 586 240
524 521 578 586 ille
606 521 674 604 ipse
705 521 1005 584 commemoraretur
1030 520 1294 586 membranaceus
1320 518 1383 584 373

242 633 322 716 ε111,
351 653 434 698 1111.
458 631 532 696 XV'
570 635 734 716 tamquam
766 630 967 696 Bassarionis
997 631 1085 696 iussn
1119 651 1218 695 mann
1250 629 1382 694 Ioannis

244 742 345 808 Rhesi
367 743 555 826 descriptus,
578 745 690 826 postea
712 743 819 806 antem
841 763 913 806 cum
935 761 955 804 a
976 739 1109 825 Sigania
1131 741 1294 805 consrdtus
1315 743 1383 804 tum

243 852 407 938 Sylburgii
436 873 548 917 caussa
575 852 617 916 ab
645 850 842 935 Hieronymo
864 850 1055 916 Donzellino
1077 849 1238 914 Brixiensi
1266 853 1299 914 et
1320 848 1383 915 Ga·

242 963 342 1028 briele
364 961 481 1028 Severo
504 963 654 1046 episcopo
670 960 947 1045 Philadelphiensi
972 961 1122 1026 callatim:
1145 964 1178 1025 et
1200 982 1217 1024 e
1239 959 1384 1044 pleniore

243 1073 401 1157 Theupoli
424 1072 580 1157 Catalogo
603 1093 633 1156 p.
653 1073 712 1140 177
731 1093 799 1156 sqq.
824 1074 952 1155 praeter
973 1071 1051 1136 duos
1072 1071 1144 1136 illos
1166 1069 1228 1136 XV
1251 1072 1285 1134 et
1305 1069 1384 1146 XIV

243 1204 325 1248 saec.
356 1184 453 1248 libros
482 1204 558 1248 mss.
594 1183 717 1246 nullum
750 1181 881 1246 omnino
912 1180 1115 1246 Marcianum
1141 1179 1383 1264 Antiquitatum

244 1292 385 1358 codicem
407 1297 533 1358 exstare
556 1292 807 1376 intellegeretur.
845 1291 886 1356 In
906 1291 969 1356 hac
990 1291 1247 1356 testimoniorum
1268 1311 1383 1376 repug-

242 1403 357 1466 nantia
379 1425 502 1468 summa
524 1423 591 1467 non
612 1401 704 1466 video
726 1401 802 1485 quid
824 1401 867 1466 sit
882 1401 1049 1486 reliquum,
1073 1401 1135 1466 nisi
1158 1403 1282 1466 utnon
1304 1400 1382 1466 satis

243 1512 416 1597 diligenter
438 1513 613 1578 examinati
636 1533 703 1576 esse
725 1511 800 1575 libri
822 1509 940 1574 Veneti
962 1511 1143 1576 credantur.
1166 1548 1210 1561 —-
1235 1510 1383 1576 Ceterum

243 1643 284 1686 ne
311 1623 455 1687 littcnda
490 1623 618 1706 quidem
650 1643 670 1684 a
697 1620 823 1685 Veneto
855 1621 1100 1686 membranaceo
1134 1621 1383 1686 Mediolanenais

242 1731 475 1799 Ambrosianus
490 1733 650 1816 discrepat
673 1732 714 1796 ab
729 1731 900 1796 Ambrosio
915 1717 1107 1815 aliquotiens
1128 1731 1306 1815 inspectus:
1329 1731 1384 1815 qui

243 1841 370 1926 quidem
391 1864 458 1908 non
480 1845 586 1926 potest
608 1841 689 1906 alius
712 1861 780 1906 esse
802 1863 899 1924 quam
921 1861 1014 1926 quem
1029 1841 1271 1924 Antiquitatum
1284 1841 1383 1906 libros

243 1952 382 2036 quinque
404 1953 525 2037 priores
549 1975 620 2017 cum
641 1951 811 2017 undecimo
834 1951 1018 2035 complecti,
1042 1951 1198 2036 scriptum
1220 1954 1327 2016 autem
1349 1951 1383 2016 iu

244 2061 363 2126 chartis
386 2085 454 2128 esse
476 2063 602 2128 saeculo
624 2060 687 2126 XV
709 2064 741 2126 et
763 2066 790 2125 Α
808 2073 861 2126 159
875 2083 943 2142 sup.
967 2061 1090 2146 signari
1112 2062 1257 2147 Angelus
1280 2061 1384 2126 Maius

244 2175 358 2236 namat
379 2172 529 2257 Append.
554 2173 595 2236 ad
616 2171 763 2256 Dionysii
786 2170 875 2255 Epit.
898 2194 930 2255 p.
957 2172 1017 2236 106
1040 2171 1088 2236 ed.
1113 2171 1262 2236 lhancof.

327 2282 443 2346 Restat
463 2285 500 2346 ut
521 2282 560 2346 de
583 2281 729 2346 Parisino
753 2281 860 2346 codice
881 2282 1022 2347 breviter
1044 2281 1160 2363 dicam,
1185 2303 1202 2346 e
1224 2303 1286 2366 quo
1308 2280 1383 2346 Dio·

243 2392 326 2475 nysii
349 2392 570 2476 Antiquitates
597 2392 633 2455 in
654 2392 758 2457 lucem
784 2392 922 2475 primum
949 2392 1109 2475 protraxit
1130 2391 1289 2456 Robcrtus
1311 2390 1383 2457 Ste-

242 2502 368 2586 phanus
397 2523 426 2567 a.
458 2501 549 2567 1546.
600 2502 651 2565 Ac
677 2499 801 2587 Regiae
829 2502 919 2566 illum
947 2501 1161 2566 bibliothecae
1187 2500 1286 2565 fnisse
1313 2502 1384 2585 ipsa

243 2611 412 2695 inscriptio
435 2611 584 2676 editionis
606 2611 762 2696 principis
783 2614 931 2677 testatum.
962 2611 1012 2676 na
1031 2614 1138 2676 autem
1159 2611 1194 2675 in
1218 2611 1384 2676 bibliothe-

245 2741 282 2784 ca
311 2722 373 2786 etsi
399 2721 478 2785 duos
511 2721 636 2786 codices
662 2722 903 2806 Antiquitatum
931 2721 1050 2786 servari
1077 2721 1250 2806 Oatalogns
1278 2720 1381 2805 docet,

243 2853 276 2894 n.
302 2831 385 2896 1654
406 2834 439 2895 et
464 2831 559 2914 1655,
589 2830 794 2896 chartaceum
820 2835 988 2916 utrumque
1011 2835 1043 2896 et
1065 2831 1143 2897 XVI
1168 2831 1292 2896 demum
1316 2853 1383 2896 sae-

246 2941 320 3024 culi,
344 2943 455 3006 tamen
476 2944 590 3006 neuter
613 2963 681 3006 esse
704 2940 942 3025 Stephanianus
964 2945 1086 3027 potest,
1111 2941 1228 3026 quippe
1250 2964 1384 3026 quorum

245 3051 326 3114 alter
354 3051 493 3136 quinque
519 3054 647 3116 tantum
674 3050 796 3136 priores
824 3051 922 3119 libros
950 3055 1078 3134 teneat,
1113 3053 1252 3137 quinque
1278 3057 1383 3136 poste-

242 3160 342 3225 riores
369 3162 461 3226 alter.
469 3162 501 3247 ²⁸)
545 3161 605 3226 His
634 3165 741 3228 autem
769 3162 867 3226 etiam
895 3162 1026 3226 tertium
1054 3162 1225 3228 1111111111
1253 3183 1383 3228 necesse

243 3274 302 3354 est,
326 3271 404 3335 item
426 3293 445 3334 a
465 3270 685 3355 Stephaniano
707 3272 877 3356 diversum,
901 3275 1032 3356 propter
1053 3270 1200 3337 Hudsoni
1222 3271 1383 3356 quandam

243 3381 445 3464 memoriam,
481 3381 535 3465 qni
562 3383 597 3447 in
626 3383 690 3446 fine
717 3383 813 3466 primi
840 3382 1011 3446 voluminis
1039 3384 1084 3466 (p.
1115 3381 1191 3467 728)
1225 3381 1384 3446 duorum

243 3489 418 3575 Regiorum
446 3491 590 3555 codicum
618 3492 793 3575 scripturas
820 3493 928 3576 posuit
954 3491 994 3557 ad
1021 3491 1095 3555 libri
1116 3490 1133 3554 I
1157 3512 1225 3574 cap.
1250 3492 1288 3556 61
1313 3513 1381 3576 sqq.

243 3603 442 3684 spectantes:
479 3623 557 3686 quas
590 3601 674 3666 unde
711 3603 872 3686 acceperit
903 3624 962 3667 nos
994 3623 1107 3686 passus
1140 3603 1189 3666 est
1221 3603 1382 3686 ignorare.

244 3709 306 3774 Sed
332 3711 462 3794 propior
489 3711 645 3795 quaedam
675 3733 746 3776 cum
769 3711 926 3796 Stephani
955 3711 1062 3777 codice
1090 3711 1172 3776 ratio
1203 3711 1259 3775 alii
1286 3712 1383 3776 inter-

244 3819 329 3882 cedit
351 3820 433 3885 libro
454 3819 612 3906 Parisino,
644 3821 842 3888 Ooisliniano
864 3845 897 3886 n.
924 3823 994 3905 150,
1018 3822 1138 3886 saeculi
1160 3820 1232 3904 XV,
1255 3825 1384 3906 praeter

243 3929 380 4011 primam
402 3933 435 3994 et
457 3930 593 3995 alteram
615 3931 787 4015 pentadem
816 3933 914 3996 etiam
936 3931 984 3996 Xl
1005 3933 1245 4016 Antiquitatum
1267 3932 1383 3996 librum

245 4040 485 4123 complectenti,
515 4041 637 4125 dequo
659 4041 997 4107 sicMontefalconius
1020 4041 1104 4105 Bibl.
1129 4041 1224 4108 Coisl.
1248 4065 1280 4126 p.
1303 4043 1383 4107 215:

299 4289 323 4359 *)
342 4289 443 4360 [Vnum
461 4292 586 4348 codicem
603 4309 664 4348 1111
683 4292 791 4350 dnobus
808 4293 994 4350 voluminibus
1016 4293 1245 4364 comprehensum
1262 4297 1327 4364 post
1344 4293 1383 4349 in·

243 4383 345 4440 tellexi.
380 4385 439 4440 Nec
456 4401 520 4440 cum
537 4386 705 4442 Coisliniano
724 4385 871 4454 qrricqnam
890 4385 1025 4458 Stephani
1042 4385 1157 4440 editioni
1176 4389 1340 4458 commune]
