3272 5088
259 373 321 441 468
727 395 773 444 nn
794 395 943 446 narsus

259 568 330 610 mur
358 546 589 631 aliquantisper
616 569 682 612 non
710 551 837 635 πρώτῃ,
867 550 921 613 sed
944 551 1068 636 πέμπτῃ
1096 551 1147 614 vel
1174 573 1401 636 quemcumque

259 677 425 720 numerum
447 657 584 721 volueris
608 657 770 741 Euripidis
792 660 998 724 scholiastam
1020 660 1172 743 posuisse.
1209 662 1259 725 Ita
1275 662 1401 746 quidem

259 767 464 852 intellegisne
486 771 640 853 quantum
663 791 741 852 opus
757 770 905 853 Marsyae
927 770 1060 853 tribuas,
1086 769 1173 835 cuius
1189 772 1301 855 quinto
1318 773 1400 836 libro

258 877 432 941 secundum
454 877 581 960 imperii
596 900 716 942 annum
731 879 908 943 Alexandri
924 880 1099 965 adsignes?
1120 884 1284 966 tamquam
1300 881 1400 946 Theo-

257 987 366 1071 pompi
390 988 545 1072 exemplo,
570 1011 663 1073 quem
685 1011 762 1053 sane
785 990 930 1053 novimus
958 989 1092 1054 totidem
1118 991 1208 1054 libris
1234 992 1400 1056 biennium

257 1097 429 1182 Philippici
452 1100 545 1182 regni
569 1099 782 1181 complexum:
807 1101 848 1162 cf.
865 1099 1080 1163 Wichersium
1095 1123 1126 1184 p.
1140 1101 1191 1165 26.
1224 1101 1273 1165 Ex
1288 1106 1399 1166 tantae

258 1211 365 1271 autem
388 1207 608 1292 amplitudinis
632 1209 869 1272 commentariis
892 1210 1150 1274 luculentissimis
1175 1216 1303 1294 praeter
1323 1234 1399 1295 pau-

245 1318 384 1382 ·cissima
407 1317 563 1401 quaedam
592 1322 624 1382 et
651 1319 840 1382 tenuissima
867 1318 1005 1383 frustula
1033 1319 1115 1383 nihil
1143 1325 1303 1384 servatum
1331 1343 1398 1385 esse

257 1429 367 1492 credat
388 1428 441 1511 qui
464 1431 579 1511 potest.
630 1427 751 1491 Verum
773 1429 858 1492 enim
880 1448 955 1493 vero
978 1429 1087 1493 audire
1116 1429 1260 1494 videmur
1288 1434 1399 1494 contra

256 1537 483 1622 disputantem.
535 1537 616 1612 Quid
645 1539 747 1620 enim,
777 1539 803 1601 si
832 1561 989 1602 annorum
1016 1540 1126 1603 ordine
1154 1540 1323 1623 discriptas
1350 1562 1398 1604 re·

255 1669 393 1732 gumque
421 1649 620 1712 successione
651 1647 822 1731 dispositas
852 1649 1063 1713 Macedonum
1086 1649 1236 1713 historias
1258 1672 1300 1713 ne
1323 1671 1395 1714 con·

254 1757 372 1821 diderit
399 1758 526 1841 quidem
555 1759 637 1821 alter
664 1758 825 1841 Marsyas,
855 1757 909 1822 sed
937 1759 1098 1823 variarum
1124 1781 1230 1822 rerum
1253 1759 1293 1823 ad
1316 1759 1398 1823 anti-

255 1868 410 1951 quitates,
428 1889 548 1950 morea,
572 1868 721 1931 instituta
737 1868 946 1932 Macedonica
969 1869 1184 1952 spectantium
1198 1869 1397 1954 farraginem

255 1981 311 2042 aut
325 1976 427 2041 libero
445 1978 556 2041 ordine
579 1982 634 2041 aut
649 1999 803 2062 generum
825 1978 1023 2062 quorundam
1045 1979 1228 2043 discrimine
1250 1979 1397 2063 disperti-

111 2155 129 2168 ,,
254 2091 322 2151 tarn
345 2087 564 2172 congesserit?
608 2085 692 2152 Nam
715 2089 870 2171 profecto,
894 2088 920 2150 si
944 2089 1065 2152 abillis
1088 2089 1292 2175 fragmentis,
1317 2111 1397 2173 quae

254 2198 294 2261 ad
317 2196 480 2261 Pellaeum
503 2197 699 2279 rettulimus,
722 2198 901 2280 recesseris,
923 2198 1116 2282 reliquorum
1139 2199 1235 2284 longe
1257 2199 1396 2263 maxima
1498 2227 1501 2236 ·

253 2330 328 2391 pars
356 2308 423 2371 fere
451 2308 595 2372 seiuncta
623 2328 691 2371 esse
719 2307 760 2370 ab
782 2307 923 2392 ipsarum
951 2329 1056 2371 rerum
1083 2311 1247 2393 gestarum
1275 2309 1395 2393 exposi-

252 2419 341 2482 tione
363 2417 484 2501 potuit‚
509 2439 547 2481 ae
569 2418 617 2482 vel
641 2415 736 2498 illud,
761 2416 843 2500 quod
867 2417 907 2480 ab
930 2417 1023 2481 initio
1046 2421 1208 2501 posuimus
1231 2419 1307 2501 (X),
1331 2440 1396 2482 non

253 2529 357 2614 magis
379 2531 509 2612 propter
525 2527 701 2590 Alexandri
725 2548 781 2609 per
802 2527 914 2590 Asiam
937 2527 1154 2611 expeditiones
1177 2528 1276 2592 videri
1298 2531 1395 2612 queat

252 2639 286 2702 in
303 2637 470 2703 eiusmodi
491 2637 703 2700 miscellaneis
727 2637 962 2700 commentariis
986 2637 1089 2701 locum
1112 2625 1282 2721 invenisse,
1299 2659 1394 2722 quani

253 2753 383 2832 propter
405 2747 600 2832 singularem
624 2768 661 2811 ae
682 2747 796 2810 miram
818 2769 913 2830 quam
935 2769 992 2831 per
1008 2769 1042 2810 se
1058 2747 1195 2812 Gordius
1217 2747 1272 2812 ille
1293 2747 1395 2811 nodus

253 2857 471 2922 condicionem
489 2857 612 2921 habuit.
644 2856 764 2922 Contra
786 2878 866 2940 quae
888 2856 1028 2921 breviter
1050 2857 1114 2921 dici
1132 2860 1248 2941 potest.
1278 2857 1395 2923 Obstat

203 3021 207 3032 .
252 2969 338 3031 enim
353 2967 437 3030 idem
453 2967 507 3030 ille
523 2965 685 3049 Euripidis
708 2965 896 3048 scholiasta,
921 2967 1083 3050 Marsyam
1105 2969 1284 3030 antestatus
1304 2968 1339 3032 ἐν
1354 2974 1392 3052 τι]

251 3079 364 3163 πρώτῃ
386 3081 463 3143 τῶν
483 3077 724 3143 Μακεδόνων
745 3077 988 3160 ἱ(τοριῶν*),
1014 3076 1121 3140 obstat
1142 3076 1291 3159 loquendi
1319 3097 1394 3140 usus

252 3191 284 3252 et
299 3188 449 3251 similium
469 3187 664 3271 comparatio
681 3185 937 3270 inscriptionum.
969 3186 1029 3250 Illo
1045 3186 1131 3250 enim
1153 3186 1298 3269 exemplo
1321 3207 1393 3250 con·

251 3299 379 3381 scriptis
403 3297 639 3362 commentariis
666 3295 805 3359 indicem
828 3299 939 3360 auctor
960 3295 1089 3359 fecisset
1111 3295 1321 3376 ὑπομνήματα
1343 3295 1392 3360 vel

250 3409 400 3490 stuprare
422 3408 471 3471 vel
495 3428 574 3490 quae
597 3410 673 3470 sunt
693 3406 815 3488 reliqua
836 3406 967 3469 nomina
990 3405 1129 3469 eiusdem
1151 3405 1290 3488 generis.
1330 3405 1393 3468 lta·

250 3538 310 3602 que
332 3522 369 3582 ut
390 3520 586 3582 revertamur
608 3515 692 3579 unde
714 3515 852 3598 profecti
873 3536 995 3598 sumus,
1021 3537 1092 3578 cum
1114 3537 1174 3578 nec
1191 3515 1311 3578 Pellaei
1333 3535 1393 3578 uec

250 3627 466 3711 Philippensis
493 3625 700 3690 Macedonica
728 3625 927 3709 significasse
950 3624 1165 3708 Harpocratio
1187 3647 1216 3688 v.
1234 3624 1392 3704 'Aprtriwv

250 3742 283 3802 et
306 3738 467 3818 Μαργίτης
489 3736 602 3820 possit,
626 3755 686 3798 nec
708 3734 748 3798 ad
772 3737 981 3815 Ἀλεξάνδρου
1004 3735 1134 3813 ἀγωγήν
1157 3733 1272 3818 prioris
1294 3733 1393 3817 scrip-

249 3848 328 3911 toris
351 3869 430 3910 sana
453 3846 578 3910 ratione
606 3844 725 3908 referre
748 3866 785 3908 ea
813 3845 925 3928 liceat,
958 3866 1039 3928 quae
1062 3844 1188 3908 adultus
1211 3843 1394 3907 Alexander

249 3961 282 4020 et
303 3979 359 4020 rex
387 3956 491 4020 faetus
519 3956 733 4039 perpetravit:
764 3954 846 4017 nihil
873 3955 938 4018 iam
965 3953 1107 4018 videmus
1135 3953 1290 4036 reliquum
1313 3972 1391 4036 esse,

249 4141 312 4148 .-.-
349 4137 449 4146 -·-—-

316 4261 341 4328 *)
365 4259 439 4328 [Nisi
461 4261 555 4313 tamen
579 4276 641 4312 cum
663 4257 797 4312 Muellero
820 4275 846 4326 p.
867 4265 900 4312 44
919 4261 1122 4314 Μακεδονικῶν
1140 4257 1317 4312 seribendrun
1341 4273 1392 4327 pro

249 4353 444 4420 Μακεδόνων]
