3254 5092
633 389 669 435 m
692 387 974 437 aarsroeaanau.
1312 373 1372 435 211

208 545 336 620 ιδῆμον
359 541 551 621 ςτραφέντες
573 539 636 619 ἅμα
658 541 695 604 τὸ
718 541 797 604 αὐτὸ
820 541 934 617 ἔλεγον
957 541 1007 604 καὶ
1029 542 1172 622 ςτροφην
1190 541 1239 604 καὶ
1261 543 1374 620 προοί-

233 671 313 728 μιον.
358 651 472 715 Ἕνεκα
494 652 550 728 μὲν
572 654 639 714 τῶν
663 649 857 730 εὐχαρίςτων
880 653 978 714 ταῦτα
1000 650 1125 730 ἐγράφη
1146 671 1212 729 μοι·
1236 650 1374 728 ἀποδρέ-

233 765 328 824 πεςθε
356 762 391 823 δὲ
419 761 469 824 καὶ
499 759 585 837 ὑμεῖς
606 759 742 836 τούτων,
764 760 945 836 γεννήματα
966 759 1103 836 ἐχιδνῶν
1125 761 1175 823 καὶ
1197 759 1372 838 ἀχάριςτοι.

233 870 375 947 Φὰμενοι
397 871 433 933 δὲ
455 870 505 932 καὶ
529 868 567 932 τὸ
589 870 685 945 γένος
700 873 759 934 τοῦ
779 873 915 946 ποιητοῦ
937 870 988 932 καὶ
1009 869 1067 932 τὸν
1082 869 1203 933 ςκοπὸν
1218 873 1276 933 τοῦ
1298 869 1373 948 δρά-

233 999 347 1057 ματος,
375 977 560 1056 χωρίςωμεν
590 979 641 1042 ἐπὶ
668 981 726 1057 τὴν
754 982 813 1043 τοῦ
842 978 989 1055 κειμένου
1018 979 1124 1057 ςαφὴν
1152 978 1202 1041 καὶ
1236 979 1373 1056 ςχολὶων

198 1113 221 1150 ιο
234 1091 332 1153 τινῶν
354 1088 589 1167 ἀναπλήρωςιν.

318 1280 467 1364 Sequitur
488 1281 523 1344 in
547 1281 654 1344 codice
676 1283 772 1358 γένος
798 1283 1062 1363 Ἀριςτοφάνους,
1084 1279 1199 1345 deinde
1221 1281 1373 1346 Πλούτου

234 1391 396 1466 ὑπόθεςις,
418 1393 486 1454 tum
509 1412 617 1454 versus
639 1395 704 1454 tres

320 1500 432 1579 Βίβλος
455 1502 540 1576 ἐγὼν
562 1501 666 1579 ςχεδίη
688 1501 945 1581 πρωτόγραφος,
969 1501 1069 1579 αὐτὰρ
1091 1502 1109 1565 ὁ
1132 1502 1282 1578 Τζέτῑης,

319 1609 559 1689 Φαυλογράφος
581 1631 642 1689 περ
664 1611 739 1686 ἐὼν,
761 1610 1001 1699 ιτρωτογράφος
1023 1610 1112 1674 ἔςιιεν
1134 1610 1235 1688 ἐμεῖο·

361 1719 508 1799 (ύμβολα
529 1721 558 1782 δ’
580 1721 726 1802 εἰςοραᾷς
748 1721 822 1782 πᾶς’
844 1720 1005 1798 ἀρίγνωτα
1027 1720 1116 1783 τάδε

234 1849 311 1910 quos
333 1832 399 1891 tres
421 1827 550 1892 fabulae
571 1828 700 1910 Plutus,
724 1827 849 1910 Nubae,
874 1827 986 1891 Ranae
1007 1827 1182 1912 (ao-105)
1199 1827 1372 1910 excipiunt.

235 1935 376 2000 Schedae
401 1937 461 2001 106
483 1937 622 2020 priorem
643 1936 799 2022 paginam
813 1937 965 2021 Equitum
985 1941 1209 2021 argumentum
1224 1941 1257 2002 et
1278 1937 1373 2020 primi

234 2045 372 2130 quinque
387 2045 486 2129 ipsius
501 2046 630 2112 fabulae
645 2067 754 2110 versus
769 2049 945 2130 occupant,
963 2046 999 2110 in
1014 2047 1115 2110 altera
1131 2050 1237 2110 autem
1252 2047 1374 2131 pagina

234 2175 342 2218 versus
371 2153 536 2218 Taetziani
564 2155 731 2239 leguntur,
761 2156 874 2240 quibus
902 2159 1127 2240 argumentum
1155 2156 1273 2218 Avium
1301 2177 1373 2218 con-

234 2262 355 2326 tinctor
362 2313 370 2345 ,
396 2264 578 2347 praemissis
602 2265 672 2327 aliia
695 2265 898 2348 quibusdam,
923 2285 1055 2347 quorum
1077 2264 1138 2327 hoo
1159 2268 1208 2326 est
1229 2265 1372 2328 initium:

236 2373 361 2452 ὄρνιθες
397 2377 500 2454 δρᾶμα
537 2375 676 2454 κωμικὸν
708 2375 973 2454 Ἀριςτοφάνους·
1009 2375 1220 2452 γραμματικὸς
1257 2374 1373 2441 Βυζάν-

234 2503 317 2559 τιος,
353 2482 455 2563 οὗπερ
476 2484 707 2564 Ἀριςτοφάνης
736 2484 858 2563 ἔγραψε
885 2485 944 2562 τήν
973 2483 1133 2558 ὑπόθεςιν,
1162 2483 1181 2560 ἣ
1204 2485 1300 2546 κεῖται
1326 2485 1372 2567 τῷ

235 2594 355 2675 βιβλίῳ.
396 2594 531 2670 Ῐῑέτῑης
559 2593 597 2657 τὸ
624 2596 728 2672 δρᾶμα
755 2597 853 2657 τοῦτο
881 2595 916 2657 δὲ
944 2594 1058 2658 θειάζει
1087 2593 1137 2655 καὶ
1165 2591 1295 2669 ἐξαίρει,
1329 2593 1373 2655 ὡς

235 2702 461 2781 Λυςιςτράτην,
495 2703 672 2781 Ἀχαρνεῑς,
707 2702 840 2782 Εἰρήνην
872 2723 907 2766 τε
939 2703 990 2766 καὶ
1017 2701 1106 2766 ἄλλα.
1157 2699 1280 2763 Scheda
1314 2700 1372 2763 1οἹ

235 2831 318 2874 saec.
336 2809 397 2874 XV
419 2811 577 2894 scriptura
599 2813 708 2874 vacat:
734 2811 794 2874 108
809 2832 835 2873 r.
859 2811 893 2873 in
915 2809 1053 2873 secundo
1068 2809 1185 2872 Avium
1207 2829 1299 2872 verau
1321 2809 1373 2871 de·

234 2919 328 3000 sinit3
355 2920 477 3003 relique
505 2921 590 2983 enim
612 2920 675 2982 iata
697 2919 878 3004 argumenti
901 2918 1072 3000 descriptio
1094 2921 1245 3001 occupat:
1261 2917 1329 2990 Ι108
1342 2941 1371 2980 ν.

236 3029 512 3092 commentariolos
541 3029 768 3114 grammaticos
797 3029 951 3092 continet.
996 3027 1084 3101 Quae
1111 3026 1238 3110 quidem
1266 3028 1373 3090 omnia

234 3137 297 3220 ita,
321 3141 357 3201 ut
379 3138 413 3201 in
429 3139 536 3202 codice
558 3139 736 3222 perscripta
751 3141 842 3220 sunt,
866 3137 1015 3221 apposui,
1038 3140 1076 3199 ut
1089 3137 1124 3199 in
1139 3137 1276 3220 reliquas
1299 3159 1373 3220 quo-

234 3269 311 3330 que,
335 3249 448 3311 autin
470 3249 577 3330 plures
598 3251 684 3312 certe
706 3269 801 3332 quam
823 3247 858 3310 in
880 3251 945 3310 tres
966 3245 1054 3329 illae,
1079 3245 1231 3309 aTzetza
1253 3246 1373 3309 scholia

234 3357 332 3419 fuisse
361 3357 536 3439 composita
563 3356 780 3440 intelligatur:
808 3357 905 3420 immo
933 3356 986 3418 vix
1013 3354 1124 3418 dubito
1149 3355 1226 3439 quin
1248 3355 1374 3437 inipso

235 3466 359 3548 codice,
394 3487 411 3529 e
438 3487 500 3549 quo
527 3465 758 3530 Ambrosianus
792 3465 969 3547 descriptus
998 3467 1062 3546 est,
1097 3467 1153 3527 aut
1181 3484 1290 3526 omnes
1318 3467 1373 3525 aut

235 3575 341 3658 plures
357 3574 484 3638 fabulae
500 3565 682 3656 extiterin't,
706 3596 723 3638 e
745 3574 860 3658 quibus
880 3574 1045 3654 librariua,
1070 3573 1278 3656 complurium
1302 3591 1373 3653 poe-

234 3689 340 3748 tarum
370 3684 513 3749 carmina
542 3684 788 3766 compositurus,
823 3704 877 3746 eas
910 3703 990 3766 quae
1024 3682 1161 3746 maxime
1195 3680 1374 3744 celebratae

236 3797 329 3857 erant
356 3793 597 3877 deprompserit.
649 3793 693 3856 Et
726 3795 839 3856 extant
870 3793 1007 3856 fortasse
1036 3792 1153 3854 Avium
1187 3789 1308 3854 scholia
1338 3789 1373 3852 in
1394 3798 1442 3846 123

237 3903 344 3967 codice
366 3902 524 3966 Vrbinate
550 3903 624 3983 141,
654 3924 716 3982 quo
738 3923 812 3966 usus
840 3904 890 3964 eat
917 3899 1152 3983 Kusterflcf.
1176 3899 1242 3962 cius
1270 3897 1371 3981 praef.

234 4011 269 4074 in
297 4012 489 4097 Aristoph.).
540 4010 652 4095 Neque
681 4011 766 4074 enim
794 4013 879 4092 erat,
909 4031 964 4074 cur
991 4010 1068 4073 Otto
1097 4007 1307 4072 Schneidcrus
1335 4007 1373 4069 ‹le

235 4123 313 4184 vett.
336 4105 371 4184 in
388 4120 553 4204 Aristoph.
578 4119 688 4184 scholl.
712 4120 812 4202 font,
837 4119 890 4202 qui
913 4141 970 4182 auo
992 4117 1118 4202 quidem
1132 4117 1216 4198 iure,
1240 4120 1276 4179 ut
1296 4119 1374 4180 tunc

304 4311 327 4359 6.
341 4307 582 4374 ἀποδρεπέςθεςαν
600 4305 660 4360 cod.
697 4307 739 4359 An
757 4305 876 4359 volucrit
893 4305 1162 4371 ὰποδρειιέςθιιιςανβ
1219 4308 1245 4359 9.
1258 4301 1373 4369 [ςαφὴν;

237 4401 270 4452 cr.
288 4417 314 4468 p.
337 4406 392 4462 ua,
411 4407 435 4452 a.
473 4405 528 4464 rra,
547 4407 570 4452 a.
606 4398 636 4452 F.
657 4399 699 4466 Rp

1111 4481 1173 4545 14*
