3226 5096
251 323 291 386 78
686 339 955 388 suessoniensem.

251 491 286 556 ἐν
315 491 476 556 ἐλάττοειν
505 493 524 570 ἢ
553 495 836 557 πεντακοείοι(
864 495 1022 573 coxon.
1047 531 1089 540 -
1110 494 1166 576 41)
1192 491 1316 555 Ebend.
1350 491 1388 554 13

250 622 281 682 p.
299 600 372 681 840,
392 601 445 664 tt:
468 601 598 666 πλείου(
614 603 633 680 ἢ
649 603 905 680 τριακοεὶουε
928 603 1089 682 <rixose
1114 651 1146 665 ..
1172 603 1389 668 ἀποδεδωκὼε

251 714 318 775 ταῑε
340 711 460 789 μάχαις.
474 749 517 759 -
537 710 593 794 42)
616 711 741 775 Εδειαλ
767 712 805 774 19
827 734 858 794 p.
883 711 955 794 854,
982 714 1015 775 l:
1038 712 1208 792 προοίμιον
1230 716 1285 791 τῆς
1306 711 1389 776 ‘tcto-

199 832 232 880 9o
250 821 319 899 ρίαε
341 821 429 900 μέχρι
451 822 728 886 πεντακοείων
757 821 920 899 ἐκμηκύνει
943 823 1095 900 ετίχων.
1119 860 1162 870 -
1183 822 1238 907 43)
1262 819 1387 885 Ebend.

249 949 281 1011 p.
306 929 378 1010 856,
405 931 438 992 l:
468 929 547 1008 ὃδὴ
572 931 621 993 καὶ
643 931 816 1009 πεποίηκεν
840 930 858 994 ὁ
881 929 979 1009 ἀνὴρ,
1007 931 1134 1008 μέλλων
1163 929 1311 1010 ἄρχεεθαι
1333 933 1389 1009 τῆ(

249 1041 436 1118 διηγήεεωε,
469 1041 506 1103 ἐν
538 1039 701 1104 ἐλάτταειν
733 1040 753 1116 ἢ
786 1041 1038 1119 πεντήκοντα
1071 1040 1227 1120 ετίχοιε.
1257 1079 1298 1088 -
1331 1041 1387 1125 44)

249 1147 373 1212 Ebend.
404 1149 446 1212 33
473 1171 505 1230 p.
534 1147 606 1228 893,
639 1149 691 1210 18:
722 1147 818 1213 οὖτα(
847 1150 866 1213 ὁ
894 1152 1055 1229 χαρακτὴρ
1082 1155 1136 1228 τῆ(
1164 1151 1311 1231 ἀεαφού(
1338 1152 1388 1214 καὶ

248 1259 468 1336 πεπλεγμένη(
496 1257 612 1334 λε’ξεωε
639 1306 723 1320 ....
749 1258 812 1322 ἕω(
840 1258 980 1323 ἑκατὸν
1003 1260 1206 1338 ἐκμηκύνεται
1235 1261 1386 1341 ετίχων.

160 1349 161 1352 ‘
248 1405 290 1416 -
311 1368 367 1452 45)
391 1367 522 1449 Dionys.
546 1365 585 1429 oe
608 1365 720 1429 aomo.
745 1367 775 1429 vs
798 1366 962 1430 Demossh.
986 1369 1026 1433 ει
1050 1391 1081 1452 p.
1108 1370 1199 1452 1126,
1226 1371 1279 1434 10:
1311 1370 1387 1435 οωε

247 1479 277 1554 γ’
298 1477 380 1541 ἄλλα
402 1477 472 1541 τινὰ
493 1477 631 1556 φορτικὰ
653 1477 702 1540 καὶ
725 1475 805 1555 ἀηδῆ
834 1476 977 1556 ὀνόματα
998 1478 1035 1542 ἐν
1057 1479 1167 1545 οὐδενὶ
1187 1483 1253 1566 πῶν
1277 1482 1387 1558 Δημα-

248 1587 380 1652 εθένουε
395 1587 505 1661 λόγων
521 1585 626 1666 εὑρεῖν
642 1585 828 1664 δεδύνημαι,
850 1587 900 1650 καὶ
914 1591 1015 1652 ταῦτα
1029 1590 1147 1654 πέντε
1164 1591 1183 1668 ἢ
1199 1590 1237 1654 ἓξ
1252 1589 1386 1668 μυριά-

247 1701 317 1761 δαε
340 1696 480 1775 ετίχων
496 1675 622 1760 ἐκείνοιν
636 1698 694 1760 τοῦ
710 1694 829 1774 ύνδρόε
845 1698 1124 1762 καταλελοιπότοε.
1138 1736 1180 1745 -
1194 1697 1250 1780 46)
1266 1697 1385 1760 Iusti-

248 1805 389 1868 nianus
422 1805 461 1866 de
494 1807 638 1886 concept.
674 1803 798 1888 Dignst.
833 1805 873 1868 nd
907 1809 1062 1870 antecess.
1093 1810 1113 1887 β
1144 1808 1176 1870 1:
1222 1811 1262 1870 Et
1294 1819 1385 1870 onten

153 1995 157 2002 1
247 1920 365 1994 quidem
472 1935 513 1977 ex
534 1925 622 1977 tanto
644 1921 741 1992 iepnm
763 1919 966 1992 multitudine,
997 1937 1075 1994 qnae
1100 1923 1132 1978 in
1152 1921 1299 1981 librorum
1320 1923 1385 1996 pisi·

247 2031 313 2088 dem
337 2029 397 2088 dieo
423 2029 543 2099 milio,
574 2044 744 2088 sensnum
773 2036 871 2088 antem
898 2031 1032 2088 tricies
1059 2036 1217 2089 centeno
1243 2031 1384 2092 extente-

246 2139 352 2214 bntnr,
375 2138 453 2197 nilzit
466 2139 554 2197 oliuo
574 2139 634 2196 nisi
645 2153 700 2196 sen
715 2139 919 2198 tantummodo
941 2139 1084 2204 libros
1108 2141 1236 2200 studiosi
1255 2141 1384 2214 occipie-

246 2249 330 2307 onnt.
354 2242 608 2328 -47)1ostin.
638 2241 677 2305 de
705 2243 846 2306 confirm.
871 2242 947 2326 Dig.
978 2243 1018 2306 nd
1042 2242 1115 2308 Sen.
1140 2243 1172 2306 αλ
1193 2265 1278 2308 omn.
1309 2265 1382 2326 pop.

247 2357 278 2432 β.
298 2355 332 2416 1:
358 2402 390 2415 ..
413 2373 434 2415 o
450 2353 602 2432 praefato
624 2358 689 2416 viro
711 2359 829 2416 excelso
843 2363 1013 2430 snppestnm
1033 2364 1077 2416 est
1098 2359 1159 2418 dno
1175 2374 1276 2434 poene
1301 2359 1385 2416 milio

245 2468 390 2528 librorum
423 2483 485 2526 esse
517 2467 692 2542 conscripto
725 2473 754 2526 et
787 2467 857 2541 plns
893 2481 983 2542 quom
1019 2469 1227 2528 trecenties
1262 2469 1384 2527 decem

245 2579 351 2636 milio
372 2593 539 2637 versuum
559 2593 579 2634 α
599 2576 747 2636 veteribus
765 2578 881 2652 effuso:
904 2619 962 2636 ...
995 2578 1026 2636 in
1048 2579 1270 2652 quinquaqinta
1291 2577 1385 2637 libros

246 2703 333 2747 omne
359 2689 442 2762 qnod
462 2687 648 2746 utilissimum
669 2693 737 2744 erot
758 2688 915 2746 collectum
941 2693 999 2744 est:
1023 2727 1082 2746 ...
1107 2702 1271 2762 nomenque
1297 2687 1385 2746 tibris

245 2798 436 2871 imposuimus
450 2795 638 2868 Dipestorwn
658 2810 711 2854 seu
725 2795 949 2856 Pondectornm
972 2839 1032 2855 ...
1057 2798 1088 2855 in
1109 2803 1253 2857 centnm
1275 2797 1383 2870 qnin-

245 2907 430 2980 qnopinto
455 2921 554 2978 poene
579 2906 684 2964 milio
718 2921 885 2964 oersnnm
911 2912 1003 2965 totum
1031 2888 1381 2981 opns'consummontes.

244 3047 287 3060 -
301 3010 357 3093 48)
372 3009 486 3074 lustin.
503 3009 533 3072 d.
551 3009 637 3073 cons.
661 3009 737 3092 Dig.
762 3009 802 3072 ad
825 3011 869 3072 M.
894 3009 1002 3074 Senot.
1020 3009 1056 3074 P.
1074 3010 1111 3085 Q.
1135 3014 1168 3075 et
1189 3011 1276 3074 univ.
1294 3009 1380 3073 civit.

246 3124 266 3199 β
297 3122 328 3183 l:
365 3123 425 3185 νῦν
459 3122 494 3185 δὲ
521 3121 577 3184 τὰ(
610 3119 765 3185 ἁπάντων
796 3123 863 3186 τῶν
890 3119 1067 3200 ἔμπροεθεν
1097 3121 1383 3198 νομούετηεάντων

244 3231 478 3306 ευναγαγόντεε
498 3231 628 3308 γνώμα(
650 3229 685 3294 ἐκ
706 3233 765 3294 τού
787 3231 929 3308 πλήθουε
951 3229 1016 3295 ἀπὸ
1038 3233 1106 3296 τῶν
1128 3230 1271 3310 βιβλίων,
1299 3229 1381 3308 ἅπερ

206 3419 211 3430 ³
244 3339 283 3417 ἦν
311 3342 368 3418 μὲν
396 3338 477 3419 ἀμφὶ
503 3339 543 3403 τὰ
569 3338 717 3417 διεχὶλια,
745 3338 877 3419 ἀριθμὸν
900 3342 936 3404 δὲ
959 3339 1049 3420 εἰχον
1077 3339 1217 3419 ετίχων
1247 3338 1382 3418 μυριά-

244 3455 323 3514 δων
345 3448 595 3528 τριακοείων,
614 3449 670 3512 ἐπὶ
692 3448 846 3527 ἔμμετρόν
861 3470 894 3514 τε
916 3449 980 3528 ἅμα
1001 3450 1051 3512 καὶ
1072 3449 1271 3514 εύεύνοπτον
1289 3468 1381 3526 κυνη-

243 3560 384 3638 γάγομεύ
399 3557 567 3637 ἄθροιεμα·
590 3558 789 3636 πεντήκοντα
812 3558 872 3623 οὖν
893 3559 933 3623 τὰ
947 3558 1053 3623 πάντα
1068 3559 1265 3636 πεποιήμεθα
1280 3557 1382 3637 βιβλία

243 3669 283 3733 τὰ
310 3672 386 3734 νύν·
411 3717 416 3730 .
439 3717 468 3730 ..
494 3668 534 3732 οὐ
562 3655 740 3746 περαιτέρω
767 3689 800 3732 τε
829 3670 946 3734 πέντε
974 3669 1034 3733 καὶ
1062 3669 1153 3732 δέκα
1182 3666 1380 3746 μυριάδων

244 3778 386 3857 (τίχων
408 3777 542 3857 ἀριθμὸν
566 3778 652 3861 αὐτῷ
676 3778 796 3842 δόντεε.
811 3815 854 3824 -
868 3777 924 3860 49)
940 3775 1160 3841 Untcrsohrift
1181 3775 1236 3838 des
1258 3773 1380 3838 Index

244 3885 500 3950 Florentinus
528 3887 584 3949 der
612 3885 943 3969 Pandektenquellen:
972 3887 1079 3966 ἔχουει
1106 3888 1142 3951 δὲ
1169 3873 1250 3963 [τι-μ
1274 3871 1322 3948 (X.
1339 3920 1381 3929 —

242 3997 298 4080 50)
321 3995 476 4059 Plinius
498 3995 539 4059 N.
564 3994 606 4058 H.
631 3993 733 4076 XXX,
760 3997 793 4060 l:
830 3999 1012 4076 Hermippus
1033 4002 1086 4075 qni
1106 4001 1144 4058 de
1165 4015 1202 4058 eo
1224 4003 1291 4056 orie
1312 3996 1380 4056 dili·

192 4113 412 4183 snpentissime
445 4111 567 4184 scripsit
602 4115 632 4168 et
667 4111 783 4169 vicies
823 4116 967 4169 centnm
1003 4110 1108 4168 milio
1150 4121 1318 4168 versuum
1360 4122 1380 4163 α

243 4219 407 4279 Zoroastre
438 4219 577 4292 condito,
619 4219 769 4278 indicibus
805 4235 920 4293 qnoque
952 4221 1133 4278 voluminum
1165 4219 1229 4277 eins
1260 4216 1377 4290 positis,

242 4329 431 4404 explanavit.
447 4363 489 4372 -—
503 4324 559 4408 51)
583 4323 779 4387 Asconius
803 4324 835 4387 in
859 4323 959 4388 Cicer.
984 4323 1148 4387 Pisonion.
1173 4323 1241 4405 p.2
1263 4319 1377 4383 Oroll.:
