3254 5092
504 345 551 391 nn
575 345 668 390 sinn.
691 343 795 391 ..inum
818 344 861 389 ατ
885 345 1098 394 ersrsrsxro.
1312 327 1371 392 155

232 497 325 559 sitam
354 521 374 559 n
406 496 588 560 doctissimo
616 517 745 559 censore
777 517 977 560 numerorum
1005 497 1213 560 mutationem
1242 497 1368 580 attinet,

232 627 292 690 age
313 606 366 670 fac
396 603 422 687 β’
443 608 593 686 μυριάδε(
615 629 634 668 a
656 605 771 670 Tzetza
794 606 949 688 scriptum
971 628 1049 670 esse.
1081 606 1140 670 Vel
1169 608 1248 670 haec
1271 607 1371 670 nimia

231 714 443 779 miscellonmr
472 719 598 780 tantum
627 715 769 780 codicum
798 715 898 780 videri
927 715 1095 780 multitudo
1124 720 1238 798 potest.
1289 716 1370 792 Quid

232 829 336 889 autem
360 825 473 890 ‹leiude
490 825 755 890 consecuturum?
784 825 945 918 Nimirum
965 829 1000 887 ut
1021 825 1084 888 alio
1107 827 1144 888 ex
1168 829 1258 908 parte
1274 826 1371 889 etiam

231 941 402 1020 augeatur,
436 935 518 1019 ηιιοι]
547 936 601 999 ille
629 935 735 998 levare
768 935 889 998 studuit
920 934 1163 998 incommodum.
1215 935 1371 1000 Minuitur

232 1045 426 1109 voluminum
464 1046 555 1129 copia
590 1045 738 1108 universa
774 1045 951 1128 promiscue
988 1047 1241 1127 computatorem
1272 1048 1305 1108 et
1336 1047 1373 1128 in

231 1177 327 1218 unam
357 1177 512 1219 srmnnam
546 1155 764 1219 collectonmrz
798 1158 932 1238 augetur
957 1155 1155 1239 singulorum
1182 1155 1371 1237 scriptorum

231 1265 421 1348 frequentia.
459 1265 542 1328 Nam
567 1286 637 1328 cum
660 1265 726 1328 fere
750 1247 912 1356 complure
928 1264 1072 1346 exempla
1093 1264 1186 1328 unius
1208 1265 1371 1347 scriptoris

233 1374 449 1439 Alexandriae
478 1374 637 1438 exstitisse
665 1372 890 1457 Bernhardyus
924 1376 1038 1457 neget,
1073 1377 1207 1457 apparet
1236 1374 1275 1438 de
1304 1375 1370 1438 eius

232 1483 513 1567 interpretatione,
544 1505 761 1568 quemcunque
784 1505 950 1547 numerum
971 1485 1005 1546 in
1028 1480 1057 1563 μ’
1079 1485 1241 1563 μυριάδων
1265 1484 1370 1548 locum

231 1593 447 1676 substituens,
471 1593 566 1677 longe
589 1594 797 1677 pluraquam
820 1593 975 1677 nonagies
993 1593 1079 1656 mille
1102 1593 1221 1676 scripta
1244 1594 1371 1678 singula
1389 1609 1422 1657 38

232 1703 331 1785 effici,
355 1703 468 1787 quibus
491 1703 617 1787 quidem
640 1703 782 1766 contenti
797 1725 856 1766 nos
878 1701 1048 1766 fueramus.
1086 1702 1250 1766 Postremo
1265 1706 1371 1767 autem

233 1812 468 1876 confirmandae
495 1812 754 1896 interpretationi
777 1834 852 1875 suae
875 1812 941 1875 eius
964 1811 1050 1876 modi
1072 1815 1296 1896 argumentum
1318 1813 1371 1876 ad-

231 1922 351 2004 hibuit,
381 1922 468 1986 cuius
496 1924 637 1985 extrema
665 1922 707 1984 sit
734 1919 946 1985 imbecillitas.
996 1921 1087 1984 lnter
1119 1923 1253 1987 πίνακα(
1286 1923 1372 1986 enim

232 2031 462 2096 Callimacheos
484 2030 581 2094 fuisse
604 2031 700 2094 etiam
723 2031 839 2098 πίνακα
865 2035 1084 2097 παντοδαπῶν
1108 2033 1370 2113 ιυγγραμμάτωνῑ

231 2164 325 2224 quem
353 2141 491 2205 iudicem
520 2141 558 2204 ad
587 2140 671 2224 ipsos
701 2140 824 2205 codices
853 2141 1009 2205 miscellos
1038 2145 1181 2223 spectare
1209 2142 1269 2205 sibi
1302 2164 1372 2226 per-

231 2251 342 2316 suasit.
372 2250 492 2315 Verum
522 2250 607 2313 enim
635 2272 709 2314 vero
735 2251 832 2335 longe
861 2251 923 2314 alia
950 2251 1031 2314 ratio
1054 2254 1103 2314 est
1123 2251 1208 2314 illius
1230 2253 1371 2318 πίνακοτ.

231 2359 307 2424 Νοιι
331 2359 417 2424 enim
439 2383 458 2423 a
479 2361 600 2424 formae
624 2358 881 2444 condicionisque
904 2363 1054 2423 externae
1082 2360 1266 2424 diversitate
1289 2362 1372 2425 codi-

232 2493 304 2533 cum
338 2469 516 2553 profectam
548 2490 616 2532 esse
649 2469 737 2532 illam
765 2471 910 2535 πινάκων
943 2469 1213 2552 distributionem,
1248 2471 1302 2534 sed
1331 2473 1372 2535 ab

230 2579 372 2662 ipsorum
394 2578 564 2662 generibus
587 2582 862 2662 argrmrentorum,
887 2601 957 2642 curn
980 2579 1113 2642 aliorum
1136 2580 1372 2662 comparatione

231 2690 377 2754 πινάκων
393 2686 608 2772 intellegitur:
624 2689 887 2771 quemadmodum
902 2688 1024 2753 exstitit
1039 2689 1132 2754 πίναξ
1148 2689 1211 2772 (vel
1227 2689 1371 2776 πίνακετ)

230 2803 298 2864 τῶν
313 2798 439 2877 νόμων,
461 2797 555 2863 πίναξ
570 2797 650 2882 (sive
666 2798 852 2882 ἀναγραφὴ)
868 2804 934 2864 τῶν
950 2799 1141 2878 ῥητορικῶν,
1162 2799 1291 2865 πίνακι(
1304 2805 1372 2867 τῶν

231 2915 375 2987 ποιητῶν
398 2910 648 2991 (διδαεκαλιῶνλε
672 2910 739 2970 tum
763 2908 878 2972 certius
902 2908 998 2972 etiam
1015 2929 1052 2971 ex
1075 2909 1208 3002 serpatis
1225 2915 1284 2975 τοῦ
1305 2916 1372 2977 τῶν

231 3022 451 3084 παντοδαπῶν
473 3017 665 3080 testimoniis
688 3022 832 3100 apparet.
878 3017 1062 3081 Athenaeus
1090 3017 1168 3082 XIV
1190 3041 1221 3102 p.
1245 3021 1307 3084 843
1331 3027 1371 3084 E:

232 3127 307 3192 οίδα
329 3129 436 3192 δὲκαὶ
460 3127 659 3207 Καλλίμαχον
682 3128 717 3193 ἐν
739 3135 785 3212 τῷ
807 3131 873 3193 τῶν
888 3131 1107 3194 παντοδαπῶν
1123 3131 1373 3210 ιυγγραμμάτων

231 3238 339 3303 πίνακι
362 3237 595 3317 ἀναγράψαντα
610 3239 903 3304 πλακουντοποιικὰ
924 3239 1146 3318 (υγγράμματα
1161 3239 1301 3318 Αἰγιμίου
1322 3244 1373 3306 καὶ

230 3349 428 3426 (Ηγητίππου
455 3348 506 3410 καί
529 3347 727 3427 Μητροβίου,
755 3347 800 3413 ἔτι
828 3349 863 3413 δὲ
886 3348 1013 3412 Φαίτου.
1060 3349 1205 3430 Apparet
1225 3371 1290 3413 non
1318 3350 1372 3413 ha-

231 3457 337 3520 buisse
361 3455 607 3536 Callimachmn,
633 3456 682 3520 cui
705 3460 810 3520 certae
833 3456 928 3521 classi
949 3457 1044 3540 talia,
1068 3459 1174 3540 qualia
1197 3461 1272 3522 sunt
1293 3462 1372 3524 πλα-

230 3567 474 3642 κουντοποιικά,
502 3565 673 3648 tribueret,
703 3587 774 3630 cum
796 3589 856 3631 nec
878 3567 912 3630 in
940 3567 1099 3631 historicis
1128 3571 1234 3650 posset
1257 3589 1315 3631 nec
1338 3569 1370 3632 in

230 3674 461 3760 philosophicis
485 3696 544 3739 nec
566 3675 601 3739 in
623 3675 790 3740 rhetoricis
812 3676 903 3740 libris
925 3677 1002 3740 satis
1026 3679 1100 3760 apte
1122 3677 1251 3740 referre.
1291 3677 1371 3743 (lon-

230 3785 310 3849 iecit
331 3785 430 3868 igitur
459 3807 522 3848 una
551 3807 622 3849 cum
648 3785 793 3870 reliquis,
823 3786 909 3851 δίοιτ
938 3791 1079 3852 δεῖπνα
1104 3787 1248 3867 ἐγράφθη
1278 3786 1369 3870 (Ath.

230 3893 280 3957 VI
302 3916 333 3976 p.
357 3893 421 3957 244
443 3895 499 3979 A),
530 3894 563 3957 in
587 3917 750 3959 commuue
779 3896 906 3978 aliquod
929 3900 961 3960 et
983 3896 1265 3960 diversissimonrm
1289 3917 1371 3959 com-

230 4005 462 4068 mentarionm1
491 4026 590 4087 capax
622 4009 783 4086 horreum,
813 4006 895 4089 quod
918 4007 1110 4072 παντοδαπά
1132 4005 1311 4088 inscripsit:
1341 4007 1371 4069 id

230 4113 316 4198 quod
345 4114 413 4178 fieri
441 4113 596 4197 hodieque
624 4114 775 4178 videmus.
825 4115 863 4179 In
897 4115 952 4179 illo
985 4117 1085 4199 igitur
1119 4116 1272 4180 collocata
1304 4137 1371 4180 esse

231 4223 332 4286 etiam
354 4222 539 4286 brevissima
562 4225 722 4288 volumina
745 4228 916 4309 potuerunt
931 4248 990 4289 neo
1007 4225 1071 4288 nisi
1086 4247 1182 4288 unam
1204 4226 1372 4310 scriptiun-

232 4331 339 4398 crdam
362 4333 542 4417 complexu,
565 4338 601 4397 ut
616 4333 867 4418 Ohaerephoutis
890 4335 944 4398 ille
961 4335 1117 4418 Uyrebion
1141 4335 1225 4417 apud
1249 4335 1324 4400 Ath.
1349 4337 1370 4400 l.
