3270 5094
642 369 784 434 rhlolot
807 375 955 433 11111111.
1306 357 1369 430 413

227 529 412 624 significare
434 531 595 622 Diogenes
617 537 763 602 Laertius
785 538 911 601 videtur
931 535 991 620 ΠΙ,
1016 537 1046 619 8,
1070 555 1137 602 non
1157 539 1226 601 tam
1249 540 1370 602 certum

228 653 287 732 est,
311 669 407 735 quam
421 647 576 713 Hudsono
598 648 700 711 11111111
723 651 772 711 est
786 647 895 711 adnot.
913 647 953 710 ad
968 647 1201 711 Marcellinum.
1214 647 1245 732 ²⁸¹)
1280 645 1370 723 Quod

228 763 336 822 autem
357 779 396 822 ex
411 756 624 842 Prariphanis
645 757 703 821 illo
723 759 796 838 περὶ
816 763 960 836 ποιητῶν
983 756 1075 839 libro,
1099 756 1279 841 alliogene
1301 758 1322 820 l.
1341 779 1367 821 o.
1387 775 1403 824 a

229 871 489 950 commemorabo,
524 869 651 950 sumpta
678 887 747 930 csse
773 865 940 930 Harlesius
967 867 1002 930 in
1028 865 1169 930 Fabricii
1197 865 1282 930 Bibl.
1318 888 1368 951 gr.

228 976 277 1040 Il]
298 999 331 1060 p.
355 977 418 1042 503
444 979 538 1059 putat
560 997 614 1058 ea,
644 997 724 1059 quae
747 997 785 1039 ex
808 975 1013 1058 Praxiphane
1034 974 1247 1058 Theophrasti
1276 975 1369 1039 disci-

229 1086 305 1169 pulo
326 1085 367 1149 ad
389 1083 522 1149 Hesiodi
544 1084 685 1168 Operum
706 1085 778 1149 init.
803 1085 896 1149 affert
917 1083 1056 1149 loannes
1077 1084 1210 1168 Tzetza,
1240 1085 1270 1148 id
1296 1106 1369 1148 con·

229 1194 292 1259 hdo
314 1194 436 1258 nemini
451 1195 621 1277 probatum
642 1194 692 1276 iri,
716 1195 770 1279 qui
793 1215 865 1258 oum
879 1193 1014 1258 Taetzae
1036 1193 1198 1258 adnotatis
1213 1193 1369 1279 Diogenis

229 1304 326 1368 verba
354 1303 528 1389 diligenter
560 1303 772 1368 contenderit.
824 1302 972 1368 Ceterum
999 1324 1059 1368 nec
1086 1304 1147 1367 hoc
1176 1325 1288 1368 censor
1314 1303 1369 1367 ille

231 1413 454 1499 Gottingensis
490 1435 557 1478 non
588 1412 685 1496 vidit,
723 1411 875 1476 Archelai
903 1433 1021 1477 nornen
1055 1413 1195 1495 positum
1223 1414 1320 1477 fuisse
1350 1435 1370 1477 a

230 1523 417 1588 Marcellino
452 1523 537 1586 inter
563 1525 730 1606 poctamm
756 1523 903 1605 nomina,
941 1522 1054 1606 quibus
1087 1523 1229 1606 aequalis
1256 1523 1370 1587 ferisset

230 1631 444 1716 Thucydides:
481 1633 632 1696 omissum
663 1635 769 1695 autem
803 1655 821 1695 a
854 1631 986 1694 librario
1014 1637 1047 1694 et
1079 1631 1113 1694 iu
1141 1631 1288 1716 margine
1316 1632 1369 1696 ad-

231 1743 385 1826 scriptum
407 1763 490 1824 esse,
519 1741 595 1806 hinc
616 1762 691 1806 vero
713 1741 896 1825 importuno
917 1740 988 1804 loco
1015 1740 1056 1804 ab
1079 1740 1142 1804 alio
1163 1741 1300 1825 quodam
1321 1741 1370 1805 iu·

231 1855 359 1916 sertum.
404 1850 559 1916 Nolumus
581 1851 667 1915 enim
689 1850 768 1914 adeo
790 1850 961 1933 hariolari,
984 1853 1020 1913 ut
1042 1849 1140 1913 etiam
1161 1852 1370 1934 Πραξιφάνης

232 1961 266 2026 ἐν
288 1969 334 2048 τῷ
357 1963 430 2041 περὶ
444 1961 619 2041 Ἀρχελάου
641 1961 778 2041 ἱιτορίαι
800 1959 942 2048 potuisse
964 1959 1119 2043 scriptum
1141 1981 1210 2024 csse
1233 1960 1369 2024 conicia-

232 2093 310 2134 mus.
361 2069 582 2134 Archelaus
610 2090 684 2135 vero
711 2072 818 2134 utrum
845 2091 901 2134 rex
928 2070 1054 2134 dicatur
1082 2091 1124 2134 an
1151 2070 1368 2154 philosophae,

232 2180 394 2264 ambigere
416 2179 505 2244 licet:
528 2178 566 2242 dc
581 2178 769 2262 philosopho
792 2182 878 2243 certe
899 2183 1078 2263 temporum
1098 2180 1180 2243 ratio
1202 2179 1370 2264 quominus

233 2290 407 2374 cogitemus
428 2288 559 2352 minime
581 2287 724 2370 impedit.
755 2288 803 2352 De
827 2287 914 2352 cuius
937 2289 1043 2353 aetate
1064 2289 1255 2371 paucissima
1277 2311 1370 2372 quae-

232 2397 305 2462 dam
332 2398 458 2462 dicturo
484 2397 564 2460 mihi
591 2397 682 2461 doleo
713 2397 795 2461 nulli
822 2398 892 2461 usui
920 2419 987 2462 esse
1014 2397 1103 2462 lonis
1130 2397 1202 2463 Chii
1229 2400 1369 2462 testimo-

232 2509 321 2572 nium
348 2507 390 2572 ab
417 2505 563 2591 Diogene
585 2506 746 2589 proditum
768 2506 817 2590 Π,
840 2507 896 2571 23:
924 2509 975 2572 καλ
996 2509 1088 2573 νέον
1112 2507 1210 2574 ὄντα
1232 2509 1370 2591 (coepa-

231 2619 303 2703 την)
327 2618 370 2683 etc
393 2617 498 2697 (άμον
522 2618 578 2682 εὺν
600 2617 761 2701 Ἀρχελάῳ
784 2616 997 2696 ἀποδημῆεαιε
1025 2616 1143 2700 quippe
1165 2617 1248 2700 quod
1270 2617 1370 2700 ipsius

232 2726 372 2792 Socratis
404 2726 489 2810 apud
516 2725 686 2790 Platonem
713 2725 808 2789 dictis
836 2726 915 2790 satis
942 2725 1164 2809 redarguatur.
1214 2717 1370 2801 Quocirca

234 2837 419 2900 certioribus
446 2835 644 2921 argumentis
671 2835 791 2898 utimur
816 2835 883 2918 his,
913 2835 996 2919 quod
1023 2838 1056 2899 ct
1082 2836 1298 2921 Anaxagorae
1325 2835 1370 2900 di·

233 2946 371 3031 scipulos
399 2949 432 3009 et
453 2945 594 3011 Socratis
615 2945 771 3030 magister
792 2944 969 3009 Archelaus
996 2945 1074 3010 fuit:
1105 2945 1165 3009 hoc
1188 2947 1273 3011 enim
1296 2945 1369 3011 Dio

233 3056 326 3140 genis
340 3055 383 3138 Il,
403 3056 452 3137 19,
477 3054 651 3120 Clementis
673 3054 886 3118 Alexandrini
909 3054 1058 3120 Stmml
1079 3077 1111 3139 p.
1130 3057 1201 3139 129,
1217 3056 1259 3121 50
1281 3057 1368 3141 sylb.

233 3167 266 3228 et
287 3163 403 3231 Suidae
425 3187 455 3229 ν.
477 3166 643 3244 (ωκράτηι
664 3164 857 3228 testimoniis
879 3165 958 3230 satis
980 3165 1195 3230 confirmatur.
1241 3168 1370 3231 Anaxa·

233 3295 328 3359 goras
344 3278 450 3338 autem
464 3276 560 3338 natira
583 3276 632 3336 est
646 3273 836 3358 olympiadis
851 3273 940 3338 LXX
955 3297 984 3338 a.
1005 3278 1032 3358 l,
1055 3278 1091 3338 ut
1105 3273 1239 3340 tradidit
1253 3275 1370 3361 Dioge-

234 3405 291 3448 nes
305 3384 348 3468 ΙΙ,
366 3386 384 3449 7
408 3381 595 3468 Apollodori
617 3383 680 3447 fide
696 3386 728 3446 et
742 3383 899 3448 Demetrii
914 3384 1076 3448 Phalerei:
1099 3385 1262 3468 utriusque
1285 3387 1371 3449 enim

234 3493 418 3558 testimonio
440 3492 536 3577 plane
559 3492 644 3556 inter
666 3514 700 3557 se
723 3514 898 3578 congruere
921 3494 1050 3577 senties,
1073 3495 1129 3559 ubi
1152 3516 1222 3558 oum
1238 3493 1370 3560 Dorsiuo

234 3601 320 3666 Fast.
344 3603 415 3666 Aa,
438 3601 487 3666 Ill
509 3624 541 3686 p.
567 3603 627 3667 166
649 3603 781 3666 Meursii
803 3603 1001 3668 verissimam
1023 3604 1278 3669 emendationem
1300 3627 1370 3688 pro-

234 3711 358 3777 baveris
382 3713 560 3778 Καλλιάδου
582 3711 751 3776 scribentis
773 3734 831 3796 pro
854 3715 991 3779 Καλλίου
1019 3713 1059 3777 dc
1080 3714 1226 3778 archont.
1249 3714 1369 3780 Athen.

236 3821 267 3885 Π
289 3844 359 3905 cap.
384 3821 419 3905 8,
448 3825 481 3885 ct
503 3825 595 3886 acute
616 3822 694 3885 item
717 3823 931 3903 ὀγδοηκοιτῆε
953 3844 1011 3906 pro
1034 3825 1281 3907 ἑβδομηκοετῆε,
1310 3825 1371 3889 λοο

236 3937 284 3994 est
312 3943 472 3994 oaaauur
505 3954 564 4017 pro
594 3943 743 4016 raauru,
771 3932 859 3996 Lacr.
888 3935 959 3996 Art.
983 3932 1047 4016 ΙΙΙ,
1075 3935 1127 3997 27.
1173 3933 1290 3999 Omnia
1318 3955 1371 3998 au·

235 4043 300 4105 tem
322 4041 406 4126 apud
425 4040 604 4127 Diogenem
623 4042 760 4126 turpiter
784 4041 939 4126 pervertit
961 4041 1179 4128 vitiosissime,
1208 4048 1244 4107 ut
1264 4066 1370 4128 saepe,

302 4297 327 4364 ²¹¹)
346 4296 455 4366 [Merito
473 4311 529 4351 non
550 4294 689 4351 dubitavit
705 4293 878 4351 Prellarus
897 4293 932 4353 dc
950 4295 1125 4368 Praxiphanc
1142 4311 1170 4368 p.
1189 4296 1317 4366 2011111,
1336 4299 1371 4354 da

237 4385 401 4444 scholiorum
414 4389 614 4444 Hesiodeorum
631 4391 789 4444 testimonio
807 4408 890 4459 posse
908 4391 1030 4445 dubitari
1047 4391 1200 4446 concedens
1218 4411 1244 4462 p.
1253 4399 1286 4446 25
1296 4393 1371 4462 111111]
