3184 5100
258 385 321 447 688
589 398 832 448 Εννιιοτοαιαι
856 400 1071 448 κναοοιολνι

257 575 326 630 μος
350 555 626 636 (Ἀπολλόδωρος)
648 592 690 600 -
715 553 785 618 150.
818 556 1036 633 Κεραϊςτής
1060 553 1119 638 (ὡς
1144 553 1342 634 Καλλίμαχος
1366 555 1402 618 ἐν

258 665 393 744 ἰάμβοις)
415 701 458 711 —
480 664 615 742 Κερδώ
646 663 705 746 (ὡς
729 665 809 742 παρ’
831 664 973 744 Αἰςχύλω
997 667 1015 742 ἢ
1040 662 1129 727 Εἰδώ
1153 666 1202 727 καὶ
1220 657 1308 738 Ὑψαί
1332 663 1401 729 ἀντὶ

259 777 317 838 τοῦ
347 774 366 851 ή
395 775 525 856 Εἰδοθέα
558 775 607 838 καὶ
634 775 809 854 Ὑψιπύλη)
844 811 887 822 —-
924 775 1109 854 Κεφαλήν
1143 812 1186 821 -
1224 773 1327 838 Κέως
1359 812 1401 821 -

260 885 431 963 Κνάμψω
462 886 634 966 (Ἀλκαῖος·
662 881 706 965 μή
735 881 841 965 μέγαν
869 881 1082 967 κερικνάφον
1111 885 1315 966 περιστίχειν
1342 883 1402 946 ἕνα

259 993 400 1079 κύκλον)
423 1033 465 1042 -
490 996 559 1058 155.
586 995 790 1074 Κμέλεθρα
812 996 911 1075 (λέγει
933 998 967 1060 δὲ
985 996 1003 1058 δ
1018 996 1217 1074 Ἡρωδιανὸς
1240 997 1298 1061 τὸν
1313 995 1400 1074 Πάμ-

260 1109 359 1185 φιλον
381 1106 555 1180 ἀναγαγεῖν
579 1105 615 1169 έν
637 1107 706 1167 ταῖς
727 1105 881 1179 γλώςςαις
904 1105 977 1185 κτὲ.)
1001 1144 1042 1152 —
1072 1106 1213 1170 Κοινός
1239 1105 1401 1187 (Μαρςιίας

258 1213 428 1299 ἰςτορεῑ*))
445 1253 487 1263 —-
511 1215 723 1294 Κολαφίζω
748 1214 879 1298 (Ἀπίων
905 1265 911 1277 .
938 1265 945 1277 .
972 1265 978 1276 .
1005 1265 1011 1277 .
1035 1215 1117 1295 παρ’
1140 1216 1334 1295 Ἐπιχάρμω·
1359 1209 1404 1288 αἱς

260 1322 341 1406 ταχὺ
370 1321 519 1406 κόλαφος
546 1325 719 1406 περιπατῶ
741 1322 860 1398 δεινός.
893 1325 978 1389 οὕτω
1003 1326 1166 1406 (ωρανός)
1196 1363 1237 1372 -
1261 1325 1402 1390 Κόλλα-

261 1442 321 1516 βοι
342 1473 385 1484 —-
409 1435 635 1514 Κοδράντης
658 1473 700 1481 —-
726 1434 795 1496 160.
821 1435 1040 1513 Κόμανα-
1064 1436 1218 1515 Κόχλος
1241 1437 1330 1518 (ὅθεν
1353 1437 1403 1500 καὶ

261 1547 457 1624 Θουκυδίδης
488 1546 522 1610 ἐν
551 1551 597 1609 τῶ
628 1550 645 1608 δ
669 1547 719 1608 διὰ
748 1548 806 1609 τοῦ
835 1552 856 1608 ᾱ
881 1546 967 1620 λέγει
995 1544 1163 1628 κάχλακας
1187 1596 1194 1608 .
1220 1596 1227 1609 .
1251 1597 1257 1608 .
1284 1595 1291 1607 .
1315 1547 1402 1627 παρὰ

262 1631 466 1735 ἰῖαλλιμάχω
490 1651 546 1717 καί
568 1657 614 1717 τά
636 1653 768 1736 νεήλων
791 1649 894 1729 εὐθὺς
911 1653 1140 1738 οιῗτομοάτατοι)
1162 1695 1205 1704 -—
1229 1659 1403 1721 Κουςτω-

261 1767 326 1831 δία
348 1804 390 1814 —
420 1767 676 1846 Κρηςφύγετα
703 1803 745 1813 —-
776 1766 1041 1844 Κροκόδειλος
1065 1768 1128 1847 (καὶ
1151 1767 1170 1845 ἡ
1194 1771 1299 1846 χρήςις
1322 1767 1404 1846 παρ’

261 1879 462 1957 Ἱππώνακτι)
495 1913 537 1923 fl
578 1875 648 1940 165.
688 1875 836 1955 Κρόνος
865 1875 985 1956 (οὕτως
1013 1875 1109 1956 εὗρον
1138 1878 1172 1941 ἐν
1202 1875 1404 1956 ὑπομνήματι

262 1987 391 2050 Ἰλιάδος
420 1986 646 2066 Ἀριςτονίκου)
669 2023 710 2031 —·
749 1985 898 2064 Κρόςας
932 1987 1148 2066 (Ἀρίςταρχος
1178 2037 1185 2049 .
1213 2036 1219 2050 .
1246 2037 1252 2049 .
1280 2035 1288 2050 .
1317 1987 1404 2051 οὕτω

263 2096 436 2161 Φιλόξενος
464 2096 500 2158 έν
527 2099 573 2158 τῶ
601 2097 673 2174 περὶ
703 2096 802 2160 Ἰάδος
832 2097 999 2160 διαλέκτου
1024 2146 1030 2158 .
1057 2143 1062 2158 .
1090 2146 1095 2158 .
1122 2146 1129 2159 .
1154 2099 1204 2160 καί
1225 2101 1325 2161 ταῦτα
1346 2099 1405 2176 μὲν

264 2205 283 2270 ὁ
306 2205 432 2285 Ὠρίων.
465 2207 528 2281 έγὼ
558 2207 593 2268 δὲ
621 2205 718 2284 εὖρον
743 2206 870 2285 ςχόλιον
893 2206 1126 2285 παρακείμενον
1150 2208 1224 2288 κτὲ.)
1247 2245 1289 2254 ψ·
1314 2207 1406 2284 Κρό-

235 2355 239 2366 ,
264 2337 334 2381 voc
362 2316 559 2397 (Χρύειππος
583 2365 589 2378 .
616 2364 623 2378 .
649 2365 655 2377 .
683 2365 689 2377 .
723 2316 828 2380 οὕτως
856 2317 920 2392 ἐγὼ
950 2317 1076 2380 Φώτιος
1104 2317 1123 2380 δ
1146 2316 1342 2395 πατριάρχης
1363 2345 1407 2372 =

264 2425 346 2491 Gud.
370 2426 444 2506 586,
468 2425 522 2507 21)
551 2463 592 2472 -
627 2425 834 2508 Κρόταφοι
856 2425 915 2506 (ὡς
937 2428 973 2490 δὲ
995 2427 1242 2504 Ἀπολλόδωρος
1265 2477 1271 2490 .
1295 2477 1301 2489 .
1326 2476 1331 2487 .
1355 2477 1362 2488 .
1386 2426 1407 2489 ὁ

263 2583 298 2644 δὲ
321 2579 464 2644 Ἀππὶων
487 2579 539 2642 κτέ
541 2628 639 2642 .....
661 2582 716 2656 τῆς
739 2582 880 2660 κεφαλῆς
902 2583 961 2643 τοῦ
984 2580 1010 2642 ὠ
1042 2579 1085 2662 [h.
1109 2601 1136 2642 e.
1160 2580 1264 2644 οὕτως
1279 2578 1407 2666 Ὧρος))

262 2729 304 2740 -
340 2691 478 2756 Κιίλος
512 2690 562 2768 (τὸ
591 2691 647 2768 μέν
676 2687 850 2767 ᾶὪρίων,
885 2693 983 2753 τοῦτο
1012 2691 1047 2753 δὲ
1075 2689 1299 2773 Ἡρωδήιανὸς)
1334 2690 1407 2767 περὶ

264 2803 392 2880 παθῶν)
428 2836 471 2845 —-
510 2799 578 2861 170.
619 2800 774 2878 Κυβήβη
804 2800 975 2880 (Ὅμηρος
998 2795 1168 2881 κύμβαχος
1190 2797 1228 2862 ἐν
1251 2802 1408 2881 κονίησιν

266 2907 509 2991 ἐκιβρεγμόνγε
542 2905 598 2970 καί
631 2903 770 2990 οἴμους),
793 2947 835 2956 —
880 2909 1065 2988 Κυθρὶςαι
1100 2947 1141 2957 -
1180 2911 1352 2989 Κυθέρια
1386 2909 1406 2986 ἡ

265 3019 453 3102 Ἀφρὸδιτος
485 3019 677 3100 (Χρύςιππος
708 3066 781 3152 ..λ.
806 3067 813 3080 .
843 3020 892 3082 καί
919 3021 977 3084 τὸν
1007 3021 1089 3098 παρ’
1119 3019 1295 3099 Ἀντιμάχω
1323 3020 1409 3084 τινὲς

266 3156 454 3233 καθώνυμον
466 3154 634 3240 Οἰδίπουν)
647 3193 690 3204 -
703 3157 881 3234 Κύλαμος
894 3156 1094 3237 ((τιςέχορος
1107 3156 1142 3220 έν
1156 3158 1224 3220 τοῖς
1237 3155 1407 3220 έπιτελίοις

264 3265 374 3330 ἄθλοις
394 3266 452 3329 τὸν
476 3267 532 3345 μὲν
554 3267 667 3345 Ἑρμῆν
691 3267 866 3330 δεδωκέναι
889 3267 965 3346 φηςί
989 3269 1056 3330 τοῖς
1080 3266 1292 3345 Διοςκούροις
1315 3265 1408 3328 Φλέ-

265 3398 345 3456 νεον
368 3372 422 3437 καί
436 3371 609 3456 ’Ἅρπαγον
631 3371 718 3438 ὠκέα
740 3374 841 3438 τέκνα
867 3375 1008 3457 ποδάρχ.
1036 3372 1146 3456 Ἥραν
1168 3371 1200 3438 δ’
1227 3369 1408 3451 ἐξάλισθον

266 3484 322 3548 καί
338 3483 534 3568 Κάλλαρον)
559 3523 603 3580 -,
622 3485 779 3567 Κύφελα
804 3484 941 3566 (Εἰρήνη
965 3484 1001 3547 δὲ
1025 3484 1171 3572 κύφεήω
1197 3485 1407 3565 Καλλίμαχος)

335 3778 358 3844 ’1)
372 3775 554 3830 ἰίιαιιιιιιοίἰοί
565 3774 660 3842 verba,
680 3791 796 3842 quorum
814 3773 870 3829 iam
888 3791 972 3844 supra
989 3793 1015 3844 p.
1028 3781 1078 3830 454
1096 3775 1200 3830 mentio
1213 3775 1297 3839 ἰιιοίο,
1318 3773 1409 3834 subie-

267 3869 353 3923 cimus
371 3869 483 3938 integra
501 3868 594 3936 qualia
612 3867 699 3922 codex
717 3868 841 3922 exhibet:
861 3869 971 3934 λέγεται
989 3870 1019 3921 δέ
1037 3872 1082 3922 καλ
1101 3870 1194 3922 κοινὸς
1213 3871 1339 3934 βαςιλεὺς
1358 3885 1409 3934 μα-

268 3965 401 4018 κεδονίας.
425 3965 546 4030 μαρςύας
568 3963 669 4028 ἰςτορεῑ
692 3963 736 4015 ὅτι
760 3967 867 4016 κνῶπις
890 3964 924 4015 τὸ
947 3964 1029 4026 γένος
1052 3964 1152 4028 κόλχος
1176 3961 1214 4015 εἰς
1239 3963 1410 4028 μακεδονίαν

268 4059 360 4110 ἐλθὼν
378 4058 493 4122 διέτριβε
513 4059 576 4122 περὶ
595 4057 716 4122 καράνω.
736 4057 797 4109 υἱοί)
817 4057 847 4108 δέ
859 4056 1014 4120 γενομένου
1032 4061 1084 4108 τοι]
1103 4056 1226 4121 καράνου
1244 4059 1289 4108 καὶ
1309 4058 1410 4122 βουλη-

268 4153 367 4203 θέντος
390 4151 443 4202 τὸν
467 4151 551 4202 παῖδα
574 4150 631 4202 ἀπὸ
654 4154 706 4202 τοῦ
732 4150 800 4203 ἰδίου
823 4150 931 4214 πατρὸς
954 4149 1100 4213 ὀνομάζειν
1124 4129 1203 4201 λακέά
1222 4149 1409 4214 άνθίετατοή

270 4245 374 4309 μήτηρ,
398 4245 442 4295 καί
465 4243 537 4309 αὕτη
561 4243 618 4294 ἀπὸ
642 4247 693 4295 τοῦ
714 4244 783 4296 ἰδίου
807 4244 913 4308 πατρὸς
933 4243 1119 4309 ὁνομαςθήναι
1138 4243 1223 4294 παῖδα
1242 4243 1411 4308 βουλομένη.

269 4339 375 4388 κλῶπις
395 4337 423 4388 δ’
441 4337 562 4402 ἐρωτάς,
588 4337 650 4389 εἰπε
670 4339 738 4403 μηδ’
757 4337 855 4402 ἑτέρου
878 4337 1059 4400 ὀνομάῑεςθαι
1077 4337 1178 4389 αὐτὸν·
1201 4335 1241 4386 δι’
1263 4335 1335 4400 ὅπερ
1354 4353 1411 4387 κοι-

270 4430 318 4480 νὸς
337 4429 449 4496 ἐκλήθη.
468 4431 535 4481 ἔνιοι
553 4431 583 4480 δέ
602 4429 810 4495 ἁμαρτάνοντες
828 4431 881 4480 τὸν
900 4430 997 4481 καινὸν
1015 4430 1106 4482 αὐτὸν
1124 4430 1246 4481 καλοῦςι.
