3270 5094
505 364 540 412 ru
563 363 698 414 surrsu
723 365 803 412 nov.
827 365 962 414 rursus
985 347 1174 413 254-261.
1357 347 1419 412 377

281 519 379 596 δὲμὴ
402 519 603 598 φιλοςτόνως
631 520 780 600 ἐπεύχου.
822 519 867 583 Et
888 522 924 583 ut
951 519 1071 603 aliquid
1099 518 1235 601 exempli
1262 517 1418 600 ludamus,

281 628 346 690 iam
367 627 528 713 integram
551 629 728 694 orationem
751 651 808 713 pro
829 629 914 694 virili
941 633 1034 714 parte
1057 628 1190 694 anobis
1212 627 1420 692 reconcinna-

281 740 349 802 tam
371 739 506 824 aecipite
528 739 655 825 qualem
677 739 762 805 infra
785 739 983 824 scripsimus:

432 876 496 951 ἐγὼ
519 879 554 941 δὲ
577 878 684 956 χώρας
706 881 773 942 τοῖς
794 877 1016 957 πολιςςοιῖχοις
1038 879 1123 942 θεοῖς

432 987 637 1066 πεδιονόμοις
659 1009 692 1052 τε
716 987 855 1068 κάγορᾶς
877 987 1069 1062 ἐπιςιςόποις,

433 1097 553 1176 Δίρκης
574 1118 609 1162 τε
631 1101 746 1175 πηγαῖς
768 1097 858 1163 ὕδατί
879 1099 911 1162 τ’
933 1099 1073 1176 Ἰςμηνοῦ
1096 1097 1191 1174 λέγω,

433 1205 468 1270 εὖ
491 1207 714 1286 ξυντυχόντων
736 1209 786 1272 καὶ
808 1208 936 1272 πόλεως
958 1208 1162 1287 ςεςωςμένης,

432 1317 574 1394 μήλοιςιν
596 1318 754 1396 αἱμάςςων
776 1319 847 1382 τόθ’
870 1317 971 1382 ἑςτίας
993 1323 1077 1382 θεῶν

432 1427 536 1503 Θήςειν
559 1431 696 1506 τροπαῖα
718 1429 819 1493 δαῑων
843 1429 1008 1506 ἐςθήματα,
1369 1432 1419 1482 260

433 1537 561 1617 ςτέφων
585 1539 715 1616 λάφυρα
737 1539 925 1618 δουρίπηχθ’
948 1537 1059 1613 ἁγνοῖς
1081 1533 1237 1619 δόμοις.*)

431 1651 564 1712 τοιαῦτα
588 1646 680 1730 [τάμὰ
705 1649 931 1726 προςδέχοινθ’
954 1647 1130 1725 ὁρκώματα.
1236 1733 1237 1736 ¹

432 1757 468 1820 ςὺ
490 1759 524 1820 δ’
546 1756 617 1840 οὖν]
642 1757 781 1836 ἐπεύχου
804 1759 844 1835 μὴ
868 1756 1070 1836 φιλοςιόνως
1091 1759 1187 1832 θεοῖς,

432 1867 507 1943 μηδ’
529 1868 565 1929 ἐν
588 1869 731 1944 ματαίοις
753 1866 892 1945 κάγρίοις
913 1868 1142 1947 ποιφύγμαςιν·

432 1976 471 2039 οὐ
493 1977 553 2054 γάρ
575 1997 603 2040 τι
625 1979 747 2055 μᾶλλον
769 1980 809 2057 μὴ
833 1977 937 2060 φύγῃς
959 1977 997 2040 τό
1020 1976 1180 2056 μόρςιμον.

280 2125 340 2190 Vel
363 2127 510 2192 simules
532 2127 607 2207 τᾶμ’
634 2130 673 2194 ἂν
701 2130 936 2208 προςδέχοινθ’.
980 2126 1068 2203 Quae
1096 2148 1167 2191 oum
1195 2128 1236 2191 ab
1262 2126 1312 2190 his
1335 2125 1417 2190 exci-

279 2237 425 2320 piuntur:

432 2348 497 2424 ἐγὼ
520 2351 553 2413 δ’
576 2349 624 2413 ἔτ’
647 2349 766 2430 ἄνδρας
790 2351 822 2416 ἓξ
844 2350 914 2427 ἐμοὶ
937 2351 992 2414 ςὺν
1016 2349 1142 2433 ἑβδόμῳ
1367 2355 1417 2406 265

432 2458 605 2538 ἀντηρέτας
628 2460 764 2539 ἐχθροῖςι
787 2460 844 2524 τόν
867 2459 965 2538 μέγαν
987 2458 1113 2538 τρόπον

431 2567 474 2633 εἰς
497 2569 690 2647 ἑπτατειχεῖς
713 2569 845 2634 ἐξόδους
867 2569 951 2633 τάξω
974 2569 1096 2646 μολών,

281 2720 381 2783 eidem
409 2721 444 2785 ςύ
474 2721 666 2802 pronomini,
703 2743 765 2804 quo
797 2720 944 2785 Eteocles
978 2721 1018 2784 ad
1051 2725 1141 2784 suurn
1173 2717 1252 2783 illud
1284 2719 1348 2794 ἐγὼ
1382 2721 1417 2783 δὲ
1435 2729 1477 2779 Χιι

281 2831 389 2909 χώρας
411 2832 474 2894 κτλ.
498 2833 592 2914 atque
615 2831 655 2894 ad
677 2830 759 2908 τάμά
781 2833 980 2913 respexerat,
1016 2853 1099 2894 nova
1129 2828 1330 2913 oppositione
1353 2828 1417 2892 iam

281 2939 416 3003 alterum
444 2941 507 3015 ἐγὼ
531 2942 565 3004 δὲ
587 2940 739 3004 refertur:
774 2946 847 3024 ‘ego
870 2944 976 3005 autom
997 2944 1175 3024 praeterea’
1200 2961 1227 3003 e.
1251 2962 1281 3023 q.
1306 2961 1331 3002 s.

281 3079 480 3090 ———-—-

346 3152 371 3216 ²¹²)
392 3150 506 3220 [Horum
523 3151 645 3204 omniurn
666 3150 734 3204 nihil
751 3151 916 3206 servandum
934 3168 994 3205 esse
1011 3149 1250 3218 Bernhardyus
1272 3151 1342 3204 Hist.
1362 3149 1415 3203 litt.

279 3261 320 3312 gr.
340 3243 373 3308 ΙΙ,
390 3251 406 3296 2
422 3262 448 3313 p.
473 3249 522 3299 26¹2
546 3243 591 3311 (ed
607 3245 668 3314 alt.)
691 3243 744 3297 sibi
760 3244 899 3314 persuasit
916 3246 1029 3312 praeter
1042 3244 1123 3298 haee:
1144 3245 1212 3310 Ἐγὼ
1228 3247 1257 3297 δὲ
1275 3245 1368 3311 χώρας
1386 3273 1417 3282 -

279 3337 450 3401 turturinum,
480 3337 516 3390 Εὖ
540 3340 740 3404 ξυντυχόντων
762 3341 807 3391 καῖ
832 3341 944 3392 πόλεως
966 3339 1150 3404 ςεςωςμένης,
1174 3337 1273 3402 (τέψιυ
1295 3315 1417 3403 τροπαῖα

280 3429 424 3495 πολεμίων
442 3431 590 3497 ἐςθὴματα,
609 3432 727 3498 Λάφυρα
744 3431 832 3484 δαίων
855 3431 1024 3497 δουρίπηχθ’
1042 3433 1137 3496 ἁγνοῖς
1156 3432 1265 3494 δόμοιςῑ
1296 3447 1352 3482 non
1370 3427 1417 3483 ille

280 3521 400 3577 offensus
429 3523 511 3577 valde
540 3523 674 3592 languida
703 3523 848 3589 πολεμίων
876 3525 904 3576 et
927 3525 1004 3592 δᾴιυν
1029 3522 1150 3577 notionis
1177 3521 1351 3590 repetitione.
1385 3554 1417 3561 —

278 3615 385 3670 Maiora
402 3617 514 3670 molitus
533 3615 662 3670 editionis
682 3632 747 3668 suae
765 3633 791 3685 p.
813 3622 845 3670 32
864 3631 904 3682 sq.
920 3615 1062 3670 Weilius
1081 3632 1178 3669 vereor
1196 3615 1228 3668 ut
1244 3615 1338 3668 multis
1357 3632 1418 3684 per-

280 3726 409 3762 nrasurus
427 3709 471 3763 sit.
507 3705 566 3762 Neo
584 3707 665 3762 aliter
688 3708 723 3761 de
744 3707 831 3761 Maur.
853 3705 1037 3762 Schmidtii
1060 3708 1224 3762 coniecturis
1243 3708 1418 3762 sentiendum

279 3801 387 3855 videtur
418 3802 454 3856 ad
483 3821 508 3855 v.
538 3807 679 3856 ror-256.
713 3805 763 3854 265
793 3800 995 3868 spectantibus,
1032 3819 1100 3868 quas
1132 3801 1237 3855 Diurna
1265 3801 1417 3870 gymnasiis

278 3893 430 3948 Austriaois
450 3894 590 3949 destinata
606 3895 626 3947 t.
647 3892 710 3946 XVI
729 3895 816 3962 (1865)
834 3911 861 3962 p.
882 3899 930 3947 tra
950 3893 1094 3947 exhibent:
1113 3911 1168 3961 quo
1185 3877 1263 3948 adde¹
1275 3894 1344 3947 Mus.
1364 3894 1416 3948 Rh.

279 3985 341 4040 XIX
360 3990 446 4055 (1864)
464 4006 491 4058 p.
511 3989 581 4056 628]

699 4169 999 4182 ..μ-ψ.-.
