3254 5092
762 1303 862 1412 ΙΠ.

322 1499 585 1630 lllsoolollools·
615 1502 658 1595 lo
689 1501 936 1596 ollolonololo
967 1501 1082 1618 loque
1113 1502 1304 1597 Heliodoro

648 1669 989 1788 ooooloneotoon.*)

736 1911 887 1918 Ψ*

311 2073 421 2136 Trium
433 2075 539 2138 icrum
550 2074 827 2158 disceptationem,
842 2095 913 2138 cum
926 2074 964 2138 dc
977 2074 1179 2139 bibliothecis
1191 2073 1381 2138 Alexandri·
1401 2085 1429 2133 llo

241 2182 292 2245 nis
304 2183 403 2266 deque
415 2182 577 2247 Pisistrati
593 2184 676 2248 curis
688 2183 866 2247 Homericis
879 2185 1060 2268 nuperrime
1077 2185 1380 2266 commendabamur,

241 2292 395 2375 reliquam
410 2293 557 2358 fecimus:
580 2315 713 2377 quarum
735 2294 838 2377 prima
853 2293 893 2358 ad
915 2293 1231 2358 stichometriam
1245 2297 1380 2377 spectat.

242 2399 337 2466 Cuius
366 2402 506 2466 instituti
535 2403 686 2487 exemplis
719 2402 795 2466 olim
823 2425 843 2466 a
874 2404 967 2467 nobis
996 2403 1157 2487 congestis
1183 2425 1270 2467 nunc
1302 2404 1381 2468 haee

242 2510 411 2594 adicimus,
435 2535 568 2596 quorum
590 2513 746 2596 quaedam
769 2511 807 2577 G.
832 2513 1015 2594 Dindorfi0‚
1039 2512 1079 2576 K.
1103 2511 1236 2576 Lebrsio
1259 2513 1382 2576 carissi·

241 2642 354 2704 moque
377 2621 519 2706 collegae
543 2621 711 2687 Welckcro
733 2622 892 2686 debemus.

327 2733 356 2794 1.
385 2731 437 2794 Ad
470 2737 581 2816 poetas
614 2732 741 2816 quidem
774 2733 854 2797 baec
884 2733 1059 2816 pertinent.
1110 2733 1165 2818 84)
1194 2729 1382 2795 Eustathius

240 2839 385 2904 Prooem.
411 2846 580 2906 comment.
597 2841 755 2906 Pindar.
771 2865 804 2926 p.
821 2843 864 2908 60
878 2842 967 2925 Tar„
991 2865 1022 2926 p.
1039 2842 1081 2906 24
1096 2864 1142 2925 aq.
1167 2840 1381 2906 Schneidcw.:
1429 2866 1437 2878 ·

242 2949 297 3015 clcl
318 2953 353 3016 δὲ
370 2953 552 3034 (Πινδάρου)
569 2954 716 3030 παιᾶνες,
736 2953 936 3033 διθύραμβοι,
959 2953 1128 3032 προαόδια,
1150 2953 1320 3030 παρθένια,
1342 2953 1383 3017 τὰ

241 3061 292 3124 καὶ
313 3046 393 3125 αὐτὰ
421 3065 681 3142 μνημονευθέντα
702 3064 766 3142 πρὸ
796 3065 955 3144 βραχέων,
983 3061 1205 3142 ὑπορχήματα,
1234 3063 1382 3140 ἐγκώμια,

241 3173 368 3248 θρῆνοι,
391 3172 440 3235 καὶ
462 3171 606 3238 ἐπινίκιοι
628 3174 708 3238 κατὰ
730 3175 788 3251 τὴν
809 3173 951 3252 ἱιτορίαν
967 3172 1041 3236 docel
1061 3172 1382 3252 τετρακιεχίλιοι,

241 3279 300 3344 otc
321 3283 371 3345 καὶ
393 3281 553 3347 ἐπινίκουε
575 3283 836 3362 τετραευλλάβωα
858 3282 963 3364 mucio.
1000 3280 1191 3344 Rectissime
1213 3280 1383 3346 Schneide-

241 3388 357 3452 winus:
374 3389 534 3476 ‘intellige
550 3391 668 3472 crixoo’.
694 3389 755 3456 Sed
767 3391 972 3455 Eustathium
984 3393 1119 3474 apparet
1132 3412 1198 3454 non
1215 3393 1384 3474 perspecta

241 3519 317 3561 vera
338 3499 463 3564 ratione
484 3500 524 3563 de
546 3501 686 3585 ipsorum
712 3523 844 3565 numero
866 3500 1085 3584 Epiniciorum
1114 3501 1282 3586 cogitasse.
1327 3499 1384 3564 Oe-

240 3609 344 3672 terum
372 3609 450 3673 satis
477 3631 516 3674 ex
543 3611 604 3674 hoc
631 3609 814 3675 testimonio
841 3610 1054 3696 miellcgitur‚
1085 3613 1205 3693 quanto
1233 3609 1274 3672 ad
1301 3610 1383 3672 andi-

241 3716 373 3799 quitatis
395 3719 490 3783 fidem
512 3721 642 3804 propius
660 3719 867 3785 Boeckhiana
889 3741 1036 3784 versuum
1063 3719 1228 3803 discriptio
1251 3718 1384 3783 accedat

241 3847 337 3909 quam
358 3849 438 3911 quae
460 3830 622 3894 tralaticia
645 3835 720 3895 ante
740 3829 937 3895 Boeckbium
958 3829 1035 3912 suit,
1059 3829 1154 3892 ducta
1177 3850 1215 3892 ea
1237 3850 1254 3892 e
1276 3849 1383 3911 supcr-

241 3935 369 4000 stitibus
398 3937 492 4003 hodie
520 3939 696 4004 codicibus:
724 3941 840 4024 quippe
862 3961 901 4004 cx
923 3939 979 4004 illa
1002 3940 1129 4003 circiter
1150 3939 1235 4004 3500
1259 3940 1383 4018 trixooc

241 4044 343 4128 effici,
367 4069 403 4110 ex
427 4048 488 4112 hac
514 4053 621 4113 autem
644 4049 729 4114 5500
757 4050 822 4113 iam
851 4048 1112 4114 Schneidewinus
1140 4049 1318 4113 adnotavit.
1341 4086 1384 4098 -—

243 4209 444 4220 ———.—-.

308 4299 334 4368 *l
365 4299 550 4369 [Pr00emium
584 4301 671 4358 Indici
706 4301 862 4357 scholarum
890 4302 1070 4359 hibernarum
1098 4300 1287 4357 Bonnensium
1318 4317 1381 4358 ann.

242 4391 447 4447 ClOlOGCOxL
467 4396 495 4449 ct
512 4394 574 4449 XLI
591 4397 795 4464 proconissum]
