3218 5094
256 381 320 446 646
644 399 690 444 na
714 396 783 444 ouo
807 399 850 445 ar
874 397 1015 446 onroua.

256 551 295 614 de
311 550 434 630 Ἀδρίας
459 551 556 633 (quod
573 571 691 613 nomen
714 551 748 612 in
764 551 821 614 Ori
836 551 985 614 Ethnicis
1006 551 1106 615 fuisse
1128 573 1225 636 supra
1247 552 1399 640 vidimus)

256 641 431 724 narrantur
453 681 519 724 non
540 660 665 724 diversa
689 660 730 724 ab
752 661 908 744 Stephani
931 661 1085 725 memoria
1106 685 1138 744 p.
1165 662 1204 725 19
1226 663 1312 746 sq.*)

340 772 372 835 3.
416 770 550 833 Praeter
573 791 609 832 ea
632 792 713 853 quae
736 772 903 835 attulimus
925 771 982 836 Ori
1005 772 1188 836 testimonio
1216 771 1399 862 Stephanus

255 881 357 964 utitur
386 904 419 964 p.
442 879 500 961 22,
530 879 588 942 24:
627 881 796 958 Ἀθῆναί,
832 882 943 946 πόλεις
971 883 1051 946 κατὰ
1077 884 1135 960 μὲν
1163 883 1265 963 Ὦρον
1291 886 1399 961 πέντε,

257 993 336 1057 κατὰ
359 993 395 1056 δὲ
417 991 551 1054 Φίλωνα
573 991 614 1057 ἕξ.
644 990 745 1073 Atqui
767 991 975 1075 progrediens
998 993 1242 1056 commentando
1264 992 1399 1076 Stepha-

257 1124 318 1165 nus
339 1123 400 1165 neo
416 1099 556 1184 quinque
579 1101 780 1184 persequitur
803 1123 862 1165 nec
885 1123 940 1164 sex
962 1102 1074 1184 urbes,
1098 1102 1152 1166 sed
1175 1106 1246 1167 octo
1269 1104 1398 1187 (quibus

257 1235 295 1276 ex
329 1211 470 1276 Arriano
504 1193 623 1274 nonam
652 1210 813 1294 quandam
848 1211 964 1275 addere
997 1211 1036 1276 de
1063 1235 1120 1276 suo
1148 1212 1296 1296 videtur).
1347 1214 1397 1278 Ex

255 1343 317 1406 quo
339 1345 406 1386 non
428 1321 498 1384 sine
520 1320 646 1384 ratione
670 1321 819 1404 colligas,
849 1342 914 1384 non
941 1321 1039 1386 fuisse
1063 1322 1119 1386 Ori
1142 1323 1282 1407 quinque
1303 1324 1398 1388 urbes

206 1442 238 1490 58
256 1455 311 1496 sex
338 1432 467 1495 illarum
496 1429 718 1494 Philoniarum
744 1452 877 1494 numero
904 1453 1015 1495 omnes
1045 1431 1306 1516 comprehensae,
1342 1433 1397 1497 sed

255 1542 335 1606 alias
359 1543 400 1604 ab
422 1543 556 1624 utroque
577 1541 830 1624 praetermissae,
855 1541 935 1604 alias
950 1540 1084 1604 additas.
1117 1541 1166 1606 Ex
1189 1565 1251 1626 quo
1272 1565 1397 1608 rursum

254 1653 316 1716 hoc
339 1652 559 1734 consequitur,
589 1672 698 1714 earum
726 1672 807 1734 quae
835 1650 986 1734 deinceps
1015 1655 1243 1716 enumerantur
1271 1655 1396 1718 urbium

255 1783 354 1826 unam
383 1763 416 1823 et
442 1760 520 1824 item
548 1760 683 1824 alteram
712 1761 753 1824 ab
781 1760 846 1825 Oro
876 1764 1037 1852 sumptam
1071 1783 1150 1826 esse.
1200 1761 1291 1837 Quod
1325 1786 1397 1830 curn

256 1871 437 1935 accuratius
459 1869 584 1933 definiri
608 1869 696 1932 nullo
718 1873 813 1953 pacto
835 1873 947 1954 queat,
977 1873 1086 1936 tamen
1115 1876 1246 1956 propter
1267 1876 1397 1939 ratioci-

256 1982 422 2044 nationem
444 1978 606 2062 quandam
628 2001 733 2042 meam
755 1979 796 2042 ad
820 1980 919 2044 Orum
941 1980 1045 2044 refero
1068 1981 1162 2046 haec:
1195 1984 1338 2062 Δίδυμος
1361 1987 1396 2052 δέ

255 2112 369 2172 φηςιν,
406 2090 453 2154 ὅτι
487 2090 691 2168 ’Ἀθηναίας
725 2091 872 2166 λέγουςιν
907 2092 977 2156 ἀντὶ
1012 2096 1071 2156 τοῦ
1098 2093 1277 2158 Ἀττικάς.
1311 2095 1331 2159 ὁ
1361 2098 1397 2160 δὲ

232 2225 234 2230 ·
257 2201 417 2281 Φρύνιχος
439 2199 606 2264 ἀνάττικόν
629 2220 724 2280 φηςιν
747 2199 909 2279 εἶναιτὴν
931 2205 1061 2281 φωνὴν,
1083 2204 1133 2266 καί
1155 2203 1304 2281 θαυμάζει
1326 2209 1397 2269 πῶς

256 2311 275 2375 ὁ
299 2310 498 2390 Φερεκράτης
520 2309 732 2374 ἀττικώτατος
759 2309 815 2375 ὢν
830 2315 948 2390 χρῆται.
993 2311 1088 2376 ἀςτὰς
1110 2314 1223 2377 δὲτὰς
1244 2318 1397 2390 γυναῖκας

255 2421 372 2497 ἕλε’γον
396 2420 435 2484 οὐ
458 2420 509 2484 διὰ
531 2419 569 2483 τὸ
591 2420 631 2498 μὴ
662 2419 813 2484 δύναςθαι
841 2422 945 2496 λέγειν
972 2422 1153 2501 Ἀθηναίας,
1185 2424 1259 2486 ἀλλ’
1288 2423 1396 2504 ἐπειδὴ

259 2531 406 2596 καὶτοὺς
429 2530 548 2609 ἄνδρας
570 2529 685 2595 ἀετοὺς
706 2530 857 2595 ἐκάλουνε
888 2551 1022 2614 quorum
1044 2535 1169 2614 partem
1191 2532 1289 2598 habes
1311 2535 1397 2618 apud

257 2641 388 2706 Suidam
416 2662 446 2702 ν.
480 2638 655 2719 Ἀθηναίας.
704 2637 790 2702 Nam
823 2643 856 2702 et
888 2639 1018 2723 Didymi
1051 2642 1275 2706 auctoritatem
1307 2647 1397 2728 sequi

256 2749 336 2814 alias
359 2751 440 2814 solet
463 2751 495 2811 et
517 2752 629 2812 contra
652 2749 871 2832 Phrynichum
898 2751 1055 2834 singuiari
1084 2753 1312 2818 commentario
1334 2753 1397 2818 dis-

255 2861 391 2944 putavit.
437 2859 544 2942 Atque
572 2858 633 2923 hoc
661 2859 732 2924 vide
758 2880 855 2942 quam
883 2861 1012 2944 egregie
1040 2861 1228 2925 concilietur
1258 2885 1329 2928 curn
1359 2885 1397 2928 ea

255 2993 351 3054 quarn
385 2970 466 3049 §21
502 2970 651 3052 proposui
688 2969 887 3052 coniectura,
924 2991 995 3034 cum
1028 2971 1069 3033 ab
1097 2970 1162 3035 Oro
1196 2971 1397 3054 aliquantum

255 3079 428 3163 profecisse
445 3079 703 3143 Antiatticistam
725 3077 864 3142 Behkeri
886 3080 1065 3162 suspicatus
1088 3103 1166 3144 suni.
1199 3080 1294 3164 Apud
1309 3079 1397 3146 hunc

256 3192 343 3253 cuim
365 3190 470 3274 posita
493 3213 525 3273 p.
549 3190 600 3271 77,
624 3189 645 3254 5
673 3189 855 3267 ’Adqvoiovt
892 3190 951 3254 οὐκ
972 3191 1112 3268 Ἀττικήν
1135 3190 1298 3274 praeclare
1321 3211 1396 3254 oon-

255 3299 391 3364 veniunt
412 3300 447 3363 in
462 3298 593 3382 Didymi
615 3298 819 3380 sententiam,
843 3319 923 3381 qnae
946 3302 1053 3363 autern
1076 3301 1273 3384 praecedunt
1294 3301 1395 3379 Ἀςτή,

255 3415 340 3476 πᾶςα
354 3411 374 3489 ἢ
389 3411 423 3477 ἐξ
444 3412 632 3489 ἡςτινοςοθν
655 3408 795 3486 πόλεως,
818 3408 859 3473 οὐ
880 3409 981 3487 μόνον
1004 3409 1037 3477 ἐξ
1055 3412 1209 3490 Ἀθηνῶν,
1232 3411 1396 3474 commode

255 3519 367 3585 iuncta
390 3541 458 3584 esse
481 3519 538 3583 Ori
561 3518 666 3582 verbis
688 3521 863 3602 potuerunt
884 3520 979 3584 ἀςτὰς
1001 3521 1037 3585 δὲ
1051 3557 1092 3567 -
1108 3520 1223 3585 ἀετοὺς
1244 3520 1396 3598 ἐκάλουν,

255 3653 274 3693 a
297 3629 460 3714 Stephano
483 3630 599 3694 omissa
622 3628 784 3712 nimirum,
814 3629 896 3713 quod
918 3629 1001 3692 nihil
1023 3630 1064 3693 ad
1087 3629 1233 3692 Athenas
1254 3629 1395 3712 pertine-

338 3851 363 3918 *)
383 3849 459 3918 [Non
481 3849 648 3917 ignorabam
669 3847 698 3901 in
720 3848 763 3902 Et.
783 3848 818 3902 M.
838 3867 865 3917 p.
887 3853 948 3914 184,
966 3853 998 3903 36
1021 3848 1055 3903 de
1079 3850 1204 3915 Ἀγκυρα
1229 3847 1298 3902 urbe
1320 3849 1396 3902 tradi

254 3961 367 4012 prorsus
386 3959 448 3998 cum
466 3941 608 4011 Stephano
626 3942 816 4010 congruentia.
852 3941 907 3996 Scd
924 3942 979 3996 ista
1002 3940 1113 4009 quidem
1131 3940 1274 3996 notatione
1296 3945 1395 4011 aperte

253 4037 453 4106 interpolatim
470 4038 514 4090 est
525 4035 760 4104 Etymologioum:
779 4035 807 4088 id
826 4035 900 4102 quod
918 4052 980 4088 cum
992 4035 1135 4102 neglectus
1151 4034 1307 4088 litterarum
1325 4035 1399 4090 ordo

254 4131 349 4199 arguit
365 4132 425 4183 tum
443 4146 492 4183 suo
510 4129 571 4184 loco
590 4129 730 4198 superiore
748 4129 843 4198 posita
865 4128 899 4182 do
918 4130 1041 4196 Ἀγκυρα
1063 4127 1179 4182 notatio.
1215 4126 1395 4181 Adventicias

255 4227 348 4278 autem
367 4223 425 4276 cius
443 4223 520 4277 modi
537 4221 695 4277 notationes
713 4223 770 4276 fere
787 4221 816 4274 in
835 4223 987 4276 extrema
1005 4237 1114 4288 quaqua
1131 4220 1226 4274 littera
1243 4219 1337 4274 sedern
1354 4217 1396 4273 in-

256 4317 362 4370 venisse
381 4333 472 4382 suam,
495 4315 577 4370 cortis
600 4314 733 4383 exemplis
756 4331 790 4368 ea
807 4314 959 4380 testantur,
981 4313 1015 4367 de
1039 4313 1138 4381 quibus
1161 4313 1264 4366 dictum
1280 4311 1393 4384 Prolcg.

255 4409 283 4463 in
301 4408 438 4464 Thomcm
454 4409 491 4463 M.
510 4427 536 4480 p.
555 4407 676 4462 XXXIX.
714 4408 771 4473 (Εςα
788 4411 924 4462 Addeadr'a
941 4428 967 4476 p.
986 4408 1050 4478 80.)]
