3218 5094
595 429 641 475 ua
666 428 734 477 oao
758 429 803 476 au
826 427 967 476 oriona.
1289 410 1352 474 645

213 605 282 648 νων
311 587 370 648 τοῦ
398 583 572 665 Ἠφαίςτου
601 585 769 664 κρατήρων
798 604 825 646 e.
849 605 879 666 q.
904 605 929 645 s.
959 582 997 644 de
1025 582 1188 660 Αἰθαλίτης
1214 580 1350 646 ΑἰθαλείΜ

213 715 269 772 της
290 693 412 756 formis.
445 693 646 776 Omninoque
668 695 704 756 ut
726 692 831 756 dicam
853 690 935 775 quod
958 691 1073 773 sentio,
1097 689 1288 774 quidquid
1310 690 1351 753 in

211 801 505 888 Etqulogiois
545 803 745 885 reperitur
781 802 827 865 ad
864 800 1039 885 gentilia
1082 802 1270 883 spectans
1307 821 1351 862 ac

210 912 499 997 geographica,
534 913 581 976 ab
614 911 690 976 Oro
723 914 878 975 tantum
910 931 987 974 non
1017 931 1129 974 omne
1158 911 1351 992 sumptum

212 1021 355 1106 credo.*)
399 1021 488 1096 Quod
512 1043 583 1085 cum
605 1021 758 1085 hocloco
780 1020 979 1105 significasse
1002 1019 1081 1083 satis
1103 1019 1255 1101 habeam,
1283 1021 1351 1082 tum

211 1130 372 1214 insignem
394 1132 458 1195 vim
480 1130 598 1194 habere
626 1133 717 1214 patet
739 1129 779 1193 ad
802 1129 859 1194 Ori
882 1133 914 1194 et
935 1129 1168 1212 praestantiam
1191 1149 1349 1193 commen·
1368 1151 1400 1200 ar

211 1240 350 1304 dandam
383 1245 415 1304 et
446 1241 603 1305 iacturam
641 1240 748 1324 aliqua
786 1243 872 1304 certe
906 1237 944 1303 ei
976 1241 1069 1322 parte
1102 1238 1347 1303 resarciendam.

211 1351 304 1414 Prius
332 1353 439 1414 autem
466 1372 561 1434 quam
595 1349 808 1414 demonstrari
835 1371 928 1433 posse
960 1347 1043 1433 quod
1070 1349 1163 1432 posui
1191 1347 1349 1431 desperes,

210 1460 388 1543 reputanda
403 1461 465 1524 duo
485 1463 575 1524 sunt:
589 1459 736 1544 primum
751 1481 815 1524 non
838 1459 950 1542 paucis
972 1458 1191 1522 notationibus
1214 1479 1349 1543 geogra-

211 1569 324 1653 phicis,
353 1591 434 1653 quae
457 1570 526 1634 sine
549 1569 607 1633 Ori
634 1569 764 1634 nomine
791 1569 827 1632 in
849 1567 1143 1652 Etymologioorum
1172 1589 1237 1631 uno
1265 1568 1350 1652 lege-

211 1681 338 1762 bantur,
364 1701 402 1742 ex
426 1679 655 1764 altero·aliquo
677 1679 743 1743 sive
765 1677 989 1767 Etymologioo
1017 1678 1083 1741 sive
1107 1677 1215 1742 codice
1237 1699 1350 1761 oppor-

209 1792 287 1852 tune
309 1788 388 1853 illud
411 1791 597 1854 accessisse:
622 1789 711 1868 quius
733 1789 779 1852 rei
802 1787 917 1852 idonea
939 1787 1085 1872 exempla
1108 1791 1204 1852 antea
1227 1789 1348 1852 notavi.

210 1897 334 1962 Deinde
363 1903 469 1963 autem
491 1899 569 1963 illud
592 1900 687 1962 velim
709 1899 813 1982 prius,
837 1899 864 1961 si
886 1897 979 1962 modo
1001 1898 1120 1981 possis,
1144 1897 1348 1980 respondeas,

210 2029 248 2070 ex
270 2030 408 2091 quonam
431 2009 493 2072 alio
515 2009 621 2092 potius
643 2007 808 2072 Ethnicon
829 2007 984 2091 scriptore
1007 2007 1047 2071 ad
1070 2007 1267 2092 etymologos
1296 2028 1349 2090 po-

209 2117 308 2182 tuisse
328 2117 420 2181 istius
442 2117 528 2182 modi
550 2118 732 2182 notationes
755 2139 886 2182 manare
909 2117 1101 2182 videantur?
1130 2116 1215 2182 Nam
1238 2139 1255 2181 e
1282 2116 1349 2182 Ste-

209 2225 317 2310 phauo
339 2227 466 2311 quidem
488 2233 662 2292 manarunt
676 2229 818 2292 minime.
849 2228 880 2290 A
895 2249 957 2311 quo
980 2249 1052 2290 cum
1067 2225 1272 2291 vehementer
1287 2225 1349 2291 ‹lis-
1381 2245 1383 2250 ·

211 2341 321 2420 crepat
334 2337 475 2401 maxima
497 2360 572 2421 pars
592 2339 633 2402 ab
656 2337 844 2422 etymologis
867 2335 1078 2421 proditorum,
1103 2339 1172 2400 tum
1187 2358 1269 2420 quae
1284 2359 1350 2401 non

209 2447 288 2510 adeo
311 2447 509 2530 discrepant,
534 2451 590 2511 aut
604 2449 651 2512 ita
672 2450 858 2531 comparata
877 2449 954 2511 sunt
975 2449 1011 2510 ut
1032 2467 1074 2510 ne
1096 2446 1261 2528 potuerint
1282 2447 1349 2530 qui-

209 2555 281 2619 dem
295 2577 361 2620 non
376 2557 544 2640 utrobique
558 2557 675 2641 afferri,
692 2562 748 2622 aut
763 2578 801 2621 ex
817 2557 936 2621 eisdem
951 2556 1066 2640 quibus
1081 2554 1264 2639 Stephanus
1282 2559 1350 2619 ute-

209 2665 304 2728 batur
319 2665 461 2730 fontibus
477 2666 592 2731 hausta
607 2671 698 2751 sunt,
722 2689 816 2751 quem
831 2667 871 2730 ad
887 2666 1016 2730 modum'
1031 2666 1072 2730 ab
1087 2664 1229 2749 utrisque
1244 2662 1350 2729 Philo·

210 2774 324 2840 chorus
346 2775 477 2840 affertur
498 2777 533 2840 in
556 2798 633 2840 voce
654 2777 740 2843 άςτυ.
771 2777 820 2840 De
842 2777 897 2841 illo
919 2797 1038 2861 genere
1053 2776 1141 2838 velut
1155 2774 1235 2839 haec
1258 2767 1349 2838 sunt':

209 2887 306 2968 Αἰλία,
330 2886 422 2950 πόλις
444 2887 672 2968 Παλαιςτίνης,
696 2887 761 2952 άπὸ
783 2887 890 2952 Αἰλίου
913 2887 1095 2965 Ἀδριανοῦε
1133 2885 1183 2948 vel
1206 2906 1288 2969 quae
1311 2885 1350 2949 de

208 2996 392 3074 Ἀκαδημία,
421 2997 610 3075 Καλχηδών,
635 2996 816 3074 Καμπανοί,
840 2996 1008 3076 Κάνωβος,
1038 2994 1209 3075 (ηλυβρία,
1241 2996 1349 3074 Φάρος

209 3104 391 3168 nominibus
413 3105 553 3168 breviter
575 3105 743 3189 utrobique
760 3109 964 3189 exponuntur
979 3105 1025 3168 ita
1041 3107 1169 3168 tantum
1193 3125 1348 3189 congrua,

209 3217 245 3276 ut
273 3235 345 3277 cum
372 3214 594 3278 dissimillimis
627 3215 836 3280 contrariisve
871 3215 992 3278 sociata
1020 3215 1095 3278 sint.
1150 3213 1349 3298 Quamquam

208 3323 313 3406 potuit
340 3344 417 3387 sane
445 3325 525 3387 haec
553 3347 677 3408 quoque
704 3323 887 3408 Stephanus
920 3325 961 3388 ab
990 3323 1054 3388 Oro
1083 3323 1239 3387 mutuari:
1277 3345 1347 3408 ega,

208 3431 262 3514 qui
285 3431 385 3496 nolim
408 3431 552 3515 cupidius
575 3456 687 3518 agere,
723 3436 757 3498 in
788 3433 832 3497 eis
856 3434 1023 3516 acquiesco
1045 3455 1126 3517 quae
1148 3433 1271 3497 nullam
1293 3433 1348 3497 ha-

209 3541 287 3604 bent
309 3540 552 3606 dubitationem.
584 3543 663 3608 Eius
685 3543 771 3607 modi
794 3541 947 3627 estquod
969 3565 1065 3628 supra
1087 3543 1225 3606 tractavi
1248 3544 1348 3625 Ἀθρι-

209 3657 272 3734 βις,
302 3650 425 3734 dequo
448 3673 576 3734 prorsus
600 3653 803 3717 consentiens
825 3651 1007 3737 Stephanus
1029 3675 1061 3736 p.
1085 3653 1137 3734 32,
1161 3653 1219 3716 32:
1246 3654 1348 3719 Ἄθλι-

209 3763 266 3840 βις,
288 3761 380 3825 πόλις
402 3761 576 3837 Αἰγύπτου·
600 3763 618 3826 ὁ
641 3765 772 3842 πολίτης
794 3763 971 3843 Ἀθλιβίτης.
1015 3763 1162 3840 Νικάνωρ
1184 3765 1220 3828 δὲ
1243 3755 1347 3843 ὁἚρ-

208 3870 297 3948 μείου
320 3872 356 3935 ἐν
378 3873 396 3954 ῂ
420 3871 503 3949 πρὸς
526 3874 692 3952 Ἀδρωνὸν
715 3873 833 3954 γράφει
855 3872 966 3956 (vulgo
988 3873 1150 3955 γράφων),
1173 3873 1225 3936 διά
1247 3878 1306 3937 τοῦ
1329 3896 1347 3952 ρ

209 3981 303 4059 φηςὶν
336 3981 472 4061 Ἀθριβις
501 4032 656 4045 ......
684 3983 722 4046 τό
755 3983 881 4046 ἐθνικόν
908 3982 1084 4062 Ἀθριβίτης.
1134 3981 1298 4066 Stephano
1321 3983 1348 4046 si

208 4109 273 4150 nou
295 4110 370 4152 usus
387 4093 435 4153 est
450 4089 602 4174 Zonaras,
626 4090 736 4154 eodem
759 4089 926 4154 referenda
941 4113 1022 4174 quae
1043 4091 1126 4176 apud
1149 4091 1235 4156 huno
1257 4115 1289 4176 p.
1306 4093 1348 4156 44

293 4343 318 4408 *l
346 4341 400 4410 [Do
426 4342 479 4397 hcc
506 4343 592 4412 digua
614 4347 658 4398 est
686 4361 757 4412 quae
780 4343 930 4412 diligenter
952 4325 1141 4414 pcqrcndatur
1163 4345 1296 4399 Lentzii
1318 4346 1346 4400 in

209 4433 379 4490 Fleckeiseni
396 4436 495 4490 Annal.
515 4437 580 4504 phil.
600 4439 620 4492 t.
640 4443 672 4490 91
692 4441 726 4504 (a.
749 4441 823 4505 1865)
842 4455 869 4510 p.
889 4444 936 4492 571
958 4454 998 4506 sq.
1019 4436 1176 4507 dubitatio]
