3218 5094
277 301 340 366 588
658 320 705 366 ua
728 320 798 369 oso
821 321 865 368 un
889 321 1032 368 carons.
1132 291 1134 298 ’

244 480 381 556 tuoque
402 471 561 537 indicibus
584 473 619 537 in
640 471 899 558 Etymologicum
927 475 971 538 M.
1001 479 1034 538 et
1056 474 1224 539 Zonaram.
1270 473 1316 538 Vt
1336 473 1420 538 haec

277 582 426 666 prodeat,
462 583 616 668 siquidem
644 605 775 668 prorsus
803 607 889 649 nunc
918 586 1086 649 recedatur
1115 608 1134 648 a
1164 584 1279 649 Suidae
1306 607 1420 649 narra-

277 691 380 777 tione,
413 693 611 778 singulorum
633 697 665 757 et
686 695 913 780 magistrorum
936 699 969 759 ct
991 697 1290 760 commentariorum
1313 695 1419 779 dispo-

277 803 370 886 sitio,
399 804 500 868 nimia
522 804 578 868 illa
602 805 790 870 credulitate
818 809 966 890 suscepta
988 806 1023 870 in
1045 805 1185 870 Fabricii
1218 805 1302 870 Bibl.
1326 827 1376 892 gr.
1401 805 1419 871 I

276 936 308 998 p.
335 913 394 979 105
416 937 461 1000 sq.
486 919 518 980 et
540 915 586 980 VI
608 939 642 1000 p.
657 915 716 981 621
734 938 797 1000 sq.:
823 918 894 981 Orio
918 919 1078 981 Thebanus
1101 919 1134 980 et
1157 920 1234 981 Orus
1260 921 1420 981 Thebanus

276 1025 348 1104 περὶ
376 1025 600 1108 ἐτυμολογίας,
638 1030 709 1091 Orio
739 1032 874 1092 Milesius
901 1029 933 1091 et
957 1031 1035 1092 Orus
1061 1029 1132 1109 περὶ
1159 1027 1310 1105 ἐθνικῶν,
1340 1029 1420 1093 Orus

278 1141 414 1201 Milesius
435 1139 507 1218 περὶ
528 1138 757 1220 ὀρθογραφίαε.
788 1137 857 1202 Nec
872 1137 1059 1202 minuuntur
1073 1138 1154 1201 istae
1176 1138 1289 1202 turbae
1311 1137 1419 1204 indice

277 1245 332 1309 illo
361 1244 557 1312 Coisliniano
586 1255 624 1313 de
649 1256 761 1314 artium
789 1260 818 1312 et
841 1255 1072 1330 disciplinarum
1100 1253 1304 1314 r'nuentorr'bus
1332 1249 1419 1332 apud

277 1356 563 1422 Montefalconium
585 1382 617 1446 p.
634 1359 708 1443 597,
732 1359 786 1422 ubi
802 1359 1012 1442 inscriptione
1034 1359 1211 1444 praemissa
1226 1359 1295 1425 δεοι
1319 1380 1419 1440 γραμ-

276 1469 398 1546 ματικοί
425 1469 510 1532 solus
537 1470 723 1533 nominatur
751 1470 849 1554 Orus,
879 1469 914 1534 in
936 1470 1144 1554 scriptoribus
1166 1472 1238 1552 περὶ
1260 1469 1419 1552 όρθογμα-

277 1578 353 1661 φίας
375 1601 499 1644 rursum
522 1579 696 1644 collocatur
718 1563 818 1660 Orus,
842 1581 956 1645 deinde
976 1584 1047 1662 περὶ
1069 1583 1229 1662 διχρόνων
1252 1580 1419 1666 magistris

278 1689 359 1754 Orus
382 1693 569 1755 accensetur
591 1693 623 1755 et
644 1691 760 1755 iterum
776 1692 869 1774 Orus,
892 1691 1005 1755 ultimo
1028 1694 1135 1755 autem
1156 1692 1227 1756 loco
1242 1691 1319 1756 Orio
1335 1690 1418 1756 The-

277 1800 379 1865 banus
402 1801 532 1884 ponitur
547 1801 829 1887 ethnicographus
861 1801 1006 1887 Denique
1022 1801 1253 1868 incredibiliter
1274 1801 1417 1866 omnium

276 1933 382 1974 rerum
405 1911 548 1974 confusio
572 1911 759 1996 adaugetur,
783 1913 837 1976 ubi
860 1913 899 1976 de
923 1912 1133 1998 congruentia
1157 1916 1213 1976 aut
1234 1913 1418 1996 discrepan-

276 2021 322 2084 tia
344 2020 439 2084 lexici
462 2019 593 2085 Orionei
615 2023 717 2086 nostri
738 2023 901 2106 quaeritur
923 2027 956 2086 et
978 2045 1102 2106 eorum,
1127 2045 1207 2107 qnae
1230 2023 1280 2086 vel
1304 2023 1418 2112 Orioni

276 2130 325 2193 vel
350 2129 414 2194 Oro
441 2129 626 2196 tribuuntur
653 2132 687 2196 in
709 2132 956 2218 Etymologiois:
993 2134 1076 2218 quod
1104 2134 1232 2218 quidem
1259 2134 1319 2197 hoc
1345 2134 1418 2198 loco

276 2240 459 2326 significare
481 2245 610 2306 tautum
631 2244 766 2308 necdum
788 2244 863 2308 licet
884 2245 1041 2329 persequi.
1073 2243 1134 2310 Sed
1157 2247 1303 2308 extante
1326 2243 1418 2308 dissi-

276 2351 421 2417 dentium
442 2351 699 2419 testimoniorum
727 2356 821 2419 turba
844 2359 876 2419 et
898 2356 989 2440 quasi
1018 2355 1151 2420 colluvie
1174 2354 1311 2440 quadam
1333 2355 1418 2419 scire

276 2463 452 2549 Iubetque
479 2467 611 2530 taudem
644 2466 696 2530 via
724 2489 792 2530 sese
826 2465 973 2551 expedire
1005 2465 1160 2552 philologi
1199 2466 1306 2530 conati
1337 2465 1417 2530 sint.

276 2571 407 2640 Scilicet
438 2579 620 2659 permutata
648 2577 752 2642 dicere
786 2575 903 2640 similia
940 2577 1136 2640 diversorum
1167 2576 1299 2641 nomina
1336 2577 1418 2641 satis

276 2685 389 2750 habuit
409 2685 597 2772 Sylburgr'us
617 2687 728 2752 Indice
748 2687 783 2751 in
805 2687 860 2751 Et.
883 2687 927 2751 M.
949 2709 981 2770 p.
1006 2687 1119 2752 10711)
1140 2687 1188 2751 ed.
1212 2686 1310 2770 Lips,
1335 2686 1417 2751 satis

277 2795 374 2859 etiam
402 2795 560 2880 Sturzius3
587 2820 686 2862 unum
713 2801 840 2862 tantum
866 2797 1071 2861 multitudine
1099 2797 1265 2861 nominum
1292 2797 1418 2882 signifi-

277 2906 342 2970 cari
358 2907 602 2990 grammaticum
617 2907 782 2973 Fabricius
798 2909 859 2973 sibi
881 2907 1040 2992 persuasit
1056 2905 1139 2972 Bibl.
1157 2929 1206 2992 gr.
1223 2906 1270 2972 Vl
1291 2930 1323 2991 p.
1340 2908 1416 2990 374,

276 3016 435 3100 persuasit
457 3017 554 3082 etiam
575 3017 741 3084 Harlesio:
787 3019 827 3084 cf.
857 3043 889 3104 p.
913 3019 986 3084 603.
1010 3019 1083 3084 621.
1129 3017 1253 3100 secuti,
1285 3019 1322 3080 ut
1347 3016 1417 3082 fere

275 3127 328 3210 fit,
356 3127 549 3193 recentiores
576 3151 647 3194 cum
675 3129 731 3193 alii
758 3133 827 3194 tum
854 3130 909 3214 qui
936 3129 975 3193 de
1002 3128 1179 3212 Hermippo
1207 3149 1310 3212 nuper
1332 3147 1437 3193 com-¹

276 3240 437 3303 mentatus
460 3242 509 3304 est
530 3240 726 3324 Lonynsln'us
748 3263 780 3324 p.
803 3241 855 3306 25.

808 3433 881 3517 ξὸ.

360 3571 427 3637 Nos
450 3576 556 3637 autem
579 3576 615 3636 ut
636 3573 767 3655 acriore,
791 3571 818 3636 si
833 3571 902 3636 fieri
918 3573 1029 3655 possit,
1053 3571 1158 3634 Marte
1174 3569 1414 3653 contendamus,

276 3683 437 3748 aduobns
467 3683 545 3748 locis
573 3683 826 3767 proficiscemur,
858 3703 935 3766 quos
969 3681 1052 3746 solos
1086 3680 1227 3745 illibatos
1256 3679 1416 3745 ceruimus

275 3793 402 3858 illorum
423 3793 576 3858 fluctuum
599 3794 801 3879 contagione.
832 3792 952 3857 Eorum
972 3793 1054 3856 alter
1076 3791 1128 3855 hic
1151 3794 1209 3874 est,
1234 3791 1316 3874 quod
1338 3791 1416 3854 lexi-

277 3927 348 3969 cum
362 3904 440 3968 illud
457 3905 779 3990 etymologicum,
804 3905 867 3968 alio
883 3903 960 3967 alibi
976 3903 1106 3967 nomine
1122 3904 1414 3985 commemoratum,

276 4038 314 4079 ex
338 4015 459 4100 Regiae
482 4015 695 4080 bibliothecae
712 4013 848 4079 ‘latebris
863 4013 1015 4078 Larcheri
1037 4011 1196 4077 industria
1217 4013 1417 4095 protractum

275 4126 393 4190 nostris
415 4126 477 4209 ipsi
499 4126 647 4190 manibus
670 4128 826 4208 tenemus,
851 4128 883 4188 et
905 4124 1106 4209 apertissimo
1123 4123 1250 4207 quidem
1273 4122 1417 4186 testimo-

277 4236 330 4299 nio
353 4236 548 4320 adscriptum
578 4236 718 4301 Orioni
741 4236 928 4300 Thebano
956 4234 1167 4320 grammatico
1196 4233 1415 4299 Cacsareensi.

144 4382 150 4395 ·
278 4345 412 4410 Adiecta
439 4347 524 4412 enim
550 4351 765 4429 γραμματικοῦ
795 4346 977 4427 Καιεαρείαε
1003 4346 1117 4428 verba,
1149 4345 1268 4416 iterata
1295 4341 1352 4406 illa
1379 4343 1417 4408 in
