3270 5094
744 1367 870 1477 ΧΠ.

370 1569 494 1663 Cocoii
524 1568 678 1687 lteioigi
708 1567 979 1662 emendationes
1009 1569 1044 1663 io
1076 1568 1244 1686 Aeschyli

650 1717 966 1835 Prouetteon.*)

170 2042 219 2090 xxo
325 2027 366 2091 V.
392 2027 407 2089 1
432 2026 535 2091 scribe
556 2029 756 2105 τηλοῦρον
778 2023 986 2109 provulgato
1001 2026 1172 2106 τηλουρὸν.
1203 2024 1378 2090 Nominum

240 2137 325 2200 enim
347 2136 382 2200 in
406 2129 491 2210 B‘om'o}
512 2136 756 2200 terminatorum
778 2137 917 2218 oxytons
939 2138 1015 2200 sunt
1042 2157 1122 2220 quae
1149 2138 1309 2200 ducuntur
1337 2135 1378 2199 ab

240 2248 333 2328 ὁρᾶν,
355 2249 393 2310 ut
407 2247 565 2330 οἰκουρός,
589 2246 766 2326 κηπουρόεε
792 2247 903 2310 eontra
923 2267 1004 2330 quse
1020 2246 1061 2310 sb
1075 2245 1268 2329 nominibus,
1285 2246 1377 2330 bery-

239 2359 327 2421 tona.
358 2356 446 2442 Ergo
464 2357 610 2437 cuioupot
631 2356 810 2420 notandum
831 2358 864 2420 et
885 2358 1090 2438 ”Aprroupot,
1115 2357 1156 2421 ab
1178 2357 1278 2436 οὐράς
1300 2355 1379 2420 item

239 2467 416 2548 ἅγχουροε,
443 2469 641 2550 πρόεουροε,
669 2465 826 2546 ὅμουρος,
854 2466 895 2529 ab
923 2465 1010 2545 opor.
1056 2465 1156 2542 Quem
1187 2465 1378 2531 admodum

240 2581 346 2643 autem
368 2578 551 2658 πρόεουρο(
574 2579 622 2641 ert
643 2598 701 2660 pro
724 2576 893 2659 πρόεοροε,
917 2576 963 2639 ita
978 2576 1124 2660 primitus
1144 2579 1176 2640 et
1190 2576 1294 2641 ionice
1316 2577 1378 2640 fuit

240 2743 378 2752 u...—.—.-

307 2833 332 2900 *)
350 2829 533 2900 [Praemissus
552 2829 726 2899 ‘Apparatus
749 2828 837 2896 critici
859 2831 888 2884 et
910 2829 1047 2898 exegetici
1067 2830 1096 2884 in
1118 2829 1248 2899 Aeschyli
1267 2832 1378 2899 tragoe-

242 2924 322 2990 dias',
345 2923 422 2978 Helie
441 2922 580 2978 Saxonum
599 2921 667 2977 editi
684 2939 708 2976 a.
731 2929 809 2988 toea,
826 2921 959 2977 volumini
976 2924 988 2977 1
1007 2941 1024 2978 a
1040 2941 1068 2992 p.
1086 2923 1151 2978 XIX
1168 2923 1204 2978 ad
1221 2923 1331 2978 XXXII.
1345 2955 1378 2964 -

240 3015 438 3072 Schwetschkii
461 3016 547 3082 enim,
576 3015 732 3085 bibliopolii
755 3015 904 3070 Gebauerii
926 3033 1115 3086 possessores,
1138 3035 1200 3072 curu
1222 3017 1379 3087 Apparatui

239 3110 280 3164 illi
297 3127 315 3163 a
331 3111 421 3164 semet
438 3109 513 3164 edito
531 3108 637 3176 aliquid
654 3109 786 3164 accedere
803 3125 893 3163 novae
911 3108 984 3164 dotis
1002 3109 1113 3176 vellent,
1135 3109 1215 3165 facile
1233 3128 1250 3165 a
1268 3129 1312 3165 me
1329 3110 1378 3164 im·

240 3201 392 3272 petrebant
410 3203 440 3256 ut
458 3219 473 3257 e
490 3202 607 3272 Reisigii
625 3203 659 3258 de
676 3202 843 3257 Prometheo
867 3201 968 3257 scholis
986 3202 1165 3269 academicis,
1196 3204 1296 3271 quibus
1318 3204 1378 3273 ipse

239 3314 290 3366 per
307 3295 427 3350 hiemem
450 3314 474 3351 a.
497 3301 561 3350 1826
580 3297 609 3351 et
628 3301 692 3350 1827
714 3313 770 3351 non
788 3294 847 3350 sine
865 3295 1002 3350 industria
1017 3295 1217 3362 interfuissem,
1236 3314 1270 3352 ea
1287 3313 1378 3351 excer-

239 3407 335 3460 perem
353 3390 435 3458 inque
452 3389 571 3444 latinum
588 3406 744 3445 sermonem
756 3405 889 3444 conversa
903 3406 1098 3458 proponerem,
1116 3407 1187 3458 quae
1204 3389 1298 3444 utilius
1317 3407 1378 3444 cum

239 3484 328 3539 doctis
340 3484 497 3540 hominibus
516 3481 713 3538 communicari
730 3499 814 3550 quam
825 3483 995 3552 sempiterna
1008 3482 1146 3538 oblivione
1158 3482 1238 3538 obrori
1254 3482 1379 3538 videren-

239 3579 293 3633 tur.
328 3576 432 3643 Quibus
455 3577 508 3632 etsi
530 3577 629 3642 hodie,
654 3576 683 3630 in
705 3577 786 3630 tenta
808 3575 962 3629 studiorum
983 3575 1194 3645 Aeschyliorum
1216 3576 1377 3642 mutatione,

239 3688 295 3726 uon
311 3671 388 3727 idem
405 3673 489 3739 atque
508 3670 574 3724 olim
591 3668 713 3740 pretium
730 3670 786 3734 est,
803 3671 900 3724 tamen
918 3669 1050 3737 quoniam
1068 3686 1100 3724 eo
1119 3687 1173 3738 quo
1191 3671 1252 3725 tum
1269 3668 1378 3740 prodie-

239 3767 304 3819 runt
320 3766 382 3819 loeo
399 3763 602 3835 propemodum
620 3762 797 3829 delituerunt,
814 3763 868 3816 hoc
885 3762 982 3817 deberi
998 3763 1188 3833 praeceptoris
1206 3763 1378 3832 incompara-

239 3857 302 3913 bilis
320 3858 472 3912 memoriae
488 3857 578 3912 visum
597 3857 651 3922 est,
674 3856 706 3910 ut
723 3856 776 3910 hac
793 3856 861 3911 data
879 3856 1024 3912 occasione
1042 3873 1142 3911 novam
1160 3856 1189 3910 iu
1206 3856 1297 3912 lucem
1314 3873 1378 3926 pro-

239 3951 435 4021 traherentur]
471 3949 598 4006 Selectae
621 3951 758 4004 sunteas
781 3949 1002 4016 emendationes,
1032 3965 1104 4016 quae
1125 3966 1177 4003 nec
1199 3949 1267 4004 aiibi
1284 3949 1379 4003 essent

240 4045 276 4100 ab
293 4045 355 4114 ipso
372 4043 496 4113 Reisigio
518 4043 692 4113 propositae,
722 4058 773 4096 nec
794 4041 823 4096 in
846 4042 912 4096 solis
935 4042 1088 4112 scripturae
1111 4041 1304 4111 discrepantiis
1323 4039 1378 4095 edi·

240 4142 386 4206 torumque
416 4136 560 4192 sententiis
594 4135 777 4190 diiudicandis
808 4136 862 4205 [vel
890 4135 1081 4205 grammaticis
1110 4134 1265 4190 rationibus
1295 4133 1378 4203 expli-

241 4229 346 4300 candis]
366 4231 550 4284 versarentur.
591 4229 696 4284 Harum
718 4227 803 4298 igitur
824 4228 939 4282 brevem
960 4227 1110 4282 indiculum
1129 4226 1295 4283 subiecimus
1320 4226 1378 4280 sine

241 4323 381 4377 rationum
399 4321 583 4392 expositione,
611 4339 689 4376 eruoe
711 4321 876 4390 reprobatas
899 4321 1062 4390 scripturas,
1088 4320 1224 4394 probatas
1245 4318 1378 4380 asterisco

242 4416 381 4472 notantes.
419 4415 564 4488 [Verouum
581 4414 689 4472 uumeri
707 4413 1006 4492 sunt0Wellaue1-ianii
