<?xml version="1.0" encoding="UTF-8"?>
<!DOCTYPE html PUBLIC "-//W3C//DTD XHTML 1.0 Transitional//EN"
    "http://www.w3.org/TR/xhtml1/DTD/xhtml1-transitional.dtd">
<html xmlns="http://www.w3.org/1999/xhtml" xml:lang="en" lang="en">
 <head>
  <title>
</title>
<meta http-equiv="Content-Type" content="text/html;charset=utf-8" />
  <meta name='ocr-system' content='tesseract 3.04.00' />
  <meta name='ocr-capabilities' content='ocr_page ocr_carea ocr_par ocr_line ocrx_word'/>
</head>
<body>
  <div class='ocr_page' id='page_1' title='image "./fridericiritsch11wachgoog_0552.png"; bbox 0 0 3254 5086; ppageno 0'>
   <div class='ocr_carea' id='block_1_1' title="bbox 533 305 1371 376">
    <p class='ocr_par' dir='ltr' id='par_1_1' title="bbox 533 305 1371 376">
     <span class='ocr_line' id='line_1_1' title="bbox 533 305 1371 376; baseline 0 -4"><span class='ocrx_word' id='word_1_1' title='bbox 533 326 691 376; x_wconf 78' lang='lat' dir='ltr'>nrosrsrr</span> <span class='ocrx_word' id='word_1_2' title='bbox 711 324 1063 374; x_wconf 73' lang='lat' dir='ltr'>samosansssonffls.</span> <span class='ocrx_word' id='word_1_3' title='bbox 1307 305 1371 372; x_wconf 80' lang='lat'>529</span> 
     </span>
    </p>
   </div>
   <div class='ocr_carea' id='block_1_2' title="bbox 225 473 1371 1218">
    <p class='ocr_par' dir='ltr' id='par_1_2' title="bbox 225 473 1371 1218">
     <span class='ocr_line' id='line_1_2' title="bbox 229 473 1369 562; baseline -0.004 -21"><span class='ocrx_word' id='word_1_4' title='bbox 229 477 328 542; x_wconf 88' lang='lat' dir='ltr'>semel</span> <span class='ocrx_word' id='word_1_5' title='bbox 349 497 478 561; x_wconf 90' lang='lat' dir='ltr'>moneo,</span> <span class='ocrx_word' id='word_1_6' title='bbox 507 478 563 542; x_wconf 90' lang='lat' dir='ltr'>ubi</span> <span class='ocrx_word' id='word_1_7' title='bbox 586 479 636 562; x_wconf 89' lang='lat' dir='ltr'>(ut</span> <span class='ocrx_word' id='word_1_8' title='bbox 657 477 724 562; x_wconf 86' lang='lat' dir='ltr'>hic)</span> <span class='ocrx_word' id='word_1_9' title='bbox 753 477 792 540; x_wconf 90' lang='lat' dir='ltr'>de</span> <span class='ocrx_word' id='word_1_10' title='bbox 818 482 848 542; x_wconf 91' lang='lat' dir='ltr'><em>B</em></span> <span class='ocrx_word' id='word_1_11' title='bbox 869 476 993 543; x_wconf 80' lang='lat' dir='ltr'>diversa</span> <span class='ocrx_word' id='word_1_12' title='bbox 1019 477 1070 539; x_wconf 86' lang='lat' dir='ltr'>vel</span> <span class='ocrx_word' id='word_1_13' title='bbox 1098 475 1259 540; x_wconf 86' lang='lat' dir='ltr'>contraria</span> <span class='ocrx_word' id='word_1_14' title='bbox 1281 473 1369 539; x_wconf 91' lang='lat' dir='ltr'>Hud-</span> 
     </span>
     <span class='ocr_line' id='line_1_3' title="bbox 227 583 1368 668; baseline -0.004 -18"><span class='ocrx_word' id='word_1_15' title='bbox 227 585 369 650; x_wconf 89' lang='lat' dir='ltr'>sonianis</span> <span class='ocrx_word' id='word_1_16' title='bbox 391 586 583 650; x_wconf 69' lang='lat' dir='ltr'>testimoniis</span> <span class='ocrx_word' id='word_1_17' title='bbox 606 609 625 650; x_wconf 88' lang='lat' dir='ltr'>a</span> <span class='ocrx_word' id='word_1_18' title='bbox 647 608 698 650; x_wconf 91' lang='lat' dir='ltr'>me</span> <span class='ocrx_word' id='word_1_19' title='bbox 719 589 901 668; x_wconf 76' lang='lat' dir='ltr'><strong>narrentur,</strong></span> <span class='ocrx_word' id='word_1_20' title='bbox 925 586 957 649; x_wconf 86' lang='lat' dir='ltr'>id</span> <span class='ocrx_word' id='word_1_21' title='bbox 980 607 1044 648; x_wconf 90' lang='lat' dir='ltr'>non</span> <span class='ocrx_word' id='word_1_22' title='bbox 1061 585 1164 668; x_wconf 83' lang='lat' dir='ltr'>magis</span> <span class='ocrx_word' id='word_1_23' title='bbox 1186 606 1237 648; x_wconf 91' lang='lat' dir='ltr'>me</span> <span class='ocrx_word' id='word_1_24' title='bbox 1260 583 1368 646; x_wconf 87' lang='lat' dir='ltr'>dedita</span> 
     </span>
     <span class='ocr_line' id='line_1_4' title="bbox 226 693 1368 780; baseline -0.004 -21"><span class='ocrx_word' id='word_1_25' title='bbox 226 717 324 779; x_wconf 88' lang='lat' dir='ltr'>opera</span> <span class='ocrx_word' id='word_1_26' title='bbox 357 717 602 760; x_wconf 89' lang='lat' dir='ltr'>commemorare</span> <span class='ocrx_word' id='word_1_27' title='bbox 636 717 731 780; x_wconf 87' lang='lat' dir='ltr'>quam</span> <span class='ocrx_word' id='word_1_28' title='bbox 758 695 813 759; x_wconf 91' lang='lat' dir='ltr'>ubi</span> <span class='ocrx_word' id='word_1_29' title='bbox 845 694 884 758; x_wconf 89' lang='lat' dir='ltr'>de</span> <span class='ocrx_word' id='word_1_30' title='bbox 912 693 1108 778; x_wconf 75' lang='lat' dir='ltr'>gravissimis</span> <span class='ocrx_word' id='word_1_31' title='bbox 1141 715 1236 776; x_wconf 80' lang='lat' dir='ltr'>saepe</span> <span class='ocrx_word' id='word_1_32' title='bbox 1271 693 1368 776; x_wconf 91' lang='lat' dir='ltr'>scrip-</span> 
     </span>
     <span class='ocr_line' id='line_1_5' title="bbox 225 803 1367 888; baseline -0.003 -21"><span class='ocrx_word' id='word_1_33' title='bbox 225 807 317 868; x_wconf 87' lang='lat' dir='ltr'>turae</span> <span class='ocrx_word' id='word_1_34' title='bbox 339 805 563 888; x_wconf 85' lang='lat' dir='ltr'>discrepantiis</span> <span class='ocrx_word' id='word_1_35' title='bbox 584 805 670 868; x_wconf 87' lang='lat' dir='ltr'>illius</span> <span class='ocrx_word' id='word_1_36' title='bbox 691 805 809 868; x_wconf 90' lang='lat' dir='ltr'>codicis</span> <span class='ocrx_word' id='word_1_37' title='bbox 834 804 919 868; x_wconf 90' lang='lat' dir='ltr'>idem</span> <span class='ocrx_word' id='word_1_38' title='bbox 934 803 1107 867; x_wconf 86' lang='lat' dir='ltr'>Hudsonus</span> <span class='ocrx_word' id='word_1_39' title='bbox 1126 823 1255 886; x_wconf 89' lang='lat' dir='ltr'>prorsus</span> <span class='ocrx_word' id='word_1_40' title='bbox 1269 805 1367 866; x_wconf 88' lang='lat' dir='ltr'>tacet.</span> 
     </span>
     <span class='ocr_line' id='line_1_6' title="bbox 227 911 1369 998; baseline -0.002 -22"><span class='ocrx_word' id='word_1_41' title='bbox 227 952 270 964; x_wconf 83' lang='lat'>—-</span> <span class='ocrx_word' id='word_1_42' title='bbox 292 913 411 988; x_wconf 81' lang='lat' dir='ltr'>Quater</span> <span class='ocrx_word' id='word_1_43' title='bbox 433 936 490 998; x_wconf 88' lang='lat' dir='ltr'>per</span> <span class='ocrx_word' id='word_1_44' title='bbox 509 915 655 998; x_wconf 87' lang='lat' dir='ltr'>Dionysii</span> <span class='ocrx_word' id='word_1_45' title='bbox 677 913 898 998; x_wconf 87' lang='lat' dir='ltr'>Antiquitates</span> <span class='ocrx_word' id='word_1_46' title='bbox 920 913 955 976; x_wconf 92' lang='lat' dir='ltr'>in</span> <span class='ocrx_word' id='word_1_47' title='bbox 976 911 1067 975; x_wconf 90' lang='lat' dir='ltr'>libris</span> <span class='ocrx_word' id='word_1_48' title='bbox 1090 911 1236 975; x_wconf 89' lang='lat' dir='ltr'>omnibus</span> <span class='ocrx_word' id='word_1_49' title='bbox 1258 911 1369 975; x_wconf 91' lang='lat' dir='ltr'>obscu-</span> 
     </span>
     <span class='ocr_line' id='line_1_7' title="bbox 231 1021 1371 1106; baseline -0.002 -20"><span class='ocrx_word' id='word_1_50' title='bbox 231 1027 338 1086; x_wconf 89' lang='lat' dir='ltr'>ratum</span> <span class='ocrx_word' id='word_1_51' title='bbox 361 1027 410 1087; x_wconf 87' lang='lat' dir='ltr'>est</span> <span class='ocrx_word' id='word_1_52' title='bbox 431 1045 548 1088; x_wconf 89' lang='lat' dir='ltr'>nomen</span> <span class='ocrx_word' id='word_1_53' title='bbox 569 1031 685 1088; x_wconf 77' lang='lat' dir='ltr'>salinas</span> <span class='ocrx_word' id='word_1_54' title='bbox 698 1023 749 1087; x_wconf 85' lang='lat' dir='ltr'>vel</span> <span class='ocrx_word' id='word_1_55' title='bbox 764 1044 862 1103; x_wconf 79' lang='lat' dir='ltr'>aquas</span> <span class='ocrx_word' id='word_1_56' title='bbox 875 1029 972 1087; x_wconf 78' lang='lat' dir='ltr'>solcas</span> <span class='ocrx_word' id='word_1_57' title='bbox 987 1021 1187 1106; x_wconf 80' lang='lat' dir='ltr'>significum,</span> <span class='ocrx_word' id='word_1_58' title='bbox 1212 1022 1248 1084; x_wconf 84' lang='grc' dir='ltr'>αἱ</span> <span class='ocrx_word' id='word_1_59' title='bbox 1270 1021 1371 1100; x_wconf 83' lang='grc' dir='ltr'>ἀλαί,</span> 
     </span>
     <span class='ocr_line' id='line_1_8' title="bbox 231 1129 1369 1218; baseline -0.002 -24"><span class='ocrx_word' id='word_1_60' title='bbox 231 1132 329 1195; x_wconf 87' lang='lat' dir='ltr'>semel</span> <span class='ocrx_word' id='word_1_61' title='bbox 350 1132 400 1214; x_wconf 87' lang='lat' dir='ltr'>ll,</span> <span class='ocrx_word' id='word_1_62' title='bbox 424 1133 466 1197; x_wconf 88' lang='grc'>55</span> <span class='ocrx_word' id='word_1_63' title='bbox 488 1155 519 1216; x_wconf 92' lang='lat' dir='ltr'>p.</span> <span class='ocrx_word' id='word_1_64' title='bbox 543 1133 606 1197; x_wconf 84' lang='lat'>353</span> <span class='ocrx_word' id='word_1_65' title='bbox 628 1131 737 1196; x_wconf 89' lang='lat' dir='ltr'>Reisk.</span> <span class='ocrx_word' id='word_1_66' title='bbox 763 1130 846 1218; x_wconf 83' lang='lat'>[180,</span> <span class='ocrx_word' id='word_1_67' title='bbox 872 1132 911 1195; x_wconf 90' lang='grc'>16</span> <span class='ocrx_word' id='word_1_68' title='bbox 933 1130 1003 1218; x_wconf 85' lang='lat' dir='ltr'>K.],</span> <span class='ocrx_word' id='word_1_69' title='bbox 1026 1135 1076 1195; x_wconf 91' lang='lat' dir='ltr'>ter</span> <span class='ocrx_word' id='word_1_70' title='bbox 1096 1130 1156 1208; x_wconf 91' lang='grc' dir='ltr'>ΠΙ,</span> <span class='ocrx_word' id='word_1_71' title='bbox 1177 1131 1217 1194; x_wconf 88' lang='grc'>41</span> <span class='ocrx_word' id='word_1_72' title='bbox 1241 1152 1272 1212; x_wconf 91' lang='lat' dir='ltr'>p.</span> <span class='ocrx_word' id='word_1_73' title='bbox 1296 1129 1369 1193; x_wconf 82' lang='lat'><strong>528.</strong></span> 
     </span>
    </p>
   </div>
   <div class='ocr_carea' id='block_1_3' title="bbox 227 1238 1371 1328">
    <p class='ocr_par' dir='ltr' id='par_1_3' title="bbox 227 1238 1371 1328">
     <span class='ocr_line' id='line_1_9' title="bbox 227 1238 1371 1328; baseline -0.003 -23"><span class='ocrx_word' id='word_1_74' title='bbox 227 1241 290 1305; x_wconf 78' lang='lat'>529</span> <span class='ocrx_word' id='word_1_75' title='bbox 322 1239 413 1328; x_wconf 75' lang='lat'>[279,</span> <span class='ocrx_word' id='word_1_76' title='bbox 443 1241 474 1305; x_wconf 84' lang='lat'>3.</span> <span class='ocrx_word' id='word_1_77' title='bbox 498 1242 529 1305; x_wconf 89' lang='grc'>6.</span> <span class='ocrx_word' id='word_1_78' title='bbox 553 1242 572 1306; x_wconf 78' lang='grc' dir='ltr'>ἰ</span> <span class='ocrx_word' id='word_1_79' title='bbox 594 1239 648 1326; x_wconf 79' lang='lat' dir='ltr'>K]</span> <span class='ocrx_word' id='word_1_80' title='bbox 693 1240 757 1304; x_wconf 91' lang='lat' dir='ltr'>Vbi</span> <span class='ocrx_word' id='word_1_81' title='bbox 783 1262 842 1324; x_wconf 93' lang='lat' dir='ltr'>pro</span> <span class='ocrx_word' id='word_1_82' title='bbox 870 1241 1017 1322; x_wconf 84' lang='grc' dir='ltr'>ἄλλων,</span> <span class='ocrx_word' id='word_1_83' title='bbox 1051 1240 1202 1315; x_wconf 87' lang='grc' dir='ltr'>ἄλλαις,</span> <span class='ocrx_word' id='word_1_84' title='bbox 1236 1238 1371 1317; x_wconf 84' lang='grc' dir='ltr'>ἄλλας,</span> 
     </span>
    </p>
   </div>
   <div class='ocr_carea' id='block_1_4' title="bbox 199 1347 1424 4264">
    <p class='ocr_par' dir='ltr' id='par_1_4' title="bbox 199 1347 1424 4264">
     <span class='ocr_line' id='line_1_10' title="bbox 229 1347 1372 1434; baseline 0.002 -22"><span class='ocrx_word' id='word_1_85' title='bbox 229 1371 308 1434; x_wconf 85' lang='lat' dir='ltr'>quas</span> <span class='ocrx_word' id='word_1_86' title='bbox 325 1350 485 1433; x_wconf 83' lang='lat' dir='ltr'>simplices</span> <span class='ocrx_word' id='word_1_87' title='bbox 502 1351 697 1432; x_wconf 73' lang='lat' dir='ltr'>corruptelas</span> <span class='ocrx_word' id='word_1_88' title='bbox 714 1355 771 1413; x_wconf 81' lang='lat' dir='ltr'>AB</span> <span class='ocrx_word' id='word_1_89' title='bbox 784 1353 913 1433; x_wconf 87' lang='lat' dir='ltr'>tenent,</span> <span class='ocrx_word' id='word_1_90' title='bbox 934 1349 1153 1432; x_wconf 88' lang='lat' dir='ltr'>reponendum</span> <span class='ocrx_word' id='word_1_91' title='bbox 1168 1347 1235 1412; x_wconf 87' lang='lat' dir='ltr'>esse</span> <span class='ocrx_word' id='word_1_92' title='bbox 1257 1349 1372 1424; x_wconf 83' lang='grc' dir='ltr'>ἁλῶν,</span> 
     </span>
     <span class='ocr_line' id='line_1_11' title="bbox 229 1457 1372 1543; baseline -0.003 -20"><span class='ocrx_word' id='word_1_93' title='bbox 229 1460 364 1536; x_wconf 84' lang='grc' dir='ltr'>ἁλαῖς,</span> <span class='ocrx_word' id='word_1_94' title='bbox 387 1460 482 1524; x_wconf 85' lang='grc' dir='ltr'>ἁλάς</span> <span class='ocrx_word' id='word_1_95' title='bbox 504 1459 569 1522; x_wconf 87' lang='lat' dir='ltr'>iam</span> <span class='ocrx_word' id='word_1_96' title='bbox 592 1459 743 1524; x_wconf 85' lang='lat' dir='ltr'>Gelenius</span> <span class='ocrx_word' id='word_1_97' title='bbox 766 1457 1016 1543; x_wconf 80' lang='lat' dir='ltr'>Sylburgiusque</span> <span class='ocrx_word' id='word_1_98' title='bbox 1038 1458 1195 1521; x_wconf 85' lang='lat' dir='ltr'>viderunt.</span> <span class='ocrx_word' id='word_1_99' title='bbox 1233 1457 1372 1532; x_wconf 82' lang='lat' dir='ltr'>Quarum</span> 
     </span>
     <span class='ocr_line' id='line_1_12' title="bbox 232 1565 1372 1653; baseline -0.003 -22"><span class='ocrx_word' id='word_1_100' title='bbox 232 1569 338 1632; x_wconf 87' lang='lat' dir='ltr'>media</span> <span class='ocrx_word' id='word_1_101' title='bbox 365 1569 540 1632; x_wconf 88' lang='lat' dir='ltr'>formarum</span> <span class='ocrx_word' id='word_1_102' title='bbox 568 1568 723 1652; x_wconf 80' lang='lat' dir='ltr'>ostendit,</span> <span class='ocrx_word' id='word_1_103' title='bbox 752 1590 848 1653; x_wconf 88' lang='lat' dir='ltr'>quam</span> <span class='ocrx_word' id='word_1_104' title='bbox 875 1571 961 1631; x_wconf 86' lang='lat' dir='ltr'>recte</span> <span class='ocrx_word' id='word_1_105' title='bbox 989 1569 1100 1630; x_wconf 88' lang='lat' dir='ltr'>nostra</span> <span class='ocrx_word' id='word_1_106' title='bbox 1125 1565 1277 1630; x_wconf 88' lang='lat' dir='ltr'>memoria</span> <span class='ocrx_word' id='word_1_107' title='bbox 1306 1566 1372 1650; x_wconf 90' lang='lat' dir='ltr'>qui·</span> 
     </span>
     <span class='ocr_line' id='line_1_13' title="bbox 232 1675 1372 1761; baseline -0.002 -21"><span class='ocrx_word' id='word_1_108' title='bbox 232 1677 307 1740; x_wconf 89' lang='lat' dir='ltr'>dam</span> <span class='ocrx_word' id='word_1_109' title='bbox 329 1677 368 1740; x_wconf 89' lang='lat' dir='ltr'>dc</span> <span class='ocrx_word' id='word_1_110' title='bbox 390 1677 480 1756; x_wconf 84' lang='grc' dir='ltr'>ἅλες,</span> <span class='ocrx_word' id='word_1_111' title='bbox 508 1677 588 1741; x_wconf 85' lang='grc' dir='ltr'>ἅλας</span> <span class='ocrx_word' id='word_1_112' title='bbox 611 1677 797 1761; x_wconf 74' lang='lat' dir='ltr'>cogitarint:</span> <span class='ocrx_word' id='word_1_113' title='bbox 820 1677 861 1760; x_wconf 30' lang='lat' dir='ltr'>,in</span> <span class='ocrx_word' id='word_1_114' title='bbox 887 1677 1001 1760; x_wconf 92' lang='lat' dir='ltr'>quibus</span> <span class='ocrx_word' id='word_1_115' title='bbox 1026 1677 1144 1740; x_wconf 88' lang='lat' dir='ltr'>nollem</span> <span class='ocrx_word' id='word_1_116' title='bbox 1166 1675 1372 1759; x_wconf 89' lang='lat' dir='ltr'>prudentissi·</span> 
     </span>
     <span class='ocr_line' id='line_1_14' title="bbox 233 1783 1372 1860; baseline -0.004 -10"><span class='ocrx_word' id='word_1_117' title='bbox 233 1809 319 1850; x_wconf 88' lang='lat' dir='ltr'>mum</span> <span class='ocrx_word' id='word_1_118' title='bbox 342 1786 479 1850; x_wconf 87' lang='lat' dir='ltr'>amicum</span> <span class='ocrx_word' id='word_1_119' title='bbox 500 1785 647 1850; x_wconf 84' lang='lat' dir='ltr'>Rostium</span> <span class='ocrx_word' id='word_1_120' title='bbox 674 1807 780 1849; x_wconf 87' lang='lat' dir='ltr'>meum</span> <span class='ocrx_word' id='word_1_121' title='bbox 808 1807 886 1849; x_wconf 86' lang='lat' dir='ltr'>csse.</span> <span class='ocrx_word' id='word_1_122' title='bbox 931 1785 1013 1860; x_wconf 81' lang='lat' dir='ltr'>Quid</span> <span class='ocrx_word' id='word_1_123' title='bbox 1035 1789 1141 1850; x_wconf 86' lang='lat' dir='ltr'>autern</span> <span class='ocrx_word' id='word_1_124' title='bbox 1164 1783 1267 1849; x_wconf 76' lang='lat' dir='ltr'><em>ODP‘?</em></span> <span class='ocrx_word' id='word_1_125' title='bbox 1309 1783 1372 1847; x_wconf 89' lang='lat' dir='ltr'>Pro</span> 
     </span>
     <span class='ocr_line' id='line_1_15' title="bbox 230 1894 1373 1978; baseline -0.001 -18"><span class='ocrx_word' id='word_1_126' title='bbox 230 1899 287 1960; x_wconf 86' lang='grc' dir='ltr'>τὰς</span> <span class='ocrx_word' id='word_1_127' title='bbox 316 1896 415 1960; x_wconf 81' lang='grc' dir='ltr'>ἄλλας</span> <span class='ocrx_word' id='word_1_128' title='bbox 442 1896 477 1959; x_wconf 90' lang='lat' dir='ltr'>in</span> <span class='ocrx_word' id='word_1_129' title='bbox 504 1895 570 1978; x_wconf 89' lang='lat' dir='ltr'>III,</span> <span class='ocrx_word' id='word_1_130' title='bbox 599 1895 639 1958; x_wconf 90' lang='lat'>41</span> <span class='ocrx_word' id='word_1_131' title='bbox 670 1895 718 1959; x_wconf 91' lang='lat' dir='ltr'>bis</span> <span class='ocrx_word' id='word_1_132' title='bbox 746 1894 899 1959; x_wconf 87' lang='lat' dir='ltr'>exhibent</span> <span class='ocrx_word' id='word_1_133' title='bbox 925 1895 981 1960; x_wconf 90' lang='grc' dir='ltr'>τὰς</span> <span class='ocrx_word' id='word_1_134' title='bbox 1009 1895 1130 1959; x_wconf 81' lang='grc' dir='ltr'>ἄλλας</span> <span class='ocrx_word' id='word_1_135' title='bbox 1158 1896 1301 1960; x_wconf 88' lang='grc' dir='ltr'>πόλεις.</span> <span class='ocrx_word' id='word_1_136' title='bbox 1330 1932 1373 1978; x_wconf 57' lang='grc' dir='ltr'>ῑ-</span> 
     </span>
     <span class='ocr_line' id='line_1_16' title="bbox 231 2001 1372 2084; baseline -0.004 -15"><span class='ocrx_word' id='word_1_137' title='bbox 231 2004 306 2069; x_wconf 83' lang='lat' dir='ltr'>Sine</span> <span class='ocrx_word' id='word_1_138' title='bbox 338 2005 403 2068; x_wconf 85' lang='lat' dir='ltr'>ulla</span> <span class='ocrx_word' id='word_1_139' title='bbox 435 2008 471 2068; x_wconf 91' lang='lat' dir='ltr'>ut</span> <span class='ocrx_word' id='word_1_140' title='bbox 503 2004 628 2068; x_wconf 87' lang='lat' dir='ltr'>videtur</span> <span class='ocrx_word' id='word_1_141' title='bbox 655 2004 823 2070; x_wconf 87' lang='lat' dir='ltr'>Vrbinatis</span> <span class='ocrx_word' id='word_1_142' title='bbox 857 2005 973 2068; x_wconf 88' lang='lat' dir='ltr'>codicis</span> <span class='ocrx_word' id='word_1_143' title='bbox 1005 2004 1120 2068; x_wconf 87' lang='lat' dir='ltr'>lacuna</span> <span class='ocrx_word' id='word_1_144' title='bbox 1147 2001 1188 2084; x_wconf 86' lang='lat' dir='ltr'>V,</span> <span class='ocrx_word' id='word_1_145' title='bbox 1218 2005 1259 2068; x_wconf 88' lang='lat'>34</span> <span class='ocrx_word' id='word_1_146' title='bbox 1293 2004 1372 2066; x_wconf 89' lang='lat' dir='ltr'>haec</span> 
     </span>
     <span class='ocr_line' id='line_1_17' title="bbox 232 2113 1373 2200; baseline 0 -24"><span class='ocrx_word' id='word_1_147' title='bbox 232 2114 398 2198; x_wconf 82' lang='lat' dir='ltr'>leguntur:</span> <span class='ocrx_word' id='word_1_148' title='bbox 427 2118 518 2194; x_wconf 89' lang='grc' dir='ltr'>δώρα</span> <span class='ocrx_word' id='word_1_149' title='bbox 543 2121 581 2200; x_wconf 84' lang='grc' dir='ltr'>τῇ</span> <span class='ocrx_word' id='word_1_150' title='bbox 610 2117 704 2180; x_wconf 90' lang='grc' dir='ltr'>πόλει</span> <span class='ocrx_word' id='word_1_151' title='bbox 732 2117 882 2196; x_wconf 87' lang='grc' dir='ltr'>φέρεςθαι</span> <span class='ocrx_word' id='word_1_152' title='bbox 910 2115 1018 2178; x_wconf 87' lang='grc' dir='ltr'>δίδωτι</span> <span class='ocrx_word' id='word_1_153' title='bbox 1045 2115 1120 2178; x_wconf 88' lang='grc' dir='ltr'>τοὺς</span> <span class='ocrx_word' id='word_1_154' title='bbox 1154 2113 1373 2193; x_wconf 77' lang='grc' dir='ltr'>αἰχμαλώτου(</span> 
     </span>
     <span class='ocr_line' id='line_1_18' title="bbox 232 2223 1374 2306; baseline -0.002 -18"><span class='ocrx_word' id='word_1_155' title='bbox 232 2223 376 2288; x_wconf 85' lang='grc' dir='ltr'>ἅπαντας</span> <span class='ocrx_word' id='word_1_156' title='bbox 407 2223 484 2289; x_wconf 82' lang='grc' dir='ltr'>ἄνευ</span> <span class='ocrx_word' id='word_1_157' title='bbox 514 2225 656 2306; x_wconf 81' lang='grc' dir='ltr'>λύτρων,</span> <span class='ocrx_word' id='word_1_158' title='bbox 686 2225 823 2304; x_wconf 87' lang='grc' dir='ltr'>ςυχνοὺς</span> <span class='ocrx_word' id='word_1_159' title='bbox 851 2225 938 2288; x_wconf 88' lang='grc' dir='ltr'>πάνυ</span> <span class='ocrx_word' id='word_1_160' title='bbox 966 2223 1080 2300; x_wconf 87' lang='grc' dir='ltr'>ὄντος,</span> <span class='ocrx_word' id='word_1_161' title='bbox 1110 2225 1159 2288; x_wconf 85' lang='grc' dir='ltr'>καί</span> <span class='ocrx_word' id='word_1_162' title='bbox 1188 2225 1225 2287; x_wconf 88' lang='grc' dir='ltr'>τὸ</span> <span class='ocrx_word' id='word_1_163' title='bbox 1253 2224 1374 2302; x_wconf 80' lang='grc' dir='ltr'>χωρίον</span> 
     </span>
     <span class='ocr_line' id='line_1_19' title="bbox 231 2333 1373 2415; baseline -0.001 -18"><span class='ocrx_word' id='word_1_164' title='bbox 231 2334 268 2398; x_wconf 89' lang='grc' dir='ltr'>ἐν</span> <span class='ocrx_word' id='word_1_165' title='bbox 296 2334 322 2415; x_wconf 80' lang='grc' dir='ltr'>ᾧ</span> <span class='ocrx_word' id='word_1_166' title='bbox 367 2336 721 2412; x_wconf 89' lang='grc' dir='ltr'>κατεςτρατοπεδευκώς</span> <span class='ocrx_word' id='word_1_167' title='bbox 754 2333 809 2411; x_wconf 85' lang='grc' dir='ltr'>ἦν,</span> <span class='ocrx_word' id='word_1_168' title='bbox 841 2335 1200 2410; x_wconf 89' lang='grc' dir='ltr'>κατεςκευαςμένον</span> <span class='ocrx_word' id='word_1_169' title='bbox 1234 2333 1294 2410; x_wconf 85' lang='grc' dir='ltr'>οὐχ</span> <span class='ocrx_word' id='word_1_170' title='bbox 1328 2333 1373 2396; x_wconf 89' lang='grc' dir='ltr'>ώς</span> 
     </span>
     <span class='ocr_line' id='line_1_20' title="bbox 232 2441 1372 2526; baseline -0.002 -20"><span class='ocrx_word' id='word_1_171' title='bbox 232 2443 447 2521; x_wconf 90' lang='grc' dir='ltr'>ςτρατόπεδον</span> <span class='ocrx_word' id='word_1_172' title='bbox 470 2443 506 2508; x_wconf 91' lang='grc' dir='ltr'>ἐν</span> <span class='ocrx_word' id='word_1_173' title='bbox 526 2444 600 2526; x_wconf 83' lang='grc' dir='ltr'>ξένῃ</span> <span class='ocrx_word' id='word_1_174' title='bbox 629 2449 669 2526; x_wconf 78' lang='grc' dir='ltr'>γῇ</span> <span class='ocrx_word' id='word_1_175' title='bbox 698 2443 782 2523; x_wconf 85' lang='grc' dir='ltr'>πρὸς</span> <span class='ocrx_word' id='word_1_176' title='bbox 808 2442 920 2518; x_wconf 84' lang='grc' dir='ltr'>ὀλίγον</span> <span class='ocrx_word' id='word_1_177' title='bbox 946 2443 1074 2520; x_wconf 88' lang='grc' dir='ltr'>καιρὸν,</span> <span class='ocrx_word' id='word_1_178' title='bbox 1102 2441 1178 2505; x_wconf 81' lang='grc' dir='ltr'>ἀλλ’</span> <span class='ocrx_word' id='word_1_179' title='bbox 1205 2441 1251 2503; x_wconf 88' lang='grc' dir='ltr'>ώς</span> <span class='ocrx_word' id='word_1_180' title='bbox 1278 2441 1372 2504; x_wconf 91' lang='grc' dir='ltr'>πόλιν</span> 
     </span>
     <span class='ocr_line' id='line_1_21' title="bbox 232 2548 1372 2632; baseline -0.004 -16"><span class='ocrx_word' id='word_1_181' title='bbox 232 2551 320 2616; x_wconf 92' lang='grc' dir='ltr'>ἰδίαις</span> <span class='ocrx_word' id='word_1_182' title='bbox 342 2573 376 2618; x_wconf 87' lang='grc' dir='ltr'>τε</span> <span class='ocrx_word' id='word_1_183' title='bbox 398 2553 447 2615; x_wconf 85' lang='grc' dir='ltr'>καί</span> <span class='ocrx_word' id='word_1_184' title='bbox 469 2552 628 2631; x_wconf 87' lang='grc' dir='ltr'>δημοςίαις</span> <span class='ocrx_word' id='word_1_185' title='bbox 651 2551 888 2631; x_wconf 89' lang='grc' dir='ltr'>οἰκοδομαῖς</span> <span class='ocrx_word' id='word_1_186' title='bbox 916 2551 1152 2632; x_wconf 86' lang='grc' dir='ltr'>ἀποχρώντως·</span> <span class='ocrx_word' id='word_1_187' title='bbox 1184 2549 1253 2628; x_wconf 87' lang='grc' dir='ltr'>(οὐκ</span> <span class='ocrx_word' id='word_1_188' title='bbox 1276 2548 1372 2615; x_wconf 87' lang='grc' dir='ltr'>ὄντος</span> 
     </span>
     <span class='ocr_line' id='line_1_22' title="bbox 230 2658 1372 2741; baseline -0.005 -14"><span class='ocrx_word' id='word_1_189' title='bbox 230 2664 301 2727; x_wconf 93' lang='grc' dir='ltr'>τοῖς</span> <span class='ocrx_word' id='word_1_190' title='bbox 323 2662 499 2741; x_wconf 86' lang='grc' dir='ltr'>Τυρρηνοῖς</span> <span class='ocrx_word' id='word_1_191' title='bbox 520 2661 630 2739; x_wconf 84' lang='grc' dir='ltr'>ἔθους,</span> <span class='ocrx_word' id='word_1_192' title='bbox 661 2660 761 2725; x_wconf 86' lang='grc' dir='ltr'>ὁπότε</span> <span class='ocrx_word' id='word_1_193' title='bbox 784 2660 1131 2739; x_wconf 87' lang='grc' dir='ltr'>ἀναςτρατοπεδεύοιεν</span> <span class='ocrx_word' id='word_1_194' title='bbox 1154 2659 1188 2722; x_wconf 88' lang='grc' dir='ltr'>ἐκ</span> <span class='ocrx_word' id='word_1_195' title='bbox 1209 2658 1372 2737; x_wconf 83' lang='grc' dir='ltr'>πολεμίας,</span> 
     </span>
     <span class='ocr_line' id='line_1_23' title="bbox 232 2767 1372 2849; baseline -0.003 -15"><span class='ocrx_word' id='word_1_196' title='bbox 232 2771 331 2849; x_wconf 89' lang='grc' dir='ltr'>ὀρθὰς</span> <span class='ocrx_word' id='word_1_197' title='bbox 358 2769 558 2834; x_wconf 88' lang='grc' dir='ltr'>καταλείπειν</span> <span class='ocrx_word' id='word_1_198' title='bbox 585 2771 643 2834; x_wconf 87' lang='grc' dir='ltr'>τὰς</span> <span class='ocrx_word' id='word_1_199' title='bbox 670 2771 879 2849; x_wconf 88' lang='grc' dir='ltr'>καταςκευὰς,</span> <span class='ocrx_word' id='word_1_200' title='bbox 913 2770 995 2834; x_wconf 81' lang='grc' dir='ltr'>ἀλλὰ</span> <span class='ocrx_word' id='word_1_201' title='bbox 1022 2768 1227 2848; x_wconf 78' lang='grc' dir='ltr'>κατακαίειν)</span> <span class='ocrx_word' id='word_1_202' title='bbox 1259 2767 1299 2831; x_wconf 85' lang='grc' dir='ltr'>οὐ</span> <span class='ocrx_word' id='word_1_203' title='bbox 1326 2788 1372 2845; x_wconf 86' lang='grc' dir='ltr'>μι-</span> 
     </span>
     <span class='ocr_line' id='line_1_24' title="bbox 237 2875 1373 2962; baseline -0.004 -21"><span class='ocrx_word' id='word_1_204' title='bbox 237 2879 317 2959; x_wconf 90' lang='grc' dir='ltr'>κρὰν</span> <span class='ocrx_word' id='word_1_205' title='bbox 340 2885 377 2962; x_wconf 84' lang='grc' dir='ltr'>τῇ</span> <span class='ocrx_word' id='word_1_206' title='bbox 400 2879 492 2943; x_wconf 89' lang='grc' dir='ltr'>πόλει</span> <span class='ocrx_word' id='word_1_207' title='bbox 514 2880 723 2959; x_wconf 86' lang='grc' dir='ltr'>χαριςάμενος</span> <span class='ocrx_word' id='word_1_208' title='bbox 745 2881 788 2943; x_wconf 88' lang='grc' dir='ltr'>εἰς</span> <span class='ocrx_word' id='word_1_209' title='bbox 810 2879 980 2958; x_wconf 86' lang='grc' dir='ltr'>χρημάτων</span> <span class='ocrx_word' id='word_1_210' title='bbox 1003 2879 1104 2953; x_wconf 89' lang='grc' dir='ltr'>λόγον</span> <span class='ocrx_word' id='word_1_211' title='bbox 1118 2877 1253 2955; x_wconf 89' lang='grc' dir='ltr'>δωρεάν.</span> <span class='ocrx_word' id='word_1_212' title='bbox 1288 2875 1373 2940; x_wconf 83' lang='grc' dir='ltr'>Ναιο</span> 
     </span>
     <span class='ocr_line' id='line_1_25' title="bbox 235 2987 1374 3070; baseline 0.001 -21"><span class='ocrx_word' id='word_1_213' title='bbox 235 3009 301 3050; x_wconf 91' lang='lat' dir='ltr'>non</span> <span class='ocrx_word' id='word_1_214' title='bbox 323 2989 451 3050; x_wconf 86' lang='lat' dir='ltr'>tantum</span> <span class='ocrx_word' id='word_1_215' title='bbox 478 2987 519 3050; x_wconf 85' lang='lat' dir='ltr'>ad</span> <span class='ocrx_word' id='word_1_216' title='bbox 547 2989 623 3051; x_wconf 87' lang='grc' dir='ltr'>τοὺς</span> <span class='ocrx_word' id='word_1_217' title='bbox 651 2988 871 3068; x_wconf 89' lang='grc' dir='ltr'>αἰχμαλώτους</span> <span class='ocrx_word' id='word_1_218' title='bbox 897 2987 953 3050; x_wconf 88' lang='lat' dir='ltr'>illa</span> <span class='ocrx_word' id='word_1_219' title='bbox 975 2987 1140 3070; x_wconf 89' lang='lat' dir='ltr'>pertinent</span> <span class='ocrx_word' id='word_1_220' title='bbox 1167 2991 1257 3064; x_wconf 90' lang='grc' dir='ltr'>δώρα</span> <span class='ocrx_word' id='word_1_221' title='bbox 1279 2987 1374 3066; x_wconf 88' lang='grc' dir='ltr'>φέρε-</span> 
     </span>
     <span class='ocr_line' id='line_1_26' title="bbox 235 3094 1374 3177; baseline -0.004 -17"><span class='ocrx_word' id='word_1_222' title='bbox 235 3102 303 3160; x_wconf 87' lang='grc' dir='ltr'>ςΘαι</span> <span class='ocrx_word' id='word_1_223' title='bbox 325 3097 449 3174; x_wconf 84' lang='grc' dir='ltr'>δίδωτι,</span> <span class='ocrx_word' id='word_1_224' title='bbox 472 3096 525 3159; x_wconf 86' lang='lat' dir='ltr'>sed</span> <span class='ocrx_word' id='word_1_225' title='bbox 549 3097 647 3159; x_wconf 88' lang='lat' dir='ltr'>ctiam</span> <span class='ocrx_word' id='word_1_226' title='bbox 669 3096 709 3159; x_wconf 85' lang='lat' dir='ltr'>ad</span> <span class='ocrx_word' id='word_1_227' title='bbox 731 3098 769 3161; x_wconf 87' lang='grc' dir='ltr'>τὸ</span> <span class='ocrx_word' id='word_1_228' title='bbox 791 3097 912 3177; x_wconf 92' lang='grc' dir='ltr'>χωρίον</span> <span class='ocrx_word' id='word_1_229' title='bbox 933 3095 1229 3175; x_wconf 86' lang='grc' dir='ltr'>κατεςκευαςμένον,</span> <span class='ocrx_word' id='word_1_230' title='bbox 1252 3094 1374 3157; x_wconf 87' lang='lat' dir='ltr'>codem-</span> 
     </span>
     <span class='ocr_line' id='line_1_27' title="bbox 233 3201 1424 3288; baseline -0.007 -20"><span class='ocrx_word' id='word_1_231' title='bbox 233 3227 293 3288; x_wconf 86' lang='lat' dir='ltr'>que</span> <span class='ocrx_word' id='word_1_232' title='bbox 315 3205 436 3268; x_wconf 87' lang='lat' dir='ltr'>ultimis</span> <span class='ocrx_word' id='word_1_233' title='bbox 465 3205 570 3269; x_wconf 86' lang='lat' dir='ltr'>verbis</span> <span class='ocrx_word' id='word_1_234' title='bbox 598 3205 638 3270; x_wconf 89' lang='grc' dir='ltr'>οὐ</span> <span class='ocrx_word' id='word_1_235' title='bbox 664 3206 851 3286; x_wconf 90' lang='grc' dir='ltr'>μικρὰν</span> <span class='ocrx_word' id='word_1_236' title='bbox 878 3206 1004 3284; x_wconf 89' lang='grc' dir='ltr'>δωρεάν</span> <span class='ocrx_word' id='word_1_237' title='bbox 1031 3203 1209 3286; x_wconf 74' lang='lat' dir='ltr'>respicitur.</span> <span class='ocrx_word' id='word_1_238' title='bbox 1254 3201 1374 3266; x_wconf 89' lang='lat' dir='ltr'>Verum</span> <span class='ocrx_word' id='word_1_239' title='bbox 1394 3215 1424 3260; x_wconf 78' lang='lat' dir='ltr'>rs</span> 
     </span>
     <span class='ocr_line' id='line_1_28' title="bbox 234 3311 1372 3398; baseline -0.002 -22"><span class='ocrx_word' id='word_1_240' title='bbox 234 3316 393 3377; x_wconf 90' lang='lat' dir='ltr'>corrector</span> <span class='ocrx_word' id='word_1_241' title='bbox 421 3335 491 3376; x_wconf 90' lang='lat' dir='ltr'>cum</span> <span class='ocrx_word' id='word_1_242' title='bbox 519 3336 581 3377; x_wconf 89' lang='lat' dir='ltr'>nec</span> <span class='ocrx_word' id='word_1_243' title='bbox 608 3315 894 3394; x_wconf 84' lang='grc' dir='ltr'>κατεςκευαςμὲνον</span> <span class='ocrx_word' id='word_1_244' title='bbox 923 3312 1021 3398; x_wconf 90' lang='lat' dir='ltr'>(solos</span> <span class='ocrx_word' id='word_1_245' title='bbox 1050 3311 1135 3375; x_wconf 90' lang='lat' dir='ltr'>enim</span> <span class='ocrx_word' id='word_1_246' title='bbox 1164 3317 1193 3374; x_wconf 88' lang='lat' dir='ltr'><em>B</em></span> <span class='ocrx_word' id='word_1_247' title='bbox 1220 3311 1372 3396; x_wconf 83' lang='lat' dir='ltr'>servavit)</span> 
     </span>
     <span class='ocr_line' id='line_1_29' title="bbox 233 3419 1373 3506; baseline -0.002 -21"><span class='ocrx_word' id='word_1_248' title='bbox 233 3444 292 3486; x_wconf 90' lang='lat' dir='ltr'>nec</span> <span class='ocrx_word' id='word_1_249' title='bbox 316 3424 497 3501; x_wconf 89' lang='grc' dir='ltr'>οἰκοδομαῖς</span> <span class='ocrx_word' id='word_1_250' title='bbox 520 3423 725 3506; x_wconf 86' lang='lat' dir='ltr'>(quamquam</span> <span class='ocrx_word' id='word_1_251' title='bbox 746 3422 808 3486; x_wconf 92' lang='lat' dir='ltr'>hoc</span> <span class='ocrx_word' id='word_1_252' title='bbox 841 3445 911 3486; x_wconf 92' lang='lat' dir='ltr'>cum</span> <span class='ocrx_word' id='word_1_253' title='bbox 934 3427 963 3485; x_wconf 92' lang='lat' dir='ltr'><em>B</em></span> <span class='ocrx_word' id='word_1_254' title='bbox 984 3421 1082 3484; x_wconf 89' lang='lat' dir='ltr'>etiarn</span> <span class='ocrx_word' id='word_1_255' title='bbox 1105 3425 1156 3483; x_wconf 76' lang='lat' dir='ltr'>Ac</span> <span class='ocrx_word' id='word_1_256' title='bbox 1181 3421 1308 3503; x_wconf 85' lang='lat' dir='ltr'>teuent)</span> <span class='ocrx_word' id='word_1_257' title='bbox 1338 3419 1373 3484; x_wconf 90' lang='lat' dir='ltr'>in</span> 
     </span>
     <span class='ocr_line' id='line_1_30' title="bbox 233 3531 1374 3614; baseline -0.004 -20"><span class='ocrx_word' id='word_1_258' title='bbox 233 3553 289 3594; x_wconf 88' lang='lat' dir='ltr'>suo</span> <span class='ocrx_word' id='word_1_259' title='bbox 313 3531 419 3595; x_wconf 90' lang='lat' dir='ltr'>codice</span> <span class='ocrx_word' id='word_1_260' title='bbox 446 3531 655 3614; x_wconf 86' lang='lat' dir='ltr'>repperisset,</span> <span class='ocrx_word' id='word_1_261' title='bbox 688 3535 854 3614; x_wconf 86' lang='lat' dir='ltr'>praeterea</span> <span class='ocrx_word' id='word_1_262' title='bbox 885 3553 951 3595; x_wconf 91' lang='lat' dir='ltr'>non</span> <span class='ocrx_word' id='word_1_263' title='bbox 974 3532 1192 3613; x_wconf 83' lang='lat' dir='ltr'>assequeretur</span> <span class='ocrx_word' id='word_1_264' title='bbox 1215 3531 1374 3592; x_wconf 90' lang='lat' dir='ltr'>construc-</span> 
     </span>
     <span class='ocr_line' id='line_1_31' title="bbox 232 3637 1373 3723; baseline -0.001 -22"><span class='ocrx_word' id='word_1_265' title='bbox 232 3640 330 3704; x_wconf 89' lang='lat' dir='ltr'>tionis</span> <span class='ocrx_word' id='word_1_266' title='bbox 363 3641 536 3705; x_wconf 91' lang='lat' dir='ltr'>rationem:</span> <span class='ocrx_word' id='word_1_267' title='bbox 576 3661 641 3704; x_wconf 91' lang='lat' dir='ltr'>non</span> <span class='ocrx_word' id='word_1_268' title='bbox 674 3643 801 3704; x_wconf 84' lang='lat' dir='ltr'>tantum</span> <span class='ocrx_word' id='word_1_269' title='bbox 837 3641 944 3723; x_wconf 88' lang='lat' dir='ltr'>priora</span> <span class='ocrx_word' id='word_1_270' title='bbox 976 3639 1022 3702; x_wconf 93' lang='lat' dir='ltr'>sic</span> <span class='ocrx_word' id='word_1_271' title='bbox 1054 3638 1184 3702; x_wconf 85' lang='lat' dir='ltr'>refinxit</span> <span class='ocrx_word' id='word_1_272' title='bbox 1222 3637 1295 3701; x_wconf 80' lang='grc' dir='ltr'>ἀλλ’</span> <span class='ocrx_word' id='word_1_273' title='bbox 1329 3637 1373 3700; x_wconf 89' lang='grc' dir='ltr'>ώς</span> 
     </span>
     <span class='ocr_line' id='line_1_32' title="bbox 234 3745 1373 3829; baseline -0.004 -18"><span class='ocrx_word' id='word_1_274' title='bbox 234 3749 332 3814; x_wconf 87' lang='grc' dir='ltr'>πόλιν</span> <span class='ocrx_word' id='word_1_275' title='bbox 355 3749 467 3813; x_wconf 85' lang='grc' dir='ltr'>ἰδίως</span> <span class='ocrx_word' id='word_1_276' title='bbox 488 3771 522 3814; x_wconf 91' lang='grc' dir='ltr'>τε</span> <span class='ocrx_word' id='word_1_277' title='bbox 545 3751 595 3814; x_wconf 88' lang='grc' dir='ltr'>καὶ</span> <span class='ocrx_word' id='word_1_278' title='bbox 617 3749 814 3829; x_wconf 90' lang='grc' dir='ltr'>δημοςίως</span> <span class='ocrx_word' id='word_1_279' title='bbox 836 3749 1059 3829; x_wconf 83' lang='grc' dir='ltr'>ἀποχρώντως</span> <span class='ocrx_word' id='word_1_280' title='bbox 1080 3748 1290 3826; x_wconf 89' lang='grc' dir='ltr'>κοςμήςας,</span> <span class='ocrx_word' id='word_1_281' title='bbox 1319 3745 1373 3808; x_wconf 88' lang='lat' dir='ltr'>sed</span> 
     </span>
     <span class='ocr_line' id='line_1_33' title="bbox 235 3853 1374 3940; baseline -0.002 -21"><span class='ocrx_word' id='word_1_282' title='bbox 235 3856 336 3920; x_wconf 89' lang='lat' dir='ltr'>etiam</span> <span class='ocrx_word' id='word_1_283' title='bbox 362 3859 436 3940; x_wconf 91' lang='lat' dir='ltr'>post</span> <span class='ocrx_word' id='word_1_284' title='bbox 461 3859 641 3924; x_wconf 89' lang='grc' dir='ltr'>κατακαίειν</span> <span class='ocrx_word' id='word_1_285' title='bbox 675 3857 792 3940; x_wconf 89' lang='lat' dir='ltr'>aliquid</span> <span class='ocrx_word' id='word_1_286' title='bbox 827 3856 935 3920; x_wconf 86' lang='lat' dir='ltr'>deesse</span> <span class='ocrx_word' id='word_1_287' title='bbox 964 3860 1052 3919; x_wconf 86' lang='lat' dir='ltr'>ratus</span> <span class='ocrx_word' id='word_1_288' title='bbox 1078 3857 1159 3920; x_wconf 87' lang='lat' dir='ltr'>haec</span> <span class='ocrx_word' id='word_1_289' title='bbox 1185 3853 1374 3919; x_wconf 82' lang='lat' dir='ltr'>inculcavit:</span> 
     </span>
     <span class='ocr_line' id='line_1_34' title="bbox 234 3963 1373 4048; baseline -0.005 -17"><span class='ocrx_word' id='word_1_290' title='bbox 234 3967 305 4031; x_wconf 88' lang='grc' dir='ltr'>οὐκ</span> <span class='ocrx_word' id='word_1_291' title='bbox 327 3967 489 4032; x_wconf 82' lang='grc' dir='ltr'>ἔκαυςεν</span> <span class='ocrx_word' id='word_1_292' title='bbox 512 3968 598 4032; x_wconf 81' lang='grc' dir='ltr'>ἀλλ’</span> <span class='ocrx_word' id='word_1_293' title='bbox 620 3967 771 4048; x_wconf 82' lang='grc' dir='ltr'>ἀφῆκεν</span> <span class='ocrx_word' id='word_1_294' title='bbox 787 3966 889 4047; x_wconf 82' lang='grc' dir='ltr'>οὕτω</span> <span class='ocrx_word' id='word_1_295' title='bbox 906 3967 1047 4045; x_wconf 89' lang='grc' dir='ltr'>μένειν.</span> <span class='ocrx_word' id='word_1_296' title='bbox 1076 3963 1163 4039; x_wconf 80' lang='lat' dir='ltr'>Quae</span> <span class='ocrx_word' id='word_1_297' title='bbox 1179 3963 1286 4028; x_wconf 85' lang='lat' dir='ltr'>omnia</span> <span class='ocrx_word' id='word_1_298' title='bbox 1302 3984 1373 4046; x_wconf 89' lang='lat' dir='ltr'>par-</span> 
     </span>
     <span class='ocr_line' id='line_1_35' title="bbox 234 4072 1373 4159; baseline -0.002 -23"><span class='ocrx_word' id='word_1_299' title='bbox 234 4074 294 4136; x_wconf 84' lang='lat' dir='ltr'>tim</span> <span class='ocrx_word' id='word_1_300' title='bbox 315 4075 349 4136; x_wconf 90' lang='lat' dir='ltr'>in</span> <span class='ocrx_word' id='word_1_301' title='bbox 373 4081 405 4158; x_wconf 89' lang='lat' dir='ltr'>C,</span> <span class='ocrx_word' id='word_1_302' title='bbox 428 4076 547 4159; x_wconf 88' lang='lat' dir='ltr'>partim</span> <span class='ocrx_word' id='word_1_303' title='bbox 569 4075 604 4138; x_wconf 94' lang='lat' dir='ltr'>in</span> <span class='ocrx_word' id='word_1_304' title='bbox 627 4080 678 4139; x_wconf 83' lang='lat' dir='ltr'>CI)</span> <span class='ocrx_word' id='word_1_305' title='bbox 694 4075 894 4158; x_wconf 81' lang='lat' dir='ltr'>marginibus</span> <span class='ocrx_word' id='word_1_306' title='bbox 916 4076 1043 4137; x_wconf 90' lang='lat' dir='ltr'>tantum</span> <span class='ocrx_word' id='word_1_307' title='bbox 1066 4073 1187 4137; x_wconf 84' lang='lat' dir='ltr'>credito</span> <span class='ocrx_word' id='word_1_308' title='bbox 1209 4072 1373 4136; x_wconf 88' lang='lat' dir='ltr'>Pdcmum</span> 
     </span>
     <span class='ocr_line' id='line_1_36' title="bbox 199 4180 1373 4264; baseline 0.001 -21"><span class='ocrx_word' id='word_1_309' title='bbox 199 4231 205 4242; x_wconf 94' lang='lat'><strong><em>.</em></strong></span> <span class='ocrx_word' id='word_1_310' title='bbox 236 4181 270 4245; x_wconf 92' lang='lat' dir='ltr'>in</span> <span class='ocrx_word' id='word_1_311' title='bbox 291 4184 537 4264; x_wconf 85' lang='lat' dir='ltr'>perpetuitatem</span> <span class='ocrx_word' id='word_1_312' title='bbox 559 4183 726 4247; x_wconf 89' lang='lat' dir='ltr'>verborum</span> <span class='ocrx_word' id='word_1_313' title='bbox 747 4183 884 4246; x_wconf 85' lang='lat' dir='ltr'>infersit.</span> <span class='ocrx_word' id='word_1_314' title='bbox 907 4220 951 4233; x_wconf 87' lang='lat'>--</span> <span class='ocrx_word' id='word_1_315' title='bbox 978 4181 1126 4244; x_wconf 86' lang='lat' dir='ltr'>Dubitari</span> <span class='ocrx_word' id='word_1_316' title='bbox 1147 4184 1254 4264; x_wconf 90' lang='lat' dir='ltr'>potest</span> <span class='ocrx_word' id='word_1_317' title='bbox 1279 4182 1317 4244; x_wconf 91' lang='lat' dir='ltr'>de</span> <span class='ocrx_word' id='word_1_318' title='bbox 1331 4180 1373 4264; x_wconf 88' lang='lat' dir='ltr'>V,</span> 
     </span>
    </p>
   </div>
   <div class='ocr_carea' id='block_1_5' title="bbox 233 4290 1376 4454">
    <p class='ocr_par' dir='ltr' id='par_1_5' title="bbox 233 4290 1376 4454">
     <span class='ocr_line' id='line_1_37' title="bbox 233 4290 1376 4372; baseline -0.001 -17"><span class='ocrx_word' id='word_1_319' title='bbox 233 4291 275 4355; x_wconf 87' lang='lat'>46</span> <span class='ocrx_word' id='word_1_320' title='bbox 298 4291 399 4354; x_wconf 84' lang='lat' dir='ltr'>exitu:</span> <span class='ocrx_word' id='word_1_321' title='bbox 429 4297 487 4357; x_wconf 88' lang='grc' dir='ltr'>τοίι</span> <span class='ocrx_word' id='word_1_322' title='bbox 515 4296 550 4356; x_wconf 82' lang='grc' dir='ltr'>δὲ</span> <span class='ocrx_word' id='word_1_323' title='bbox 577 4295 618 4372; x_wconf 86' lang='grc' dir='ltr'>μὴ</span> <span class='ocrx_word' id='word_1_324' title='bbox 641 4295 774 4359; x_wconf 89' lang='grc' dir='ltr'>πανςυδί</span> <span class='ocrx_word' id='word_1_325' title='bbox 804 4294 861 4359; x_wconf 86' lang='grc' dir='ltr'>τὸν</span> <span class='ocrx_word' id='word_1_326' title='bbox 883 4296 950 4359; x_wconf 86' lang='grc' dir='ltr'>τῶν</span> <span class='ocrx_word' id='word_1_327' title='bbox 972 4290 1136 4370; x_wconf 89' lang='grc' dir='ltr'>πολεμίων</span> <span class='ocrx_word' id='word_1_328' title='bbox 1163 4295 1376 4370; x_wconf 86' lang='grc' dir='ltr'>διαφθαρῆναι</span> 
     </span>
     <span class='ocr_line' id='line_1_38' title="bbox 286 4390 1172 4454; baseline 0.001 -11"><span class='ocrx_word' id='word_1_329' title='bbox 286 4409 332 4446; x_wconf 78' lang='lat' dir='ltr'>sn.</span> <span class='ocrx_word' id='word_1_330' title='bbox 352 4407 516 4445; x_wconf 78' lang='lat' dir='ltr'>nrrscnrznrr</span> <span class='ocrx_word' id='word_1_331' title='bbox 537 4409 680 4444; x_wconf 74' lang='lat' dir='ltr'>croscum</span> <span class='ocrx_word' id='word_1_332' title='bbox 700 4411 719 4444; x_wconf 89' lang='lat'>1.</span> <span class='ocrx_word' id='word_1_333' title='bbox 1129 4390 1172 4454; x_wconf 83' lang='lat'>34</span> 
     </span>
    </p>
   </div>
   <div class='ocr_carea' id='block_1_6' title="bbox 0 0 1635 5086">
    <p class='ocr_par' dir='ltr' id='par_1_6' title="bbox 0 0 1635 5086">
     <span class='ocr_line' id='line_1_39' title="bbox 0 0 1635 5086; baseline 0 0"><span class='ocrx_word' id='word_1_334' title='bbox 0 0 1635 5086; x_wconf 95' lang='lat' dir='ltr'> </span> 
     </span>
    </p>
   </div>
  </div>
 </body>
</html>
