3222 5104
561 409 781 459 orassemus
804 410 1011 458 armanum.
1296 393 1356 457 791

219 565 362 626 veterum
388 563 570 628 nominibus
598 563 698 628 edidit
724 587 756 648 p.
779 564 837 647 35,
867 566 1127 627 commemoratos
1155 563 1252 627 etiam
1287 584 1358 627 eum

219 671 375 736 similibus
404 673 475 738 aliis
508 675 563 738 sed
596 674 792 739 brevioribus
814 675 849 738 in
877 673 938 737 Ed.
962 673 1120 738 Gerhardi
1148 673 1357 758 praestantis-

219 782 298 846 simo
332 781 371 846 de
403 786 487 850 vasis
522 784 732 849 Vulcentibus
767 784 994 848 commentario
1033 783 1173 868 (Annal.
1213 783 1275 847 vol.
1307 783 1357 848 ΙΙΙ

217 924 249 985 p.
277 901 368 986 188),
399 917 502 980 nuper
524 895 650 960 demum
678 895 712 958 in
741 894 861 958 Annal.
891 895 953 958 vol.
981 893 1012 957 V
1039 917 1070 978 p.
1100 893 1162 958 357
1185 915 1253 978 sqq.
1284 899 1357 978 post

218 1009 380 1074 Welckeri
403 1029 494 1072 curas
511 1005 601 1091 (ibid.
624 1026 656 1088 p.
672 1005 736 1068 235
751 1026 818 1088 sqq.
837 1004 908 1068 coll.
925 1004 1067 1068 Monam.
1083 1003 1099 1067 I
1120 1004 1187 1068 tab.
1201 1003 1356 1089 XXXIX)

219 1119 375 1184 Ricardus
396 1118 528 1201 Lepsios
556 1116 603 1179 ita
625 1114 814 1198 explicavit,
849 1117 885 1178 ut
911 1114 993 1178 nihil
1020 1114 1085 1178 iarn
1111 1113 1285 1178 desiderari
1312 1113 1356 1177 vi-

217 1230 379 1314 deatur.*)
413 1225 558 1292 Secundo
580 1226 615 1289 in
637 1225 706 1288 loco
728 1224 876 1288 habenda
898 1227 946 1288 est
966 1224 1105 1289 iucunda
1133 1224 1189 1288 illa
1215 1223 1358 1288 hinmdi-

95 1377 98 1382 ·
217 1361 294 1404 num
316 1360 371 1403 ver
392 1336 612 1402 nuntiantium
634 1335 801 1418 salutatio,
826 1335 876 1398 oui
897 1334 1100 1399 felicissimus
1120 1335 1279 1418 interpres
1295 1333 1355 1398 Th.

217 1449 365 1514 Panollva
388 1447 527 1531 contigit
548 1446 584 1509 in
598 1445 719 1508 Annal.
743 1444 805 1509 vol.
818 1443 882 1508 VII
904 1466 935 1527 p.
959 1443 1021 1508 238
1037 1465 1106 1528 sqq.
1124 1444 1194 1508 coll.
1212 1443 1355 1508 Manum.

216 1560 279 1624 vol.
302 1559 335 1622 Π
360 1559 428 1622 tab.
451 1555 570 1620 XXIV.
614 1554 757 1618 Tertium
786 1558 893 1618 autem
921 1553 1156 1639 exemplumffl)
1179 1553 1356 1638 repperisse

216 1669 310 1733 nobis
332 1668 393 1732 visi
415 1688 521 1731 sumus
544 1665 579 1729 in
593 1649 672 1747 bac,
696 1665 736 1728 ad
758 1685 854 1748 quarn
875 1663 1099 1729 illustrandam
1120 1664 1186 1728 iam
1206 1663 1356 1729 accedere

217 1781 309 1862 licet,
333 1777 487 1862 amphora
510 1775 711 1840 Galassiana.

1428 1753 1477 1858 lai
1483 1773 1520 1856 del
1532 1827 1539 1849 1

184 1911 189 1920 “
301 1887 380 1953 Eius
402 1887 556 1952 habemus
583 1885 664 1968 quod
694 1885 786 1948 nobis
808 1884 1029 1968 integritatem
1056 1884 1269 1969 gratulemur:
1303 1895 1424 1948 ne-1so
1448 1883 1532 2018 {4234

217 2021 278 2083 que
301 1999 387 2063 enim
408 2001 537 2081 praeter
559 1995 697 2080 quinque
725 1995 861 2058 frustula
890 1994 1058 2078 quicquam
1086 1995 1191 2077 deest3
1226 2015 1265 2058 ex
1292 1993 1356 2058 illis

218 2113 325 2173 autem
347 2108 487 2194 quinque
509 2127 573 2170 uno
588 2107 714 2170 tuntum
737 2105 806 2169 leve
822 2104 1049 2170 detrimentum
1066 2104 1205 2189 cepimus
1227 2107 1259 2167 ct
1273 2104 1357 2188 quod

217 2219 313 2284 facile
345 2219 549 2282 resarciatur.
595 2214 765 2280 Ordiamur
792 2217 899 2294 autem
926 2217 1052 2298 oportet
1080 2215 1121 2278 ab
1148 2214 1358 2298 inscriptione

216 2329 318 2412 partis
341 2329 478 2394 anticas.
524 2327 620 2392 Cuius
641 2324 745 2409 prima
768 2324 829 2389 duo
851 2325 1006 2388 vocabula
1034 2324 1102 2389 sine
1129 2324 1196 2388 ulla
1223 2323 1357 2389 difficul-

216 2441 285 2502 tate
311 2437 464 2522 leguntur
493 2437 520 2500 ὦ
549 2437 624 2502 Ζεῦ.
670 2434 851 2518 Sequuntur
883 2434 1022 2519 quinque
1044 2434 1187 2519 litterae,
1223 2454 1358 2518 quarum

218 2548 278 2611 etsi
300 2547 405 2612 media
433 2551 466 2610 et
492 2547 608 2610 ultima
634 2545 833 2628 aliquantum
860 2544 1048 2609 obscuratae
1076 2548 1167 2628 sunt,
1202 2546 1311 2608 tamen
1340 2567 1357 2609 e

219 2661 396 2722 ceterarum
417 2657 559 2741 reliquiis
581 2655 677 2720 facile
700 2656 820 2719 eruitur
841 2655 943 2736 πάτερ
965 2654 1138 2720 vocativus.
1183 2641 1283 2732 Quem
1305 2677 1356 2720 ex-

218 2767 342 2852 cipiunt
363 2767 449 2832 haud
471 2768 620 2851 ambigue
643 2769 792 2832 exaratae
817 2786 910 2830 voees
932 2765 1001 2832 αἴθε
1022 2769 1185 2832 πλούαοε.
1218 2752 1365 2831 Restant

218 2891 284 2942 tres
306 2877 444 2962 litterae,
467 2899 601 2962 quarum
622 2877 737 2962 prima,
761 2875 922 2942 simillima
937 2877 993 2940 illa
1010 2877 1186 2962 Plitterae‚
1208 2877 1357 2942 habenda

218 2987 323 3072 potius
351 3009 409 3071 pro
438 2990 545 3071 sest3
574 2987 696 3072 reliqua
724 2991 831 3052 autem
856 3009 932 3071 pars
959 2986 1026 3050 eius
1056 2988 1143 3052 vocis
1150 3038 1160 3072 ,
1192 3010 1258 3053 una
1286 3010 1358 3053 eum

220 3097 324 3180 capite
347 3101 380 3162 et
401 3099 487 3182 tergi
508 3101 600 3182 parte
622 3086 760 3162 hominis
789 3099 825 3161 in
847 3097 925 3162 sella
947 3098 1102 3182 sedentis,
1132 3121 1218 3164 nune
1246 3099 1357 3184 deper-

219 3207 286 3270 dita
308 3210 366 3304 est.
412 3207 530 3282 Quodsi
561 3229 632 3272 eam
658 3209 747 3272 nullo
767 3231 845 3272 sane
872 3208 981 3272 labore
1009 3209 1142 3284 adiectis
1172 3211 1278 3294 οἱμην,
1307 3211 1357 3275 vel

217 3320 349 3401 propter
371 3316 512 3381 doricam
540 3317 711 3384 dialectum
739 3341 833 3402 quam
856 3319 920 3382 iarn
942 3319 1123 3383 testabatur
1151 3319 1219 3386 ulte
1241 3319 1355 3403 forma,

219 3429 353 3498 ΟΙΜΑΝ
369 3427 501 3511 syllabis
523 3429 783 3512 suppleverimus,
807 3451 888 3512 quae
903 3428 1029 3512 quidem
1051 3430 1170 3494 avoois
1197 3430 1358 3514 principio

217 3536 394 3620 diremptae
408 3538 478 3622 ipso
495 3538 608 3621 eapitis
631 3538 800 3604 intervallo
820 3539 957 3604 fuerint:
980 3538 1248 3622 simplicissimam
1277 3561 1356 3606 nan-

218 3646 366 3711 ciscimur
388 3650 420 3711 et
441 3648 663 3733 plerorumque
684 3649 827 3713 omnium
849 3650 1281 3736 communemhsententiam:

370 3816 397 3880 ὠ
419 3819 484 3885 Ζεῦ
506 3819 618 3902 πάτερ,
642 3819 710 3886 αἴθε
732 3819 884 3884 πλούαοε
905 3820 1056 3899 γενοίμαν

285 4123 310 4189 *)
340 4121 419 4190 [Vide
443 4141 516 4178 nuno
542 4123 710 4193 compositus
731 4123 761 4177 in
783 4122 872 4178 Iahnii
894 4123 1087 4194 Descriptione
1110 4142 1240 4180 vasorum
1262 4125 1356 4180 Mona·

218 4213 341 4268 censium
358 4233 385 4284 p.
408 4223 454 4272 101
474 4219 510 4285 (n.
531 4220 591 4285 334)
611 4216 680 4272 alias
698 4216 816 4274 aliorum
833 4216 1099 4286 interpretationes]

285 4333 326 4400 **)
345 4333 449 4404 [Longe
467 4335 637 4402 uberiorem,
662 4353 732 4404 quac
752 4338 829 4391 sexto
848 4336 934 4391 lustro
954 4338 1052 4391 exacto
1070 4335 1152 4391 hodic
1170 4339 1284 4407 praesto
1303 4343 1355 4404 est,

217 4423 247 4482 in
264 4427 317 4482 hoo
334 4443 437 4496 gauere
454 4429 601 4484 materiam
619 4430 765 4485 collectam
782 4430 870 4486 habes
886 4429 991 4484 ibidem
1009 4447 1037 4499 p.
1056 4428 1116 4484 CXI
1134 4433 1205 4501 sqq.]

1458 2031 1532 2106 lua
