3270 5094
262 343 327 410 402
611 359 656 408 ua
679 357 827 408 clance
852 354 1058 407 sornocnso

264 519 328 578 cst:
350 517 388 580 τὸ
411 517 468 593 μέν
490 534 535 578 τιε
559 514 645 578 οὔθ’
667 515 759 593 ἁβόε
781 513 857 578 οὔτε
878 512 970 593 γήρᾳ.
1004 510 1043 574 ln
1065 531 1128 593 qua
1150 508 1316 573 laudamus
1338 530 1401 574 ser-

263 627 372 688 ratam
393 625 438 689 τὶε
460 623 658 707 pronominis
681 621 918 705 exquisitiorem
947 619 1139 703 posituram,
1169 640 1264 702 quam
1293 619 1402 682 deberi

263 733 403 798 librariis
430 753 495 797 non
524 733 572 796 cst
599 731 692 796 valde
720 731 823 795 simile
850 729 936 812 veri,
972 729 1110 812 relinqui
1138 732 1246 792 autem
1273 749 1403 794 neeesse

264 847 323 924 est,
347 843 414 908 sive
435 844 561 922 νέωροε
583 841 649 906 sive
672 843 787 920 νεαλήε
809 839 1005 924 probaveris,
1033 860 1114 922 quae
1136 837 1198 902 duo
1220 837 1318 902 scribi
1339 838 1401 902 for·

263 957 349 1016 tasse
371 974 391 1016 a
414 951 569 1036 Sophocle
591 952 732 1034 potuisse
756 949 986 1014 concessimus:
1010 948 1114 1032 ipsum
1136 949 1214 1029 ἁβόε
1236 947 1401 1012 inuentum

263 1062 393 1126 laudare
416 1083 482 1126 non
503 1083 685 1145 possumus,
717 1059 800 1144 quod
824 1079 895 1124 cum
918 1057 1179 1124 Schneidewinus
1201 1057 1304 1141 primo
1327 1057 1401 1122 cali·

263 1171 333 1235 dius
366 1171 530 1255 amplexus
564 1173 664 1252 esset,
698 1173 771 1253 post
798 1167 973 1253 prudenter
1004 1166 1148 1231 diffidere
1180 1167 1249 1250 ipse
1286 1167 1400 1249 coepit.

263 1280 388 1365 Quippe
410 1301 449 1344 ex
470 1301 534 1344 uno
556 1279 718 1344 Theocriti
740 1301 834 1343 versu
855 1277 897 1360 V,
918 1277 978 1342 109
1000 1279 1039 1356 μή
1062 1299 1120 1356 μευ
1143 1277 1324 1357 λοιβάτηεθε
1345 1278 1402 1341 τὰ(

264 1390 406 1471 ἀμπέλο(
429 1389 540 1474 (immo
555 1388 722 1474 dunelm),
745 1390 810 1454 ἐντὶ
832 1389 893 1467 γὰρ
916 1387 989 1468 ἁβαί
1011 1385 1203 1450 adiectivum
1218 1385 1402 1450 Dindorfius

263 1499 408 1583 repetiit,
440 1498 523 1583 quod
544 1499 661 1562 necin
684 1497 845 1562 codicibus
867 1497 912 1561 ibi
934 1495 1095 1580 proditum
1118 1499 1217 1578 essct,
1247 1495 1302 1560 scd
1325 1494 1402 1558 Mei-

264 1610 351 1674 nchii
379 1608 505 1673 demum
534 1608 717 1672 coniectura
745 1608 892 1670 effectum
921 1627 959 1670 ex
987 1605 1060 1686 ἆβαι
1092 1605 1308 1688 substantivo,
1342 1627 1402 1668 nec

263 1718 363 1782 ullum
399 1721 566 1803 praetcrea
601 1719 650 1781 vel
684 1719 800 1780 testem
834 1715 883 1779 vel
915 1718 1077 1779 auctorem
1113 1713 1256 1778 haberet.
1307 1715 1402 1778 Nunc

264 1831 371 1892 autem
392 1831 561 1912 postquam
584 1825 662 1890 illud
684 1826 752 1909 ipse
767 1825 946 1888 Meinekius
968 1824 1099 1888 missum
1121 1823 1199 1888 fecit
1220 1824 1255 1886 in
1277 1824 1401 1907 supple

264 1941 372 2001 mento
409 1935 558 2000 editionis
592 1934 784 1999 novissimae
817 1957 848 2018 p.
872 1935 951 2015 474,
985 1934 1148 2016 praeclare
1181 1934 1216 1996 in
1250 1933 1402 1996 auxilium

263 2050 377 2110 vocato
399 2045 561 2129 Hesychio
583 2067 614 2128 p.
638 2044 711 2126 262,
737 2044 792 2107 14:
815 2045 900 2124 ἥβη·
929 2091 958 2108 ..
979 2043 1043 2108 ἔετι
1065 2045 1101 2109 δὲ
1123 2094 1153 2108 ..
1177 2045 1227 2108 καὶ
1249 2043 1402 2122 ἄμπελοι,

264 2175 392 2239 sperare
419 2155 496 2219 licet
521 2135 589 2219 fore
616 2157 653 2217 ut
678 2173 719 2216 ne
742 2153 925 2216 Dindorfius
953 2152 1081 2236 quidem
1103 2153 1221 2216 diutius
1242 2152 1402 2236 teneat.*)

262 2303 306 2317 -·
319 2264 428 2329 Vnum
442 2267 543 2328 restat
558 2285 629 2348 quc,
653 2262 716 2327 nisi
731 2263 935 2327 vehementer
949 2262 1101 2345 fallimur,
1118 2263 1220 2346 ipsam
1237 2261 1402 2346 Sophoclis

264 2395 394 2438 manum
414 2373 658 2457 redipiscamur:
694 2373 732 2438 τὸ
756 2373 812 2452 μέν
833 2393 880 2438 τι(
902 2371 1067 2452 ἀκμαῖοε
1089 2373 1164 2438 οὔτε
1186 2374 1278 2454 γήρᾳ.
1320 2371 1402 2435 Eam

263 2506 374 2548 rocem
401 2483 462 2548 hoc
489 2483 615 2567 quidem
642 2481 827 2567 significatu
854 2481 968 2546 sinon
996 2481 1095 2545 habet
1117 2481 1195 2545 alibi
1217 2480 1400 2564 Sophocles,

265 2599 299 2658 nt
331 2593 508 2678 Aeschylus
542 2593 592 2658 bis
628 2591 740 2656 habet:
777 2590 865 2654 Pers.
897 2590 960 2654 436
990 2591 1126 2670 Περεῶν
1159 2591 1290 2670 ὅποιπερ
1322 2591 1401 2670 ἦτον

263 2703 391 2783 ἀκμαῖοι
418 2691 529 2783 φύειν,
556 2702 664 2782 ψυχήν
686 2703 718 2766 τ’
738 2701 857 2781 ἀριετοι
879 2700 1061 2770 κεύγένειαν
1087 2701 1268 2780 ἐκπρεπεῑεε
1306 2699 1398 2764 Ειιιιι.

262 2813 324 2877 397
353 2817 481 2892 πτερῶν
510 2811 585 2892 ἄτερ
613 2811 783 2890 ῥοιβδοῡεα
804 2810 929 2876 κόλπον
952 2811 1087 2888 αἰγίδοε,
1116 2812 1232 2875 κώλοιε
1258 2809 1401 2890 ἀκμαῖοι(

262 2923 356 2988 τόνδ’
377 2922 555 2987 ἐπιζεύξαε’
578 2921 667 3001 ὄχον.

348 3030 467 3094 Verum
494 3030 635 3094 nondum
662 3029 851 3094 dimittimus
879 3029 964 3093 hunc
994 3051 1133 3112 versum,
1167 3029 1202 3093 in
1235 3050 1296 3113 qno
1323 3029 1401 3094 satis

263 3139 373 3204 mirari
396 3160 462 3204 non
483 3161 648 3223 possumus
672 3139 831 3223 patienter
852 3138 1023 3203 toleratum
1045 3140 1086 3203 ab
1108 3138 1281 3203 editoribus
1303 3141 1401 3223 γήρᾳ

264 3251 476 3330 πημαίνων,
505 3249 588 3333 quod
617 3271 684 3313 esse
707 3271 821 3312 sanum
844 3247 1112 3313 confidentissime
1134 3248 1319 3333 negandum
1341 3252 1398 3313 est.

263 3358 340 3434 Quis
363 3359 447 3422 enim
463 3359 529 3442 illa,
553 3359 606 3442 qui
622 3379 737 3442 graece
759 3359 851 3440 sciat,
874 3358 938 3422 nisi
954 3362 1009 3422 aut
1031 3359 1205 3423 ‘senectuti
1220 3358 1399 3442 imperans'

263 3473 367 3532 vertat
395 3473 451 3531 aut
478 3469 657 3550 ‘imperans
684 3471 864 3531 senectutc’
893 3467 925 3530 h.
949 3487 976 3530 c.
1004 3489 1070 3531 non
1098 3457 1185 3531 velut
1211 3467 1399 3531 fortitudine

219 3591 247 3642 lx
264 3578 312 3642 vel
346 3579 410 3642 alia
442 3597 476 3642 rc
509 3577 651 3660 qualibet
683 3577 782 3659 ipsius
808 3575 934 3660 imperii
963 3577 1144 3640 effectrice‘l
1186 3576 1268 3652 Quid
1300 3577 1399 3660 igitur

265 3775 466 3784 -————-

330 3897 620 3968 *)[an1udcmspes
638 3897 742 3952 folbllit.
774 3896 881 3966 Quippe
898 3895 927 3950 in
945 3895 1119 3968 praelatione
1137 3899 1253 3966 quartae
1270 3893 1399 3952 editionis

262 3989 413 4060 Lipsiensis
426 3993 460 4056 (a.
477 3990 845 4060 1soa)p.XL1Meinekium
864 3989 958 4058 arguit
975 3989 1104 4044 iniuriam
1122 3991 1174 4044 sibi
1192 3990 1283 4060 ipsum
1301 3990 1398 4044 fecisse

262 4083 360 4136 rclioto
379 4082 453 4150 qnod
470 4081 499 4136 in
517 4081 699 4136 adnotatione
716 4083 864 4152 probasset
881 4085 948 4148 ἀβὸε
966 4082 1112 4148 adiectivo,
1132 4083 1206 4150 quod
1217 4083 1309 4152 ipsum
1321 4081 1398 4136 resti-

262 4175 396 4228 tuendum
413 4175 551 4243 Hesychia
573 4175 674 4240 videri,
700 4175 754 4228 nisi
775 4176 847 4228 sorte
869 4174 932 4228 hnic
955 4175 1047 4244 potius
1071 4173 1166 4228 vitium
1190 4173 1292 4230 codicis
1310 4173 1398 4228 Thco-

263 4267 341 4320 critei
363 4267 454 4320 lrarnli
475 4267 565 4320 llrcrit.
607 4265 683 4331 Quae
706 4267 757 4320 etsi
781 4267 966 4321 demonstrari
989 4268 1086 4336 nequit
1108 4267 1167 4322 lieri
1190 4285 1245 4321 uon
1267 4267 1398 4336 potuisse,

262 4361 356 4412 tamen
374 4359 567 4413 necessitatem
586 4360 651 4413 talis
670 4359 919 4444 argnmcntationis
937 4361 1028 4414 fateor
1040 4377 1084 4414 mc
1097 4360 1208 4414 minime
1220 4359 1398 4430 perspicere]
