3270 5094
498 408 534 454 ιν
557 409 691 457 sarran
715 409 797 456 ρον.
820 409 956 459 suanus
979 393 1168 458 asa-261.
1350 395 1412 459 373

358 557 511 642 Superest
532 565 567 624 ut
589 561 795 646 gravissimas
816 562 927 626 turbas
950 564 976 626 si
999 564 1155 646 possimus
1174 584 1410 645 componamus,

273 668 387 751 quibus
414 672 570 734 extremos
594 693 701 735 versus
729 673 761 736 et
789 672 976 736 intumuisse
999 677 1032 736 et
1058 672 1183 738 dehisse
1208 676 1329 737 certum
1351 677 1409 738 est.

273 775 333 852 Qui
357 799 428 842 eum
450 781 547 864 vulgo
569 782 650 846 tales
672 783 870 866 legerentur:

476 934 579 1012 Θήεειν
602 935 756 1013 τρόπαια,
778 935 942 1012 πολεμίων
964 937 997 999 δ’
1020 935 1187 1013 ἐεθήματο,

476 1045 605 1124 λάφυρα
626 1045 729 1109 δαίων
751 1045 964 1124 δουρίπληχθ’
986 1045 1097 1120 ἁγνοῑε
1119 1045 1240 1123 δόμοιο,

273 1223 311 1265 ex
339 1202 539 1285 paucissimis
568 1204 744 1286 codicibus,
773 1203 827 1278 sed
855 1205 941 1268 inter
963 1225 1016 1269 eos
1038 1203 1197 1287 Mediceo,
1232 1206 1266 1268 hi
1287 1206 1410 1289 prodie-

272 1315 363 1396 runt,
387 1334 465 1396 quos
487 1335 525 1377 ex
547 1313 617 1398 ipso
639 1314 782 1378 Mediceo
804 1314 1014 1398 transcriptos
1037 1314 1079 1377 ab
1094 1314 1213 1379 Ottone
1233 1314 1411 1380 Ribbeckio

273 1425 382 1486 nostro
403 1423 490 1487 infra
511 1424 688 1508 posuimus:

1126 1526 1162 1562 Τα

474 1577 578 1655 θήεειν
599 1578 744 1655 τρόπαια.
767 1577 932 1654 πολεμίων
953 1579 986 1640 δ>
1009 1577 1166 1655 ἐοθήμαει·

474 1753 603 1835 λάφυρα
625 1756 735 1818 δαίων.
758 1754 968 1834 δουρίπληχθ’
990 1754 1102 1830 ἁγνοῑε
1122 1753 1232 1832 δόμοιο

474 1933 580 2011 (πέψω
603 1934 667 2011 πρὸ
688 1935 778 1998 ναῶν
799 1931 963 2009 πολεμίων
986 1879 1019 1996 δ’
1043 1931 1207 2010 ἐεθήμοτα.

271 2090 325 2154 ubi
359 2095 392 2154 et
422 2113 462 2156 τα
493 2113 586 2156 versu
617 2092 736 2175 primo,
771 2094 804 2155 et
835 2092 930 2156 tertio
962 2114 980 2156 τ
1012 2092 1151 2156 secunda
1183 2115 1281 2156 manu
1314 2113 1410 2176 supra
1428 2109 1458 2158 lx

271 2200 424 2284 seriptum
440 2206 489 2265 est
504 2202 546 2266 ab
561 2201 732 2284 eademque
747 2203 782 2267 θ’
797 2201 956 2265 adiectum
976 2202 1011 2265 in
1026 2204 1255 2283 δουρίπληχθ’;
1275 2201 1409 2266 disiecta

272 2313 377 2374 autem
403 2311 546 2375 membra
573 2314 639 2376 sive
667 2314 781 2394 poetae
809 2312 875 2375 sive
902 2311 1087 2395 interpretis
1115 2312 1165 2376 vel
1192 2311 1409 2395 interpunctio

270 2421 377 2504 prodit
398 2421 486 2485 facta
508 2424 581 2506 post
607 2423 757 2504 τρόπαια,
786 2424 859 2504 post
885 2423 1044 2504 ὲεθήμοει,
1074 2423 1146 2504 post
1168 2423 1278 2486 δαίων.
1322 2420 1409 2485 Hinc

271 2531 369 2616 igitru
391 2531 473 2615 quod
496 2531 700 2595 Hermannus
724 2529 828 2595 effecit
850 2531 891 2594 ab
919 2530 1012 2595 initio
1035 2554 1054 2593 a
1076 2530 1168 2594 nobis
1196 2530 1409 2613 perscriptum

271 2641 324 2724 qui
350 2641 476 2725 placere
504 2642 566 2725 ipsi
592 2641 733 2724 potuerit·
758 2661 854 2725 aegre
882 2661 1064 2724 assequare:
1093 2644 1160 2702 tam
1187 2639 1313 2702 insuavi
1336 2661 1409 2703 con-

270 2749 414 2815 struendi
446 2749 562 2814 duritie
591 2772 630 2814 ex
657 2751 785 2834 obliqua
812 2751 957 2814 oratione
991 2751 1025 2813 in
1053 2753 1174 2814 rectam
1206 2750 1362 2812 transitur
1390 2771 1408 2813 a

270 2863 374 2940 θήεειν
388 2861 548 2925 infinitivo
564 2860 603 2924 ad
620 2863 743 2942 (πέψω,
766 2881 825 2944 pro
847 2882 908 2944 quo
929 2863 1039 2924 tamen
1061 2859 1096 2923 in
1117 2862 1266 2943 promptu
1281 2860 1408 2939 (τέψειν

163 3021 167 3027 .
271 2975 355 3035 erat:
378 2971 515 3054 reliquas
533 2971 724 3034 offensiones
747 2991 787 3034 ne
810 2970 959 3034 iteremus
982 2973 1077 3033 antea
1100 2969 1178 3033 satis
1201 2969 1406 3052 disceptatas.

270 3079 342 3146 Nisi
363 3080 446 3165 quod
467 3081 632 3163 praeclaro
654 3101 732 3143 sane
754 3080 900 3144 acumine
922 3081 1113 3160 δουρίπηχθ’
1138 3101 1155 3144 ο
1177 3079 1271 3143 nihili
1293 3099 1408 3142 memo·
1482 3137 1486 3144 .

271 3193 318 3254 ria
340 3191 494 3254 librorum
512 3189 595 3254 eruit
616 3211 674 3274 pro
690 3210 726 3252 eo
742 3189 825 3273 quod
840 3187 1000 3252 Porsonus
1014 3189 1050 3252 in
1064 3188 1227 3273 Euripidis
1242 3188 1407 3253 Hecubam

270 3323 299 3364 ν.
316 3301 379 3364 482
401 3277 610 3383 proposuerat
631 3301 839 3380 δουρίληφθ’.
878 3297 987 3363 Vnum
1009 3302 1116 3362 autem
1137 3298 1186 3362 illi
1206 3299 1319 3362 vitium
1341 3320 1407 3362 non

269 3413 397 3474 tantum
419 3431 491 3474 cum
513 3409 671 3474 Guilelmo
693 3408 860 3473 Dindorfio
882 3429 1048 3472 commune
1071 3413 1134 3490 est,
1164 3406 1251 3471 cuius
1274 3409 1407 3491 scriptu-

270 3543 339 3584 ram
361 3541 457 3603 supra
479 3519 722 3602 perstrinximus
745 3542 776 3602 p.
794 3517 842 3582 VI
866 3516 964 3605 [369],
988 3516 1043 3580 sed
1066 3518 1163 3581 etiam
1179 3538 1251 3580 cum
1266 3515 1407 3580 Roberto

270 3631 400 3716 ungero
427 3632 551 3712 nostr0,
581 3629 635 3713 qui
664 3649 747 3692 nova
768 3627 820 3692 via
849 3627 1011 3711 ingressus
1033 3627 1118 3691 hanc
1140 3647 1242 3710 nuper
1269 3626 1408 3710 speciem

270 3739 512 3824 Aeschyliorum
534 3739 701 3803 verborum
725 3738 747 3800 l.
771 3759 796 3801 s.
820 3759 845 3800 s.
870 3759 901 3820 p.
925 3737 966 3800 48
990 3735 1237 3801 commendavit:

918 3897 1092 3977 ἐπεύχομαι

471 4009 575 4088 θήεειν
597 4008 726 4088 πρόνοια
747 4008 911 4086 πολεμίων
933 4007 1090 4085 ἐοθήματα

471 4119 600 4200 λάφυρα
621 4119 710 4201 δᾴων
732 4117 926 4198 δουρίπηχθ’
949 4117 1059 4193 ἁγνοῖς
1081 4115 1199 4193 δόμοιο.

269 4279 308 4344 In
324 4303 386 4362 qua
401 4279 538 4364 primum
552 4277 746 4342 laudandum
762 4282 826 4360 est,
850 4277 933 4362 quod
948 4299 1013 4342 non
1036 4297 1127 4359 posse
1149 4275 1227 4339 ferri
1241 4275 1406 4355 τροπαίων

269 4389 434 4453 notionem
455 4389 630 4456 intellexit:
653 4389 788 4452 alterum
809 4387 885 4470 hoc,
911 4387 994 4472 quod
1017 4407 1113 4450 unam
1130 4385 1315 4450 continuam
1337 4403 1406 4447 esse
