3184 5100
263 287 326 350 680
594 299 835 346 ss'rulohofflffl
860 298 1072 346 ιιιακιιοικι

263 476 326 535 περ
348 454 547 534 Ἀρχίλοχος·
573 447 666 530 αἰνός
688 475 737 528 τις
759 450 963 536 ἀνθρώπων,
988 447 1031 528 αίς
1047 449 1101 536 ἄρ’
1119 445 1293 535 ἀλώπηξῆ
1314 449 1416 528 ἀετός
1432 472 1456 509 1⁵

265 565 436 642 ξυνωνίαν
458 565 587 627 ἔθεντο.
612 566 662 630 καὶ
676 565 836 629 Ἡςὶοδος·
859 565 924 626 νῦν
947 559 978 624 δ’
1003 557 1102 646 αἶνον
1124 545 1301 646 βασιλὲόσ’
1325 561 1414 647 ἐρέω

265 673 401 738 νοέουσι
424 672 480 737 καί
502 671 631 750 αὐτοῖς·
656 663 716 738 056⁰
741 673 814 758 ἴρηξ
837 672 1037 757 προσέειπεν
1055 670 1183 757 ιἰηόόνα
1205 671 1414 737 ποικιλόδει-

266 806 337 867 ρον.
362 785 427 850 ἀπὸ
450 787 485 851 δὲ
500 789 625 867 φυτῶν,
649 786 694 850 ιίις
709 787 797 866 παρὰ
814 785 1017 868 Καλλιμάχῳ·
1042 781 1145 849 ἄκουε
1160 783 1197 848 δὲ
1218 781 1278 848 τόν
1300 778 1412 866 αἶνον,

267 896 304 959 έν
327 917 403 959 κοτε
424 894 550 982 Τμαίλῳ
573 893 710 979 όιίκρνην
733 892 828 978 ἐλαίη
850 903 962 970 νεῖκος
978 894 1014 957 οἱ
1032 894 1134 958 πάλαι
1150 893 1260 959 Λνόοὶ
1275 895 1413 978 λέγουσι

265 1004 390 1070 θέσθαι
421 1008 470 1072 καί
498 1009 537 1072 τὰ
565 1007 645 1085 ἑξῆς.
672 1007 755 1071 ἔςτιν
783 1006 802 1070 ό
830 1005 922 1071 αἶνος
951 1006 1157 1086 έξηπλωμένη
1185 1007 1337 1087 παροιμία
1359 1007 1412 1070 καὶ
1427 1027 1455 1065 ει
1561 1061 1562 1084 χ

267 1119 344 1198 μετὰ
372 1118 545 1197 διηγήςεως
574 1117 788 1197 ἀπαρτίζοοςα
821 1119 858 1182 τό
887 1117 1071 1198 νοούμενον
1099 1119 1181 1196 πρὸς
1209 1116 1413 1196 παραμυθίαν
1561 1119 1562 1126 ’

266 1250 300 1294 τε
329 1230 379 1293 καί
407 1229 569 1309 ὠφέλειαν
595 1231 662 1292 τῶν
691 1227 890 1306 ἀνθρώπων·
924 1229 1077 1307 παροιμία
1110 1229 1146 1292 δὲ
1172 1229 1230 1306 τὴν
1259 1226 1323 1292 ἀπὸ
1351 1231 1414 1290 τοῦ

267 1339 444 1420 κεφαλαίου
474 1339 525 1404 ἐπὶ
553 1339 590 1404 τὸ
620 1341 729 1419 χεῖρον
753 1339 925 1419 ἀναφορὰν
949 1337 1014 1417 ἔχει
1037 1339 1211 1403 ἐνδέουςαν
1233 1341 1293 1403 τοῦ
1315 1337 1413 1402 αἴνου

268 1452 317 1515 καὶ
346 1454 404 1530 τήν
434 1449 553 1516 ἔξωθεν
583 1449 777 1528 ἐνδεχομένη
807 1448 991 1544 μετάβαςιν,
1020 1448 1091 1514 οἷον
1120 1447 1198 1529 μένε
1226 1449 1309 1530 βοῦς
1330 1467 1413 1510 ποτε

269 1558 429 1642 βοτάνην,
452 1561 503 1624 καὶ
525 1553 640 1634 κισσός
661 1554 732 1640 μετ’
756 1553 974 1641 ἀνθεστηρια.
1429 1571 1456 1608 25

352 1671 383 1733 4.
429 1671 660 1753 [Ἀκόνιτονι
694 1717 1033 1733 ............
1035 1666 1045 1754 ]
1077 1671 1259 1733 κονιοῦεθαι
1286 1669 1346 1746 γὰρ
1373 1669 1415 1732 τὸ

269 1781 424 1846 παλαίειν.
462 1781 649 1860 Θεόκριτος·
684 1773 799 1853 κισσός
832 1777 994 1863 ἑλιχρόσρι
1032 1777 1257 1860 κεκονιμένος.
1302 1779 1340 1843 τὸ
1372 1779 1414 1855 μὴ

270 1892 449 1970 νικώμενον
473 1889 532 1955 οὖν
555 1890 620 1954 ὑπὸ
648 1893 715 1955 τῶν
738 1890 909 1957 πινόντων.
955 1889 1126 1970 Εὐφορίων
1154 1891 1299 1966 θηλυκῶς
1328 1888 1415 1963 λέγει

273 2003 331 2079 τὴν
356 2001 508 2081 βοτάνην.
531 2001 571 2078 ἣν
594 1999 700 2064 οὐδεὶς
722 1998 854 2065 δύναται
875 2002 996 2065 κονῑςαι
1018 2000 1157 2064 τουτὲςτι
1179 2003 1308 2077 νικῆςαι.

355 2110 385 2173 5.
430 2109 660 2174 Ἁλίπαςτον
692 2109 887 2189 ἁλιςπάρτου
916 2111 1069 2190 διαφέρει.
1102 2110 1140 2173 τὸ
1169 2110 1226 2188 μὲν
1254 2109 1316 2189 γὰρ
1346 2107 1456 2173 ἁλςὶαι

271 2221 477 2298 πεπαςμένον
505 2221 599 2299 κρέας
627 2221 646 2298 ἢ
674 2219 763 2298 ἰχθὺν
799 2220 912 2296 ἔλεγον
941 2220 1128 2285 ἁλίπαςτον·
1157 2218 1352 2298 ἁλίςπαρτον
1378 2220 1417 2283 δὲ

271 2332 329 2410 τὴν
358 2330 410 2394 ἁλὶ
439 2330 698 2409 κατεςπαρμένην
726 2332 845 2410 χώραν.
873 2335 940 2395 τῶν
962 2332 1024 2410 γὰρ
1052 2329 1195 2411 ἀρχαίων
1218 2333 1316 2395 τινῶν
1340 2333 1416 2410 βαρ-

273 2442 381 2522 βάρων
405 2445 567 2520 δυςμενῶς
589 2440 796 2520 διακειμένων
824 2441 907 2519 πρὸς
928 2441 1004 2504 τοὺς
1026 2441 1199 2522 Ἕλληνας,
1229 2441 1285 2505 τὰς
1308 2441 1417 2520 χώρας

272 2552 380 2617 αὐτῶν
409 2551 478 2616 ἁλεὶ
505 2552 712 2630 κατέςπειρον
741 2551 784 2616 εἰς
813 2551 849 2616 τό
878 2553 984 2629 μηκέτι
1016 2550 1168 2615 δύναςθαι
1201 2551 1314 2629 φέρειν
1341 2569 1418 2628 καρ-

272 2663 363 2727 πούς.
387 2660 463 2726 ὅθεν
483 2663 533 2726 καί
556 2662 575 2726 ό
598 2661 665 2744 βίος
688 2663 765 2726 τοὺς
788 2662 972 2744 ᾑκιςμένους
994 2665 1108 2726 δεινῶς
1130 2661 1180 2725 καί
1202 2659 1416 2740 δυςθεραπεό-
1432 2682 1458 2720 ιε

272 2792 337 2837 τως
360 2772 495 2851 ἔχοντας
516 2773 556 2837 τὰ
579 2773 707 2851 ςώματα
729 2770 942 2851 ἁλιςπάρτους
964 2773 1059 2835 καλεῖ.

274 3029 334 3092 (706
353 3025 394 3078 ed.
416 3028 441 3091 3)
518 3030 548 3079 15
569 3027 740 3094 Ἀρχίλοχος]
760 3027 793 3078 fr.
812 3029 844 3078 86
862 3023 933 3092 ng.
1023 3030 1053 3076 16
1072 3025 1207 3092 Ἡςίοδος]
1228 3023 1279 3092 Op.
1300 3029 1349 3076 202

275 3125 306 3173 18
336 3119 514 3186 Καλλιμάχῳ]
539 3117 572 3170 fr.
596 3123 629 3173 93
655 3118 746 3172 Βοιιίί.
771 3117 826 3170 Vbi
849 3120 979 3183 ἔγκονται
1006 3134 1057 3186 pro
1086 3119 1117 3171 έν
1140 3133 1205 3170 κοτε
1229 3117 1315 3170 otiam
1336 3115 1418 3182 fluct,

273 3213 342 3266 item
361 3211 440 3279 ἐλαίη
460 3227 533 3265 εικος
602 3217 634 3264 24
658 3213 709 3277 μέν
733 3229 746 3266 ε
765 3215 831 3277 βοός
855 3214 925 3267 ποτὲ
949 3214 1060 3277 βοτανις
1083 3209 1168 3264 Gud.:
1188 3210 1221 3264 of.
1240 3209 1417 3280 Apostolium

274 3305 321 3372 XI,
341 3311 369 3358 11
390 3306 418 3357 οι
436 3303 470 3371 11,
486 3310 504 3357 4

346 3409 535 3461 Ἀκονιοόςίλαι
554 3408 607 3474 γὰρ
625 3410 659 3461 τό
679 3402 781 3462 παλαί’
798 3409 954 3474 θεόκριτος’
973 3409 1061 3461 κιςςὸς
1075 3407 1210 3474 ελίχρύςω
1230 3408 1417 3471 κεκονιμένος.

275 3503 310 3555 τὸ
330 3503 381 3566 μὲν
399 3502 557 3566 νικώμενον
576 3501 626 3554 οὖν
647 3501 705 3554 ὑπὸ
724 3505 785 3554 τῶν
808 3501 985 3566 ποινόντων,
1010 3501 1155 3568 εὐφορίων
1177 3503 1303 3567 θηλοοῡν
1322 3503 1418 3568 (θηλυ-

277 3599 333 3648 κῶς
352 3595 437 3662 τηις.)
456 3595 530 3659 λέγει
548 3597 602 3660 τὴν
621 3595 751 3661 βοτάνην.
770 3595 806 3659 ἣν
824 3594 915 3648 οὐδείς
938 3594 1055 3648 δύναται
1073 3594 1178 3648 κονίςαι
1196 3594 1325 3648 τοοτέςτι
1342 3597 1418 3659 νικῆ-

276 3705 326 3741 ςαι.
349 3711 384 3734 =
405 3687 496 3754 Etym.
523 3685 642 3739 Gudiani
664 3686 802 3755 particula
819 3705 846 3756 p.
866 3693 911 3752 27,
930 3693 976 3752 23,
993 3685 1060 3741 item
1079 3685 1169 3754 Etym.
1188 3685 1225 3739 M.
1245 3705 1272 3755 p.
1293 3693 1334 3752 50,
1351 3691 1418 3740 12ο

276 3781 335 3835 cod.
357 3779 509 3834 Sorbonico
528 3779 640 3832 demum
658 3779 781 3848 suppleti
797 3779 947 3834 Gaisfordii
964 3779 1144 3834 adnotatione
1197 3784 1229 3832 26
1246 3781 1416 3848 κονιοῡςθαι]

277 3874 414 3928 κονίεςθαι
433 3871 570 3926 Thesauri
588 3872 709 3926 editores
728 3871 765 3925 IV
784 3891 810 3941 p.
827 3879 890 3926 1801
947 3877 979 3926 21
997 3873 1159 3940 Θεόκριτος]
1180 3873 1200 3939 Ι,
1213 3879 1246 3927 30
1298 3879 1330 3928 29
1343 3877 1418 3939 νικῆ-

277 3968 332 4035 ςαι]
353 3971 449 4033 κνήςαι
467 3963 621 4019 Meinekius
639 3966 720 4020 Anal.
738 3967 815 4020 Alex.
834 3985 860 4035 ρ.
881 3973 914 4020 64
931 3969 1043 4036 praeter
1061 3967 1199 4021 rationem

285 4055 292 4064 ”
346 4060 497 4113 Ἀλίτιατον
516 4060 686 4126 ἀλιςπόρτου
705 4060 837 4126 διαφέρει.
856 4061 890 4114 τό
909 4062 959 4126 μὲν
977 4062 1030 4127 γὰρ
1048 4061 1109 4112 ἀλςί
1127 4061 1308 4124 πεπαςμένον
1326 4061 1419 4126 κρέας,

280 4157 324 4207 καὶ
344 4153 423 4218 ἰχθὺν
442 4154 541 4218 ἔλεγον
560 4153 710 4208 ἁλίπατον·
734 4155 905 4220 ἁλίςπαρςον
924 4155 954 4207 δέ
973 4155 1027 4220 τὴν
1045 4153 1160 4206 δλίκατε
1179 4153 1342 4220 ςπαρμένην
1364 4155 1420 4220 χώ-

280 4263 339 4310 ραν.
366 4251 426 4299 τῶν
453 4247 506 4312 γὰρ
533 4247 657 4312 ἀρχαίων
684 4251 773 4299 τινῶν
800 4248 948 4314 βαρβαρων
971 4249 1112 4311 δοςμενῶς
1140 4247 1324 4311 διακειμένων
1347 4250 1421 4314 πρός

279 4341 346 4392 τοὺς
366 4341 498 4406 ἐ’λληνας,
522 4342 572 4393 τὰς
592 4339 684 4406 χώρας
702 4343 800 4394 αὐτῶν
819 4341 879 4394 ἀλςί
899 4341 1089 4406 κατέςπηρον,
1109 4341 1148 4394 είς
1166 4342 1200 4392 τό
1220 4341 1319 4406 μηκέτι
1337 4342 1421 4395 δόνα-
