3270 5094
270 368 332 440 389
372 399 374 404 ·
594 383 621 439 ο.
646 381 790 440 nalsren
814 381 1085 440 auauolmonns

270 547 307 610 τὸ
336 545 421 612 Δῖον
448 566 478 609 ν.
511 543 601 609 1035.
648 540 802 609 Similiter
829 565 859 608 v.
890 543 949 608 162
978 542 1012 608 in
1047 551 1116 606 Νο(
1148 545 1330 628 corruptum
1359 542 1408 608 est

269 661 352 718 Δῖο(
383 655 418 718 in
449 675 513 718 uno
548 654 666 719 codice.
716 653 918 718 Geminanda
950 657 1117 737 praeterea
1143 643 1182 719 δῖ
1202 654 1326 738 syllaba
1348 657 1408 736 est,

270 768 302 827 et
324 764 364 828 οὐ
385 763 549 827 lenissima
571 763 749 827 mutatione
773 763 1021 828 convertendum
1043 764 1078 828 in
1101 763 1175 846 ὅτι,
1200 763 1233 826 in
1256 763 1409 846 proximis

270 865 376 938 autem
392 873 599 938 adsciscenda
616 877 703 938 certa
718 872 899 937 Hermanni
916 873 1107 956 emendatio,
1131 876 1168 937 ut
1183 873 1222 936 ad
1237 873 1408 956 pristinum

270 983 407 1046 nitorem
429 984 476 1047 sic
498 983 606 1046 omnia
627 985 777 1048 revocata
800 983 881 1047 sint:

472 1143 532 1209 ὅτι
553 1145 594 1208 δὲ
617 1145 728 1209 δέδια
750 1146 840 1210 Δῖα·
862 1146 950 1225 μηδ’
972 1144 1150 1225 ἄφυκτον

555 1254 796 1333 κρειςςάνων
819 1258 921 1320 θεῶν
944 1254 1042 1333 ἔρως

642 1363 742 1442 ὄμμα
763 1384 807 1442 με
830 1363 1102 1443 προςδρακείη.

353 1529 393 1595 V.
418 1531 479 1596 912
501 1552 568 1595 non
590 1534 639 1594 cst
660 1530 699 1593 de
720 1530 833 1613 nihilo,
861 1530 942 1614 quod
966 1531 1048 1614 apud
1072 1529 1293 1595 Robortellum
1315 1531 1407 1594 omis-

269 1662 338 1704 sum
360 1643 391 1705 r'
415 1644 472 1704 est.
509 1639 578 1704 Nec
601 1641 686 1704 enim
707 1639 786 1704 ferri
808 1639 861 1703 hic
884 1643 1000 1722 potest,
1025 1640 1099 1723 quia
1122 1639 1204 1723 quod
1227 1639 1409 1704 adnectitur

270 1751 398 1833 copula,
428 1751 554 1833 θρόνοι,
583 1771 649 1813 non
677 1749 817 1834 adauget
843 1749 894 1814 vel
916 1749 1093 1832 amplificat
1115 1749 1271 1813 ambitum
1291 1728 1407 1832 prioris

269 1859 421 1941 notionis,
445 1858 500 1922 sed
522 1880 596 1942 pars
619 1862 668 1922 est
689 1858 881 1942 tyrannidis,
913 1857 1116 1924 Constructio
1137 1858 1305 1923 verbormn
1327 1859 1407 1922 haec

269 1971 332 2031 est:
354 1969 542 2048 τυραννίδος
565 1969 691 2048 ἐκβαλεῖ
712 1967 818 2034 άιςτον
842 1969 981 2048 θρόνων.

186 2093 254 2143 llll
353 2076 393 2140 V.
410 2077 473 2142 930
495 2079 537 2142 ςύ
559 2084 627 2157 θην
650 2077 862 2142 scribendum.
893 2077 994 2141 Recte
1015 2077 1049 2140 in
1071 2076 1181 2140 iliadis
1202 2076 1407 2141 V111v.448

273 2185 405 2249 Wollius
428 2187 468 2250 οὐ
490 2189 547 2266 μέν
569 2191 628 2265 θην
650 2225 702 2250 -.

353 2295 394 2360 V.
416 2296 476 2361 951
500 2295 730 2381 disiungendae
752 2299 828 2360 sunt
849 2296 1041 2378 particulae:
1070 2299 1121 2362 καὶ
1147 2301 1246 2362 ταῦτα
1268 2297 1325 2375 μέν
1348 2316 1406 2361 τοι.

352 2403 393 2469 V.
418 2405 479 2470 972
511 2427 639 2490 prorsus
672 2429 738 2471 non
769 2405 869 2470 habet
900 2427 961 2490 quo
995 2406 1168 2470 referatur:
1204 2409 1240 2468 ut
1268 2404 1406 2468 dubitari

267 2517 406 2599 nequeat
434 2516 511 2598 quin
533 2520 606 2599 post
627 2539 656 2581 ν.
680 2517 739 2580 971
771 2514 971 2580 interciderit
992 2538 1073 2580 unus
1096 2515 1247 2578 Mercurii
1269 2514 1405 2592 versicu-

267 2625 328 2708 lus,
351 2647 413 2708 quo
435 2625 488 2688 ille
511 2625 601 2705 ὕβριν
624 2625 825 2708 exprobrarit
846 2624 1045 2689 Prometheo.

352 2733 393 2798 V.
417 2734 480 2798 984
501 2732 707 2816 scholiastae,
731 2738 768 2797 ut
787 2733 929 2816 videtur,
953 2757 1019 2798 non
1041 2735 1189 2818 legerunt
1211 2739 1404 2815 ςωφρονεῖν,

268 2843 322 2905 sed
346 2846 482 2924 φρονεῖν
506 2843 620 2924 potius.
666 2843 758 2906 Alter
780 2843 866 2907 enim
890 2881 930 2891 -
951 2847 1009 2908 τοῦ
1038 2845 1118 2908 Διὸς
1146 2845 1327 2928 καταφέρῃ,
1358 2843 1404 2906 iu-

268 2951 346 3035 quit,
372 2951 478 3031 ὥςπερ
502 2951 573 3017 οὐκ
595 2953 708 3017 εἰδὼς
737 2953 785 3018 ὅτι
813 2957 872 3017 <oti
899 2954 1014 3032 μείζων
1042 2951 1151 3033 ἰςχύειι
1190 2953 1272 3016 alter
1299 2955 1404 3017 autem

269 3060 309 3124 ad
330 3084 359 3124 r.
382 3083 442 3144 sq.:
470 3064 576 3126 καλῶς
604 3063 765 3142 λέγειςμὴ
789 3067 956 3142 φρονεῖν
979 3064 1047 3142 ἐμέ·
1071 3063 1096 3128 εἰ
1117 3065 1179 3142 γάρ
1202 3063 1266 3138 ἐγὼ
1289 3063 1404 3143 ἐφρό-

268 3191 364 3235 νουν
387 3191 414 3234 e.
438 3193 468 3254 q.
493 3193 517 3234 s.
563 3171 711 3235 Forsitan
744 3171 843 3255 igitur
875 3193 934 3256 pro
967 3173 1060 3237 οὔπω
1093 3176 1276 3252 ςωφρονεῖν
1309 3176 1405 3254 poeta

268 3279 431 3362 scripserit
453 3281 523 3345 οὐκ
545 3281 673 3360 ὀρθῶς
695 3285 884 3361 φρονεῖν,
907 3285 943 3344 ut
966 3284 1014 3344 est
1037 3305 1066 3345 v.
1093 3281 1174 3346 1002
1195 3281 1301 3361 ὀρθῶς
1324 3301 1405 3361 φρο-

268 3393 344 3456 νεῖν.
388 3389 497 3453 Etiam
518 3412 549 3453 v.
575 3390 657 3455 1014
678 3391 834 3471 φρόνηςις
856 3389 948 3472 redit,
973 3411 1038 3453 non
1061 3392 1262 3470 ςωφροςύνη.
1353 3467 1354 3472 ¹

351 3499 392 3564 V.
409 3501 472 3564 995
486 3499 568 3582 quod
592 3499 695 3563 estin
717 3503 809 3582 parte
834 3500 987 3563 librorum
1009 3521 1096 3580 mss,
1120 3501 1404 3580 λευκοπτέροις

267 3611 417 3690 νιφάςι,
441 3611 587 3692 apertum
610 3613 658 3672 est
679 3613 843 3692 praestare
864 3609 996 3693 vulgato
1018 3610 1221 3692 λευκοπτέρῳ
1245 3611 1361 3690 νιφάδι.

352 3717 393 3780 V.
412 3718 492 3782 1023
508 3717 641 3781 offendit
655 3739 704 3783 τοι
720 3719 754 3781 in
770 3717 907 3801 simplici
922 3717 1106 3781 narratione
1129 3739 1194 3781 non
1217 3718 1293 3782 alibi
1316 3739 1403 3781 usur·

267 3831 388 3911 patum.
433 3827 528 3890 Unius
551 3825 610 3890 etsi
633 3827 738 3891 facilis
760 3828 895 3891 mutatio
918 3827 1021 3891 estin
1045 3847 1104 3908 ςοι,
1129 3831 1273 3909 praestat
1294 3831 1402 3890 tamen

267 3937 350 4019 quod
373 3937 406 3999 in
429 3957 492 4000 uno
514 3935 618 4019 Regio
641 3935 775 4020 legitur:
801 3938 882 4002 Διὸς
904 3938 938 4000 δ’
960 3937 1031 4012 ἔτι,
1055 3937 1116 4000 hac
1138 3937 1299 4000 sententia
1321 3936 1403 4020 posi-

266 4052 349 4109 tum:
378 4051 492 4110 reditur·
511 4051 541 4108 e'n
564 4053 659 4110 lucam
682 4058 733 4110 luo
755 4051 878 4110 accede!
898 4053 988 4109 cltum
1010 4050 1095 4110 illud.

351 4153 392 4219 V.
412 4155 487 4219 1031
507 4175 577 4219 cum
601 4154 741 4218 construi
764 4153 866 4237 possit
880 4153 1060 4239 dupliciter,
1085 4157 1140 4218 aut
1162 4155 1243 4235 ἀμφὶ
1265 4157 1403 4236 κνεφαῑα

267 4265 346 4344 βάθη
369 4265 546 4345 Ταρτάρου,
570 4267 625 4328 aut
647 4265 690 4329 εἰς
713 4269 849 4344 κνεφαῖα
872 4265 952 4344 ἀμφὶ
973 4264 1142 4343 Ταρτάρου
1165 4266 1259 4345 βάθη,
1293 4267 1402 4326 tamen

267 4373 429 4437 difficilem
452 4378 585 4458 utraque
611 4374 736 4437 ratione
762 4373 955 4457 explicatum
977 4371 1075 4435 habet
1097 4373 1177 4454 ἀμφί
1199 4371 1403 4456 praepositio
