3272 5088
541 375 699 424 uionrsn
728 375 1081 426 aaaroamnssnnsrs.
1320 359 1383 424 473

241 530 301 595 hoc
334 530 535 615 potissimum
568 529 673 593 studui
702 529 868 612 consequi,
902 533 938 594 ut
965 551 1046 613 quae
1078 532 1207 593 mutuae
1242 529 1383 593 rationes

242 645 349 706 essent
382 643 567 706 cunctorum
595 639 741 723 Dionysii
771 639 914 704 codicum
942 661 1035 722 mss,
1070 661 1150 723 quae
1185 640 1384 724 singulorum

242 752 401 834 condicio,
426 771 506 834 quae
528 751 579 814 lex
602 752 635 813 et
655 771 768 814 norma
791 749 894 814 critici
917 750 1052 834 negotii,
1076 753 1255 833 appareret.
1293 748 1383 825 Quod

242 862 368 946 quidem
395 861 491 925 facile
523 860 638 925 harum
670 881 775 924 rerum
804 859 898 944 periti
931 860 1125 944 intellegant
1149 881 1215 924 non
1242 861 1384 944 potuisse

241 972 305 1036 nisi
328 972 374 1036 sic
395 971 480 1054 fieri,
504 974 541 1034 ut
561 969 748 1054 plenissima
777 970 979 1034 exhiberetur
1007 969 1101 1034 unius
1127 969 1262 1034 alicuius
1285 971 1383 1054 parti·

243 1083 332 1147 culae
364 1082 550 1164 discrepans
584 1081 742 1164 scriptura
775 1081 837 1164 ipsi
870 1080 1037 1144 verborum
1074 1081 1281 1145 continuitati
1313 1082 1383 1145 sub-

242 1193 368 1275 iuncta,
406 1192 505 1256 libros
544 1192 708 1275 complexa
746 1190 859 1256 hosce:
904 1190 1044 1254 codicem
1082 1190 1267 1257 Ohisianum
1306 1191 1382 1278 (A),

243 1302 390 1367 Hudsoni
412 1301 608 1366 Vaticanum
636 1301 710 1386 (B),
744 1300 904 1365 Venetum
927 1301 1105 1386 Sylburgii,
1140 1301 1301 1366 Ambrosii
1323 1301 1384 1366 Ve-

242 1415 335 1477 netos
359 1412 563 1476 chartaceum
591 1411 744 1494 alterum,
776 1412 912 1474 alterum
940 1413 1233 1495 membranaceum,
1265 1411 1384 1475 Medic-

243 1522 408 1586 lanensem
431 1521 696 1603 Ambrosianum,
721 1520 876 1585 editiones
900 1519 1070 1604 Stephani,
1095 1521 1272 1606 Sylburgii,
1296 1521 1418 1586 Eud-2

243 1633 330 1716 soni,
354 1631 488 1696 Reiskii.
534 1630 741 1716 Reliquorum
763 1631 849 1694 enim
871 1631 1033 1714 librorum,
1057 1634 1093 1695 ut
1114 1631 1266 1696 Vaticani
1291 1632 1383 1715 1300,

242 1743 349 1806 nullus
372 1745 421 1806 est
441 1743 477 1806 in
492 1741 653 1827 prooemio
673 1763 758 1806 usus.
787 1741 958 1806 Praeterea
981 1741 1088 1806 addidi
1111 1741 1190 1826 Lepi
1213 1763 1257 1806 an
1271 1741 1385 1827 Lampi

243 1851 543 1935 interpretationem
565 1851 716 1933 latinam,
744 1855 781 1915 ut
802 1872 883 1934 quae
906 1851 948 1915 sit
973 1873 990 1916 e
1014 1851 1174 1917 codicibus
1202 1852 1314 1935 ducta,
1344 1852 1385 1916 ad

243 1962 422 2045 exemplum
449 1961 611 2047 Regiense
639 1961 717 2025 anni
746 1961 827 2025 1498
856 1982 893 2026 eo
915 1965 1168 2046 temperamento
1191 1983 1383 2046 expressam,

242 2076 278 2136 ut
306 2093 366 2136 nec
394 2071 628 2156 putidissimam
660 2091 719 2155 pro
745 2071 831 2135 illius
864 2072 980 2136 aetatis
1013 2093 1100 2136 more
1135 2073 1385 2157 interpungendi

242 2183 400 2247 rationem
422 2204 482 2246 nee
501 2181 662 2246 scribendi
684 2181 943 2265 compendiorum
965 2183 1128 2246 infinitam
1149 2181 1385 2247 multitudinem

242 2314 301 2358 nec
329 2293 613 2377 orthographicum
645 2313 747 2377 genus
775 2313 869 2356 omne
898 2291 991 2356 hodie
1019 2292 1196 2356 obsoletum
1228 2292 1386 2357 inutiliter
1452 2376 1456 2382 Ι

242 2425 420 2486 servarem,
452 2403 691 2487 typothetarum
719 2404 825 2466 autem
853 2423 975 2466 errores
1003 2401 1128 2466 adiecta
1162 2402 1385 2466 emendatione

242 2513 468 2596 significarem.
519 2511 569 2576 Ex
597 2532 634 2576 ea
662 2511 762 2596 igitur
789 2511 1055 2595 interpretatione
1084 2533 1165 2596 quae
1191 2512 1261 2576 fieri
1293 2533 1385 2595 posse

242 2623 281 2686 de
303 2643 420 2708 graeco
450 2621 530 2706 Lapi
558 2621 666 2686 codice
693 2621 893 2686 coniecturae
916 2621 1100 2686 viderentur
1120 2622 1385 2705 -aliquantum

244 2733 330 2797 enim
363 2754 420 2796 sua
453 2735 567 2816 sponte
602 2731 802 2816 intellegitur
837 2732 1023 2816 interpretis
1038 2799 1045 2818 .·
1059 2731 1209 2796 licentiae
1245 2731 1385 2796 dandum

243 2863 375 2908 esse-
402 2847 426 2906 L
454 2842 563 2906 littera
591 2841 712 2906 notavi.
725 2841 756 2926 *)

710 3039 912 3050 α-

326 3171 440 3237 Omnis
463 3171 502 3234 de
524 3193 598 3234 mss.
622 3171 768 3255 Dionysii
799 3170 960 3235 codicibus
989 3171 1164 3255 disputatio
1192 3173 1303 3236 nostra
1330 3172 1384 3235 du·
1405 3185 1436 3232 16

242 3283 316 3365 plex
331 3282 402 3346 erit.
437 3281 580 3344 Primum
602 3279 688 3344 enim
710 3279 926 3363 quaerendum
948 3283 997 3344 est
1019 3280 1057 3344 de
1074 3281 1247 3344 universis:
1271 3281 1385 3346 deinde

242 3413 382 3457 seorsum
404 3390 443 3454 de
459 3390 504 3454 eis
522 3389 703 3472 dicendum,
727 3411 860 3474 quorum
882 3391 974 3454 nobis
998 3390 1038 3454 ad
1061 3389 1276 3454 emendandas
1292 3391 1385 3455 Anti·

242 3503 381 3586 quitates
410 3501 501 3584 eopia
529 3499 617 3564 facta
646 3503 703 3564 est.
754 3499 952 3584 Quamquam
987 3500 1086 3564 etiam
1117 3501 1281 3564 universos
1315 3522 1386 3564 curn

242 3611 330 3694 dica,
359 3632 425 3675 non
454 3611 560 3694 cogito
589 3610 627 3673 de
650 3610 798 3674 omnibus
826 3613 1036 3693 quotcumque
1070 3613 1215 3692 exstant,
1250 3609 1304 3674 sed
1333 3631 1386 3673 eos

243 3723 369 3804 specto,
397 3741 528 3803 quorum
556 3719 670 3804 aliquis
699 3719 870 3804 aliquando
898 3741 972 3784 usus
994 3720 1067 3784 fuit.
1112 3720 1197 3784 Nam
1218 3724 1254 3783 ut
1275 3720 1385 3804 paucis

244 3830 454 3914 complectar,
478 3830 620 3893 omnium
643 3829 833 3894 difficillima
856 3830 1000 3914 quaestio
1022 3829 1102 3894 haec
1125 3833 1190 3912 est,
1214 3851 1276 3912 quo
1292 3829 1386 3893 modo

219 3941 328 4004 ·inter
349 3962 383 4004 se
407 3939 456 4003 vel
480 3939 631 4004 differant
652 3939 703 4003 vel
726 3960 791 4002 non
813 3939 964 4003 differant
985 3939 1130 4022 usurpati
1146 3940 1188 4003 ab
1203 3938 1302 4022 Lapa,
1318 3938 1385 4022 Syl-

243 4113 444 4122 --..-—.-—-

310 4209 337 4276 ⁸)
359 4209 425 4277 [Hic
443 4209 509 4264 olim
528 4211 623 4265 secuta
642 4209 864 4278 enatantem
885 4215 916 4264 15
935 4208 1028 4278 capita
1045 4207 1161 4262 l-Vlll
1179 4208 1384 4276 Antiquitatum

242 4299 346 4368 prima,
369 4301 493 4357 subiecta
514 4301 606 4357 vorbis
629 4301 818 4370 graeciarum
841 4300 1024 4357 adnotatione
1048 4301 1143 4355 critica
1170 4303 1230 4355 tum
1251 4301 1386 4372 interpre-

243 4391 350 4448 tatione
368 4394 437 4464 Lapi
460 4396 559 4451 anna:
589 4413 660 4465 quae
680 4393 773 4450 omnia
790 4411 863 4450 nnnc
880 4413 942 4452 esse
959 4394 1113 4451 resecanda
1129 4394 1320 4464 putarimus]=
