3254 5086
259 337 327 402 ,564
551 311 812 404 ουουουοαινυ
832 353 1116 404 νιυοοοουυυευ.

264 510 418 573 πλοῦτοε;
441 545 484 558 -
505 507 536 573 οἱ
558 509 805 589 πεπαιδευμένοι
826 508 922 574 τόεον
944 507 1131 588 διαφέρουει
1159 509 1226 572 τῶν
1256 507 1407 572 ἀπαιδεύ,

264 639 346 697 των,
373 617 452 685 δεον
479 620 552 685 θεὸε
578 623 646 685 τῶν
674 620 872 714 ἀνθρώπωνι
899 656 942 667 -
970 619 1086 684 πολλοὶ
1118 621 1290 684 δοκοῦντεε
1323 616 1407 684 είναι

265 729 367 811 φίλοι·
400 729 460 795 οῦκ
482 729 537 795 εἰεί
558 730 609 794 καί
630 731 672 794 οῦ
694 734 884 808 δοκοῦντεε,
912 729 975 794 εἰεί.
1020 729 1126 810 εοφὸν
1154 727 1215 794 οῦν
1236 727 1406 806 γινώεκειν

264 839 411 908 ἕκαετοντ
433 877 476 888 -
506 840 631 907 Ταυτάν
657 841 720 906 ἐετι
742 841 858 921 νεκρὸν
887 839 1056 920 ἰατρεύειν·
1085 840 1135 904 καὶ
1162 841 1302 919 γέροντα
1329 858 1406 905 νου-
1420 868 1449 908 2⁵

264 953 377 1017 θετεῑν.

348 1065 414 1126 Fol.
441 1061 532 1126 178³.

261 1171 365 1238 ίππου
397 1159 462 1252 μὲν
488 1171 605 1252 ἀρετὴν
638 1172 674 1240 ἐν
709 1172 856 1256 πολέμῳ·
893 1171 992 1253 φίλου
1026 1172 1062 1236 δὲ
1090 1170 1193 1238 πίετιν
1224 1171 1260 1239 έν
1293 1171 1407 1252 ἀτυχία

263 1283 362 1363 κρίνει
384 1320 429 1333 -
449 1282 565 1363 φίλου(
593 1282 675 1360 ἡγοῦ
697 1283 774 1348 τοῦ(
801 1281 844 1346 είε
867 1281 1028 1362 ὠφέλειάν
1058 1301 1091 1348 τε
1114 1282 1341 1363 ωφελοῦνταει
1363 1318 1407 1331 —-

185 1387 190 1398 ’
264 1392 302 1457 Οἱ
324 1392 469 1472 ἀληθινοὶ
491 1393 580 1473 φίλοι
603 1392 653 1457 καί
674 1393 731 1457 τὰε
753 1391 861 1474 φιλίαι
884 1391 962 1457 ἰδίαε
985 1391 1036 1456 καλ
1063 1392 1119 1456 τάε
1141 1393 1308 1473 ευμφορὰε
1333 1391 1415 1462 ἐλα·.

263 1503 427 1584 φρατέραε
449 1506 589 1568 ποιοῦει·
616 1508 683 1568 τῶν
711 1505 769 1582 μὲν
792 1504 1088 1568 ευναπολαῦοντεε·
1117 1501 1165 1567 ὧν
1193 1503 1229 1566 δὲ
1250 1502 1407 1581 μεταλαμ·
1421 1529 1449 1569 ιο

264 1613 431 1693 βύνοντεει
453 1651 496 1664 -
517 1613 620 1678 Ἔοικε
647 1617 713 1679 τῶν
742 1614 952 1695 φιλαργύρων
980 1613 999 1677 6
1029 1612 1097 1693 βίοε
1124 1615 1242 1692 νεκροῦ
1270 1612 1409 1695 δείπνῳ·

262 1724 452 1804 πάνταγὰρ
474 1725 611 1804 ἔχεικαὶ
639 1725 698 1789 τὸν
720 1723 1025 1806 εύφρανθηεόμενον
1053 1722 1113 1786 οῦκ
1133 1722 1215 1803 ἔχειε
1237 1759 1281 1771 -
1305 1723 1406 1802 Λιμὴν

262 1836 318 1913 μὲν
340 1834 458 1898 πλοίου
480 1833 593 1914 ὄρμοε·
622 1833 693 1914 βίου
715 1835 751 1899 δὲ
773 1833 900 1900 ἀλυπία.
999 1833 1126 1912 τήκεται
1154 1832 1173 1898 6
1200 1835 1257 1912 μὲν
1279 1834 1407 1912 είδηροε

262 1944 353 2024 πυρί·
381 1942 400 2008 6
428 1946 463 2008 δὲ
491 1945 639 2023 λογιεμὸε
666 1945 702 2010 έν
730 1944 832 2028 πόθῳ.
932 1943 962 2009 οἱ
990 1945 1047 2023 μὲν
1074 1942 1203 2023 ἀμαθεῑε
1231 1946 1345 2008 παῑθεε
1367 1943 1408 2008 τὰ

260 2054 444 2134 γράμματα·
467 2053 497 2117 οἱ
519 2056 554 2118 δὲ
576 2052 762 2119 ἀπαίδευτοι
785 2053 916 2133 ἀνδρεε,
944 2055 984 2119 τὰ
1005 2052 1176 2135 πράγματα
1204 2053 1244 2118 ού
1272 2056 1406 2118 ευνιᾶειε
1421 2085 1448 2125 ³⁵

262 2199 304 2212 —
326 2163 401 2228 ούτε
422 2166 504 2242 γυνὴ
527 2166 625 2243 χωρὶε
648 2163 784 2243 ἀνθρὸε,
814 2164 890 2228 οὔτε
913 2163 1003 2228 ἐλπίε
1032 2165 1130 2244 χωρίε
1157 2163 1263 2229 πόνου
1286 2162 1356 2240 άγει
1378 2165 1409 2228 τὶ

262 2275 421 2354 χρήειμον.
508 2275 528 2338 Γ
529 2277 607 2354 ῆραε
630 2275 680 2338 καί
702 2275 797 2340 πενία
819 2276 879 2338 δύο
903 2274 1067 2354 τραύματα
1088 2275 1334 2354 δυεθεράπευτα.
1368 2274 1408 2338 τὸ

262 2385 319 2463 μὲν
342 2387 424 2465 πῦρ,
451 2383 584 2464 ἀνεμοε·
612 2385 671 2451 τὸν
693 2387 729 2449 δὲ
751 2385 857 2464 ἔρωτα
879 2383 898 2463 ἡ
922 2385 1069 2463 ευνήθεια
1090 2383 1219 2448 ἐκκαίειε
1242 2421 1284 2433 —-
1310 2384 1408 2463 Πρω-

262 2494 401 2575 ταγόραε
430 2493 520 2573 ἔλεγε
548 2496 646 2574 μηδὲν
669 2493 789 2577 είναι*)
817 2496 893 2574 μήτε
921 2495 1038 2574 τέχνην
1068 2495 1146 2561 ἀνευ
1177 2495 1309 2574 μελέτηε
1330 2495 1408 2573 μήτε

262 2606 396 2684 μελέτην
418 2603 496 2670 ἄνευ
518 2605 649 2685 τέχνηεε
676 2642 719 2653 -
742 2605 905 2684 διογένηει
932 2642 975 2652 -
1002 2604 1105 2684 ἀρχὴν
1132 2604 1324 2684 μαθημάτων
1351 2606 1448 2676 λα-ιη

263 2715 330 2794 βὼν
352 2714 517 2795 πρόκοπτε
538 2718 576 2792 τῆ
598 2719 658 2780 τοῦ
681 2719 757 2781 θεοῦ
781 2715 890 2798 βουλῇ.
924 2715 1049 2793 Θνητὸε
1069 2714 1226 2795 ὑπάρχων
1241 2715 1407 2794 ἄνθρωπε,

262 2825 421 2890 επούθαζε
443 2826 507 2904 πρὸ
530 2825 682 2902 θανάτου,
705 2827 745 2904 μή
769 2827 895 2890 θανείνε
910 2861 953 2873 -
975 2826 1070 2905 Ἀνὴρ
1093 2826 1197 2904 εοφὸε
1220 2826 1272 2889 καὶ
1295 2825 1407 2904 πένηε,

263 2933 304 2997 οὐ
326 2935 486 3014 δυεχερήο
530 2935 596 3014 ἔχει
622 2936 684 3018 γὰρ
711 2937 769 3014 τὴν
792 2935 911 3016 εοφίαν
933 2935 1003 3000 ἀντὶ
1025 2934 1171 3000 πλούτου
1199 2937 1341 3000 πολλοῦς
1363 2971 1408 2982 -

262 3044 320 3108 τὸν
343 3044 498 3109 πλούειον
521 3043 625 3124 άνθρα
649 3047 698 3109 καί
720 3044 933 3123 ἀπαίδευτον,
955 3045 1063 3124 νόμιζε
1077 3048 1196 3113 τοῦτον
1218 3043 1301 3110 εἶναι
1322 3043 1406 3110 ὄνον

262 3153 551 3234 χρυεοχαλίνωτον.
596 3155 626 3219 ολ
653 3156 689 3220 δὲ
715 3155 832 3221 τούτου
861 3155 1084 3234 ἐγκωμιαεταλ,
1117 3154 1232 3235 άνδρεε
1260 3154 1405 3235 εύλαβεῑε
1419 3179 1447 3218 ω

262 3265 312 3329 καὶ
334 3264 461 3330 ἐνδεεῑε.
505 3265 524 3328 6
546 3265 669 3345 μέλλειε
691 3266 856 3345 πράττειν,
885 3268 925 3346 μὴ
954 3266 1106 3345 πρόλεγε·
1135 3264 1311 3346 ἀποτυχὼν
1331 3265 1406 3345 γὰρ,

260 3375 487 3460 ἐκγελατθήεηε
513 3412 557 3426 ——
585 3375 763 3442 (εκοῦνθοε
791 3375 810 3439 6
844 3375 1027 3457 φιλόεοφοε
1061 3375 1244 3456 έρωτηθείε·
1281 3374 1311 3439 τί
1343 3374 1406 3440 ἐετι

260 3488 341 3566 γυνὴ
365 3487 508 3569 πονηρὰ,
538 3486 616 3565 ἔφη·
643 3487 724 3565 γυνή
752 3487 813 3550 έετι
842 3485 1085 3578 ευνεεθιόμενον
1112 3485 1238 3566 θηρίον·
1266 3505 1404 3562 ευνεγει-

260 3596 379 3675 ρομένη
401 3597 547 3676 μέριμνα·
570 3597 809 3676 ευμπλεκομένη
832 3595 993 3674 ἀεέλγεια·
1017 3596 1251 3676 ευντηρουμένη
1275 3595 1405 3660 λέαινα·

259 3707 439 3787 ἱματιεμένη
470 3706 596 3786 ἔχιδνα·
628 3705 817 3786 αὐθαίρετα(
849 3706 947 3786 μάχη·
983 3705 1222 3786 ευγκοιμωμένη
1257 3703 1404 3784 ἀκραεία·
1419 3731 1447 3770 ιο

260 3817 449 3896 καθημερινὴ
473 3815 579 3895 ῑημία·
604 3814 788 3895 ἀμεριμνίας
813 3815 983 3895 έμπόλιον·
1007 3815 1105 3881 οἰκίαε
1127 3816 1255 3896 χειμὼν.

346 3931 413 3990 Fol.
440 3924 530 3988 179⁸.

261 4036 381 4116 ἀνδρὸε
417 4034 575 4114 ἀκρατοῦε
610 4035 782 4113 ναυάγιον·
824 4035 991 4117 εὔμορφα(
1033 4035 1155 4114 ἐρινύι·
1191 4033 1404 4114 κεκοεμημένη

262 4146 392 4210 εκύλλα·
421 4151 544 4225 μοιχῶν
571 4145 759 4223 κατοικευή·
793 4145 871 4226 βίων
900 4145 1072 4212 ἀνάλωειε·
1100 4146 1280 4225 πολυτελὴε
1307 4144 1405 4209 πόλε-

347 4383 373 4449 *)
391 4383 463 4436 εἶναι
481 4385 551 4436 verbi
567 4387 631 4436 idem
650 4385 719 4450 ρυοιί
734 4399 814 4448 cupra
831 4387 1010 4450 compendium.
