3226 5096
761 1013 825 1122 H.

218 1193 460 1287 Corollariun
491 1192 743 1310 disputationis
774 1194 818 1288 de
850 1195 1072 1290 bibliothecis
1104 1198 1360 1293 Alexandrinis

417 1344 533 1462 dequo
564 1345 747 1440 Pisistrati
778 1347 874 1439 curis
906 1347 1159 1465 llonericisrl

715 1554 864 1562 ψ.-

753 1651 826 1730 §a

413 1765 466 1830 De
490 1768 664 1832 Orameri
687 1769 947 1852 grammatico
971 1769 1164 1833 Parisino,

302 1901 372 1965 Nec
400 1901 538 1965 seribere
566 1903 605 1964 de
634 1902 889 1966 Ptolemaeorrmn
922 1903 1124 1968 bibliothecis
1153 1905 1252 1988 deque
1282 1907 1391 1970 Pisi-1

218 2012 312 2076 strati
347 2011 460 2074 studiis
489 2010 668 2076 Homericis
697 2017 772 2076 ante
805 2013 971 2078 biennium
999 2014 1262 2100 instituissemus,
1297 2017 1359 2080 nisi

219 2122 351 2185 fortuito
374 2121 466 2185 nobis
493 2121 614 2186 scholio
643 2121 698 2184 illo
722 2121 871 2186 Plautino
894 2124 1017 2187 oblato:
1046 2124 1170 2188 fallitur
1193 2125 1279 2189 enim
1307 2127 1360 2210 qui

219 2232 383 2315 proposita
410 2231 449 2294 de
476 2231 585 2294 blaseo
614 2231 833 2295 Alexandrino
866 2234 1051 2316 quaestione
1085 2234 1268 2298 aeandemiea
1302 2259 1360 2298 nos

218 2341 372 2405 inuitatos
395 2340 490 2405 dixit:
514 2362 573 2406 nec
596 2341 631 2404 in
653 2341 698 2405 eis
721 2363 801 2425 quae
824 2345 892 2406 tum
914 2337 1164 2426 scripsimurs'vel
1187 2345 1359 2408 defenden-

219 2451 268 2514 dis
284 2451 333 2514 vel
355 2450 552 2534 corrigendis
575 2451 743 2534 quicquam
766 2473 881 2534 operae
904 2475 989 2516 nrrnrc
1007 2475 1272 2536 consumeremus
1297 2456 1360 2517 nisi

219 2561 251 2624 id
280 2583 299 2622 a
332 2559 424 2624 nobis
455 2560 656 2644 potissimum
690 2561 818 2645 exigere
851 2583 968 2626 novum
1002 2562 1169 2626 inventurn
1201 2561 1360 2626 rideretur

219 2670 415 2733 simillimum
438 2670 545 2753 priori.
591 2669 680 2744 Quod
704 2671 789 2734 enim
811 2693 1051 2754 speraveramus
1081 2673 1150 2735 fore
1173 2676 1208 2735 ut
1230 2695 1246 2734 e
1269 2673 1360 2735 novis

220 2780 362 2843 fontibus
384 2780 455 2864 ipsa
483 2801 600 2863 graeca
624 2782 721 2844 verba
744 2786 947 2863 eruerentur,
977 2803 1057 2865 (puae
1080 2782 1115 2844 in
1138 2781 1273 2846 lentinum
1296 2803 1359 2845 ser-

220 2911 347 2953 monem
385 2888 493 2954 Plauti
529 2890 687 2973 interpres
726 2891 951 2973 convertisset,
996 2891 1028 2954 id
1065 2913 1102 2955 ex
1146 2895 1237 2974 parte
1274 2895 1359 2955 certe

219 2999 364 3063 evenisse
379 3020 444 3063 non
467 2999 537 3062 sine
560 2998 667 3083 aliqua
689 3000 814 3063 laetitia
831 3021 847 3063 e
863 3001 1003 3085 varlgatis
1019 3002 1200 3084 nuperrime
1217 3001 1359 3066 Crameri

220 3108 395 3172 Anecdotis
411 3108 644 3173 parisiensibus
667 3109 892 3173 intelleximus.
930 3108 1053 3173 Horum
1069 3095 1154 3174 einim
1171 3110 1329 3174 vulmnine
1345 3110 1358 3173 1

219 3219 305 3282 inter
332 3219 411 3302 alia,
439 3241 520 3302 quae
544 3219 641 3282 codex
664 3218 785 3303 Regius
805 3219 887 3284 aaut
911 3220 1129 3303 suppeditavit
1155 3223 1227 3300 περὶ
1249 3242 1359 3304 κωμῳ-

218 3331 290 3394 δία(
312 3329 467 3412 inscripta
490 3333 522 3392 et
544 3350 585 3392 ex
611 3333 703 3413 parte
727 3351 798 3393 eum
820 3329 961 3393 Platonii
983 3330 1179 3414 aliorumque
1202 3330 1359 3412 excerptis

220 3438 430 3522 Aristophani
453 3439 616 3522 praemitti
632 3439 733 3502 solitis
750 3461 907 3524 eorrgma,
932 3439 1000 3522 pa
1023 3440 1148 3523 predita
1171 3440 1250 3504 haee
1273 3443 1357 3519 sunt,

219 3569 301 3632 cpuae
332 3571 395 3632 quo
428 3547 621 3614 commodius
651 3571 722 3612 eum
752 3549 863 3613 latinis
893 3555 1171 3632 compararentur,
1207 3571 1277 3613 eum
1309 3549 1359 3612 his

219 3657 348 3722 eisdem·
367 3659 401 3722 in
430 3657 559 3742 paginis
582 3658 830 3742 composuimus,
860 3658 1060 3741 paucissimis
1089 3659 1277 3743 quibusdam
1299 3681 1359 3722 eree

219 3768 290 3832 sine
313 3769 479 3834 notatione
502 3767 663 3832 correctis.

220 3924 424 3932 —mss--m

288 4005 313 4071 *l
333 4003 455 4073 [Editum
473 4003 585 4058 Bonane
604 4022 629 4058 a.
648 4003 821 4060 crocodili,
840 4005 1022 4059 celebrandae
1040 4006 1190 4059 memoriae
1209 4004 1359 4058 immortali

219 4097 314 4151 Liberi
331 4096 448 4150 Batonis
467 4095 558 4151 Caroli
576 4097 612 4151 ab
630 4097 799 4163 tiberialem,
820 4097 848 4150 in
866 4115 953 4166 regno
971 4098 1116 4152 Boreas-sico
1135 4115 1227 4152 rerum
1245 4097 1282 4150 ud
1299 4098 1360 4151 reli-

219 4189 312 4258 gionnis
331 4191 445 4254 cultum,
468 4189 671 4245 institutionem
689 4190 831 4260 publicam
849 4193 878 4245 et
900 4193 990 4245 artem
1008 4191 1143 4245 medicam
1161 4189 1359 4259 pertinentium

219 4299 272 4352 per
293 4281 381 4334 XXIII
405 4299 539 4336 annnorum
562 4284 682 4353 spatium
706 4284 805 4338 summi
827 4283 964 4352 praesidis
993 4301 1026 4338 ae
1049 4282 1233 4338 moderatoris
1260 4283 1359 4338 libera-

219 4373 320 4430 lissimi
337 4375 552 4445 sapientissimi]
