3272 5088
544 349 699 398 nrorrsu
723 349 1073 399 rranrcaasasssasm.
1318 332 1380 396 487

243 502 410 567 historiam
446 506 551 567 textus
589 503 643 588 (ut
670 523 756 566 nunc
784 502 972 587 loquuntur)
1011 501 1109 566 etiam
1141 502 1210 565 sine
1242 502 1382 565 externis

242 613 434 676 testimoniis
462 611 723 676 adumbrandam.
774 613 823 675 Ac
850 611 912 676 fuit
944 610 1116 695 aliquando
1143 634 1225 675 unus
1253 612 1381 696 quidam

245 722 342 787 codex
378 722 619 806 Antiquitatum
654 721 923 804 Dionysianarum
957 725 989 784 et
1022 721 1227 785 emendatior
1247 721 1293 784 eis
1326 723 1380 804 qui

242 830 335 895 hodie
363 833 507 914 exstant,
540 833 572 894 et
595 831 768 894 communis
794 831 867 894 fons
896 830 1067 894 eorundem
1095 830 1246 894 omniurn.
1291 831 1381 905 Quod

245 941 290 1004 ita
319 962 387 1004 esse
415 940 601 1024 planissime
629 962 667 1004 ex
695 962 733 1004 eo
761 940 975 1024 intellegitur,
1004 939 1182 1024 quodcum
1211 940 1320 1003 eodem
1346 941 1380 1004 in

244 1051 313 1114 loco
335 1050 431 1114 medii
453 1050 527 1114 libri
549 1050 710 1114 undecimi
730 1071 840 1114 onmes
855 1049 1015 1132 desinunt,
1038 1053 1107 1112 tum
1123 1049 1248 1112 easdem
1263 1049 1381 1113 ibidem

242 1160 374 1224 lacunas
401 1159 523 1224 habeut
550 1183 621 1224 cum
647 1160 820 1223 falsissima
851 1159 990 1242 partium
1021 1159 1270 1242 transpositione
1308 1181 1380 1223 con-

243 1270 378 1334 iunctae.
410 1269 487 1333 Eius
511 1269 627 1334 codicis
650 1270 752 1333 bonae
774 1269 952 1352 scripturae
974 1270 1009 1332 in
1025 1290 1133 1333 eorum
1153 1269 1286 1350 nullum,
1303 1291 1380 1353 quos

242 1379 368 1462 quidem
390 1401 476 1444 nuno
499 1380 650 1462 norimurr,
675 1378 883 1462 aequabiliter
905 1381 1102 1463 propagatae
1125 1382 1210 1461 sunt,
1229 1378 1284 1441 sed
1300 1383 1380 1442 tam-

242 1511 336 1573 quam
358 1489 508 1553 bifariam
531 1489 720 1552 distributae
742 1489 776 1552 in
792 1488 870 1552 duas
884 1491 992 1571 partes
1015 1488 1192 1572 promiscue
1214 1510 1380 1572 permana-

242 1602 327 1681 runt,
351 1599 470 1662 mixtae
492 1598 659 1682 utrobique
682 1598 788 1681 pravis
810 1598 862 1661 vel
884 1619 960 1662 casu
980 1599 1031 1661 vel
1053 1597 1197 1662 socordia
1219 1601 1256 1660 ut
1273 1599 1311 1662 fit
1332 1600 1380 1663 in·

242 1708 351 1772 vectis.
379 1708 430 1771 lta
446 1708 561 1792 duplex
577 1707 733 1792 quaedam
754 1708 897 1772 recensio
920 1707 1044 1771 exstitit
1064 1708 1182 1771 nullius
1204 1708 1260 1772 illa
1276 1709 1381 1772 studio

243 1819 275 1880 et
297 1817 428 1881 consilio
456 1821 542 1900 orta,
573 1839 667 1901 quam
696 1817 772 1881 licet
798 1817 833 1880 in
859 1816 1011 1881 Chisiano
1033 1821 1127 1900 atque
1150 1816 1307 1881 Vrbinate
1330 1841 1380 1882 co-

242 1947 411 2011 gnoscere:
435 1928 481 1990 ita
503 1931 612 1992 tamen
633 1930 670 1990 ut
684 1927 785 1990 maior
799 1927 832 1989 in
848 1927 904 1990 illa
919 1927 962 1990 sit
975 1927 1141 2008 bonarum,
1155 1926 1189 1990 in
1204 1928 1265 1991 hae
1279 1928 1381 1992 maior

241 2058 390 2100 numerus
411 2059 582 2119 pravarum
604 2037 842 2120 scripturarum.
888 2035 939 2098 nd
961 2035 1045 2100 hanc
1063 2035 1180 2100 Veneti
1204 2038 1377 2120 pertinent,

242 2145 296 2210 sed
318 2146 372 2230 qui
395 2147 552 2230 gliscente
574 2146 802 2230 depravatione
824 2146 951 2229 longius
974 2127 1078 2209 etiam
1092 2169 1111 2208 a
1126 2146 1263 2229 pristina
1277 2147 1380 2211 forma

241 2256 446 2338 recesserint;
475 2255 514 2318 ad
543 2256 632 2319 illam
663 2255 843 2336 Parisinus,
874 2255 928 2318 sed
956 2256 984 2318 is
1006 2255 1132 2339 quidem
1158 2259 1208 2319 tot
1234 2257 1325 2320 novis
1348 2261 1380 2320 et

242 2365 498 2449 corruptionibus
514 2369 546 2428 et
561 2365 784 2430 omissionibus
807 2365 955 2447 deterior,
979 2369 1094 2428 utnon
1109 2365 1263 2446 impediat
1278 2368 1380 2430 maior

241 2474 297 2538 illa
320 2475 463 2540 Chisiani
487 2496 558 2538 curn
575 2474 733 2539 Vrbinate
755 2475 931 2556 comparati
953 2475 1167 2557 praestantia,
1191 2497 1252 2557 quo
1274 2476 1379 2539 minus

241 2585 282 2647 ab
310 2584 380 2666 ipso
407 2583 566 2647 Vrbinate
600 2584 696 2668 longe
729 2584 873 2648 bonitate
900 2583 1064 2647 Parisinus
1097 2586 1271 2667 superetur.
1318 2584 1379 2649 Sed

240 2697 349 2757 tamen
371 2693 405 2757 in
420 2693 481 2756 hac
496 2692 610 2758 harum
631 2714 736 2756 rerum
760 2690 945 2757 condicione
959 2683 1034 2756 ¹non
1048 2697 1154 2776 potest
1168 2693 1283 2756 mirum
1299 2715 1377 2778 esse,

240 2802 342 2867 sicubi
364 2803 510 2866 velimus
524 2802 688 2865 Parisinus
710 2802 879 2885 pristinam
902 2825 939 2866 ac
961 2824 1069 2866 veram
1091 2803 1281 2886 scripturam
1304 2826 1378 2868 casu

240 2913 385 2996 servarit,
402 2911 485 2996 quod
501 2912 561 2974 etsi
583 2912 744 2974 rarissime
766 2911 963 2994 factumest,
980 2912 1101 2975 factum
1116 2916 1225 2976 tamen
1242 2914 1379 2979 arbitror

240 3021 365 3086 adiecto
380 3043 411 3104 p.
425 3021 456 3102 4,
469 3021 511 3085 25
526 3025 593 3086 τοῑ(
608 3021 753 3104 articula,
771 3043 808 3084 aa
823 3022 940 3085 rectius
956 3043 1051 3106 quam
1066 3021 1099 3085 in
1114 3023 1244 3107 reliquis
1260 3025 1378 3108 scripto

239 3130 270 3212 2,
286 3131 338 3194 23.
363 3131 392 3212 Ἰ,
409 3130 460 3194 25.
485 3130 515 3213 8,
535 3130 556 3191 2
579 3134 806 3210 καταχωρῑεαι,
829 3132 1118 3211 καταχωρίεαντοε,
1143 3133 1279 3210 Kiraios:
1302 3157 1377 3198 nam

239 3239 270 3321 9,
282 3239 325 3304 24
339 3241 489 3317 Ῥωμαῖοι
503 3239 551 3303 uti
566 3239 676 3322 nolim,
693 3238 747 3302 ubi
764 3241 943 3303 consentire
958 3239 1185 3305 Hudsonianus
1200 3243 1356 3308 videatur.

323 3347 414 3412 Licet
435 3351 542 3412 autem
572 3349 656 3411 hano
678 3369 805 3412 omnem
827 3350 983 3413 rationem
1006 3348 1067 3414 hoc
1090 3351 1225 3415 artificio
1253 3373 1377 3435 reprae;

239 3461 383 3521 sentare:

527 3919 701 4141 su
887 3913 1052 4116 fr

440 4142 610 4207 Ohisianus
706 4125 752 4232 *tx
819 4130 960 4194 Vrbinas
1041 4114 1085 4201 vili

753 4235 769 4276 l
1087 4209 1125 4318 t

681 4333 845 4397 Parisinus
1040 4329 1182 4394 Venetus
