<?xml version="1.0" encoding="UTF-8"?>
<!DOCTYPE html PUBLIC "-//W3C//DTD XHTML 1.0 Transitional//EN"
    "http://www.w3.org/TR/xhtml1/DTD/xhtml1-transitional.dtd">
<html xmlns="http://www.w3.org/1999/xhtml" xml:lang="en" lang="en">
 <head>
  <title>
</title>
<meta http-equiv="Content-Type" content="text/html;charset=utf-8" />
  <meta name='ocr-system' content='tesseract 3.04.00' />
  <meta name='ocr-capabilities' content='ocr_page ocr_carea ocr_par ocr_line ocrx_word'/>
</head>
<body>
  <div class='ocr_page' id='page_1' title='image "./fridericiritsch11wachgoog_0639.png"; bbox 0 0 3218 5094; ppageno 0'>
   <div class='ocr_carea' id='block_1_1' title="bbox 266 343 1020 404">
    <p class='ocr_par' dir='ltr' id='par_1_1' title="bbox 266 343 1020 404">
     <span class='ocr_line' id='line_1_1' title="bbox 266 343 1020 404; baseline -0.005 0"><span class='ocrx_word' id='word_1_1' title='bbox 266 343 328 404; x_wconf 79' lang='grc'>616</span> <span class='ocrx_word' id='word_1_2' title='bbox 647 355 694 402; x_wconf 83' lang='lat' dir='ltr'>nu</span> <span class='ocrx_word' id='word_1_3' title='bbox 718 355 787 403; x_wconf 84' lang='lat' dir='ltr'>ouo</span> <span class='ocrx_word' id='word_1_4' title='bbox 811 355 855 402; x_wconf 83' lang='lat' dir='ltr'>ur</span> <span class='ocrx_word' id='word_1_5' title='bbox 878 355 1020 402; x_wconf 83' lang='lat' dir='ltr'>oaroaa.</span> 
     </span>
    </p>
   </div>
   <div class='ocr_carea' id='block_1_2' title="bbox 267 505 1408 814">
    <p class='ocr_par' dir='ltr' id='par_1_2' title="bbox 267 505 1408 814">
     <span class='ocr_line' id='line_1_2' title="bbox 267 505 1408 592; baseline -0.006 -16"><span class='ocrx_word' id='word_1_6' title='bbox 267 533 337 575; x_wconf 92' lang='lat' dir='ltr'>rum</span> <span class='ocrx_word' id='word_1_7' title='bbox 361 511 401 574; x_wconf 90' lang='lat' dir='ltr'>ab</span> <span class='ocrx_word' id='word_1_8' title='bbox 417 510 481 575; x_wconf 89' lang='lat' dir='ltr'>Oro</span> <span class='ocrx_word' id='word_1_9' title='bbox 505 510 684 592; x_wconf 87' lang='lat' dir='ltr'>citatorum,</span> <span class='ocrx_word' id='word_1_10' title='bbox 708 529 801 592; x_wconf 91' lang='lat' dir='ltr'>quem</span> <span class='ocrx_word' id='word_1_11' title='bbox 824 511 844 588; x_wconf 67' lang='grc' dir='ltr'>ξ</span> <span class='ocrx_word' id='word_1_12' title='bbox 865 507 906 571; x_wconf 80' lang='grc'>26</span> <span class='ocrx_word' id='word_1_13' title='bbox 930 505 1164 590; x_wconf 76' lang='lat' dir='ltr'>exhibebimus,</span> <span class='ocrx_word' id='word_1_14' title='bbox 1187 506 1286 570; x_wconf 89' lang='lat' dir='ltr'>altero</span> <span class='ocrx_word' id='word_1_15' title='bbox 1309 505 1408 569; x_wconf 85' lang='lat' dir='ltr'>etiam</span> 
     </span>
     <span class='ocr_line' id='line_1_3' title="bbox 268 615 1408 705; baseline -0.006 -21"><span class='ocrx_word' id='word_1_16' title='bbox 268 621 391 704; x_wconf 78' lang='lat' dir='ltr'>aptiore</span> <span class='ocrx_word' id='word_1_17' title='bbox 423 620 498 702; x_wconf 89' lang='lat' dir='ltr'>hoc,</span> <span class='ocrx_word' id='word_1_18' title='bbox 538 620 620 705; x_wconf 92' lang='lat' dir='ltr'>quod</span> <span class='ocrx_word' id='word_1_19' title='bbox 655 617 826 682; x_wconf 87' lang='lat' dir='ltr'>eorundem</span> <span class='ocrx_word' id='word_1_20' title='bbox 864 617 1121 680; x_wconf 76' lang='lat' dir='ltr'>convenientiam</span> <span class='ocrx_word' id='word_1_21' title='bbox 1153 615 1408 680; x_wconf 72' lang='lat' dir='ltr'>testimoniorum</span> 
     </span>
     <span class='ocr_line' id='line_1_4' title="bbox 269 726 1408 814; baseline -0.005 -21"><span class='ocrx_word' id='word_1_22' title='bbox 269 731 365 794; x_wconf 87' lang='lat' dir='ltr'>etiam</span> <span class='ocrx_word' id='word_1_23' title='bbox 381 730 415 793; x_wconf 92' lang='lat' dir='ltr'>in</span> <span class='ocrx_word' id='word_1_24' title='bbox 431 730 580 814; x_wconf 82' lang='lat' dir='ltr'>congruis</span> <span class='ocrx_word' id='word_1_25' title='bbox 597 729 653 794; x_wconf 85' lang='lat' dir='ltr'>Ori</span> <span class='ocrx_word' id='word_1_26' title='bbox 677 732 709 792; x_wconf 91' lang='lat' dir='ltr'>et</span> <span class='ocrx_word' id='word_1_27' title='bbox 725 728 853 793; x_wconf 85' lang='lat' dir='ltr'>Orionis</span> <span class='ocrx_word' id='word_1_28' title='bbox 876 727 1006 790; x_wconf 88' lang='lat' dir='ltr'>vocibus</span> <span class='ocrx_word' id='word_1_29' title='bbox 1028 749 1095 790; x_wconf 93' lang='lat' dir='ltr'>non</span> <span class='ocrx_word' id='word_1_30' title='bbox 1110 726 1206 790; x_wconf 90' lang='lat' dir='ltr'>nullis</span> <span class='ocrx_word' id='word_1_31' title='bbox 1228 729 1408 790; x_wconf 85' lang='lat' dir='ltr'>monstrare</span> 
     </span>
    </p>
   </div>
   <div class='ocr_carea' id='block_1_3' title="bbox 269 838 1409 1032">
    <p class='ocr_par' dir='ltr' id='par_1_3' title="bbox 269 838 1409 1032">
     <span class='ocr_line' id='line_1_5' title="bbox 269 838 1409 922; baseline 0 -20"><span class='ocrx_word' id='word_1_32' title='bbox 269 840 354 903; x_wconf 87' lang='lat' dir='ltr'>licet.</span> <span class='ocrx_word' id='word_1_33' title='bbox 399 839 445 903; x_wconf 90' lang='lat' dir='ltr'>Vt</span> <span class='ocrx_word' id='word_1_34' title='bbox 466 839 634 902; x_wconf 87' lang='lat' dir='ltr'>Philoxeni</span> <span class='ocrx_word' id='word_1_35' title='bbox 657 840 693 903; x_wconf 83' lang='grc' dir='ltr'>ἐν</span> <span class='ocrx_word' id='word_1_36' title='bbox 715 847 761 922; x_wconf 83' lang='grc' dir='ltr'>τῷ</span> <span class='ocrx_word' id='word_1_37' title='bbox 785 840 857 917; x_wconf 87' lang='grc' dir='ltr'>περὶ</span> <span class='ocrx_word' id='word_1_38' title='bbox 871 839 1038 917; x_wconf 85' lang='grc' dir='ltr'>Ῥωμαίων</span> <span class='ocrx_word' id='word_1_39' title='bbox 1060 839 1226 903; x_wconf 83' lang='grc' dir='ltr'>διαλέκτου</span> <span class='ocrx_word' id='word_1_40' title='bbox 1248 859 1277 900; x_wconf 84' lang='lat' dir='ltr'>v.</span> <span class='ocrx_word' id='word_1_41' title='bbox 1302 838 1409 915; x_wconf 80' lang='grc' dir='ltr'>ξέςπις</span> 
     </span>
     <span class='ocr_line' id='line_1_6' title="bbox 270 945 1408 1032; baseline -0.004 -18"><span class='ocrx_word' id='word_1_42' title='bbox 270 951 324 1014; x_wconf 88' lang='lat' dir='ltr'>Or.</span> <span class='ocrx_word' id='word_1_43' title='bbox 356 971 388 1032; x_wconf 92' lang='lat' dir='ltr'>p.</span> <span class='ocrx_word' id='word_1_44' title='bbox 414 949 489 1032; x_wconf 77' lang='lat'><strong>112,</strong></span> <span class='ocrx_word' id='word_1_45' title='bbox 516 952 570 1030; x_wconf 80' lang='lat'>15,</span> <span class='ocrx_word' id='word_1_46' title='bbox 601 950 654 1012; x_wconf 84' lang='lat' dir='ltr'>Et.</span> <span class='ocrx_word' id='word_1_47' title='bbox 679 949 722 1011; x_wconf 93' lang='lat' dir='ltr'>M.</span> <span class='ocrx_word' id='word_1_48' title='bbox 747 948 824 1028; x_wconf 79' lang='grc'><strong>611,</strong></span> <span class='ocrx_word' id='word_1_49' title='bbox 857 950 890 1028; x_wconf 79' lang='lat'>13</span> <span class='ocrx_word' id='word_1_50' title='bbox 918 945 1099 1010; x_wconf 80' lang='lat' dir='ltr'>Heraclidis</span> <span class='ocrx_word' id='word_1_51' title='bbox 1127 947 1207 1031; x_wconf 83' lang='lat' dir='ltr'>(non</span> <span class='ocrx_word' id='word_1_52' title='bbox 1234 945 1408 1010; x_wconf 79' lang='lat' dir='ltr'>Heracliti:</span> 
     </span>
    </p>
   </div>
   <div class='ocr_carea' id='block_1_4' title="bbox 269 1054 1411 1360">
    <p class='ocr_par' dir='ltr' id='par_1_4' title="bbox 269 1054 1411 1360">
     <span class='ocr_line' id='line_1_7' title="bbox 269 1054 1408 1142; baseline -0.004 -20"><span class='ocrx_word' id='word_1_53' title='bbox 269 1059 340 1122; x_wconf 91' lang='lat' dir='ltr'>vide</span> <span class='ocrx_word' id='word_1_54' title='bbox 363 1058 440 1123; x_wconf 91' lang='lat' dir='ltr'>Zon.</span> <span class='ocrx_word' id='word_1_55' title='bbox 465 1082 497 1141; x_wconf 90' lang='lat' dir='ltr'>p.</span> <span class='ocrx_word' id='word_1_56' title='bbox 517 1059 611 1142; x_wconf 77' lang='lat'><strong>1655)</strong></span> <span class='ocrx_word' id='word_1_57' title='bbox 654 1062 668 1120; x_wconf 90' lang='lat' dir='ltr'>t</span> <span class='ocrx_word' id='word_1_58' title='bbox 689 1056 867 1120; x_wconf 86' lang='lat' dir='ltr'>Herodiani</span> <span class='ocrx_word' id='word_1_59' title='bbox 889 1079 918 1120; x_wconf 85' lang='lat' dir='ltr'>v.</span> <span class='ocrx_word' id='word_1_60' title='bbox 941 1057 1052 1122; x_wconf 76' lang='lat' dir='ltr'>rubroc</span> <span class='ocrx_word' id='word_1_61' title='bbox 1076 1056 1130 1120; x_wconf 87' lang='lat' dir='ltr'>Or.</span> <span class='ocrx_word' id='word_1_62' title='bbox 1150 1058 1220 1138; x_wconf 89' lang='lat'><strong>147,</strong></span> <span class='ocrx_word' id='word_1_63' title='bbox 1238 1057 1267 1139; x_wconf 91' lang='lat'>7,</span> <span class='ocrx_word' id='word_1_64' title='bbox 1291 1054 1345 1119; x_wconf 77' lang='lat' dir='ltr'>ut.</span> <span class='ocrx_word' id='word_1_65' title='bbox 1362 1054 1408 1118; x_wconf 92' lang='lat' dir='ltr'>M.</span> 
     </span>
     <span class='ocr_line' id='line_1_8' title="bbox 270 1165 1408 1251; baseline -0.004 -19"><span class='ocrx_word' id='word_1_66' title='bbox 270 1169 342 1251; x_wconf 83' lang='lat'><strong>719,</strong></span> <span class='ocrx_word' id='word_1_67' title='bbox 366 1171 423 1251; x_wconf 78' lang='lat'>333</span> <span class='ocrx_word' id='word_1_68' title='bbox 445 1168 572 1232; x_wconf 83' lang='lat' dir='ltr'>irenaei</span> <span class='ocrx_word' id='word_1_69' title='bbox 594 1191 624 1231; x_wconf 87' lang='lat' dir='ltr'>v.</span> <span class='ocrx_word' id='word_1_70' title='bbox 642 1168 794 1247; x_wconf 85' lang='grc' dir='ltr'>ὑπηρέςια</span> <span class='ocrx_word' id='word_1_71' title='bbox 818 1166 872 1230; x_wconf 88' lang='lat' dir='ltr'>Or.</span> <span class='ocrx_word' id='word_1_72' title='bbox 895 1189 926 1248; x_wconf 89' lang='lat' dir='ltr'>p.</span> <span class='ocrx_word' id='word_1_73' title='bbox 947 1167 1018 1249; x_wconf 83' lang='lat'><strong>157,</strong></span> <span class='ocrx_word' id='word_1_74' title='bbox 1034 1169 1065 1250; x_wconf 83' lang='grc'>4,</span> <span class='ocrx_word' id='word_1_75' title='bbox 1089 1166 1141 1230; x_wconf 83' lang='lat' dir='ltr'>Et.</span> <span class='ocrx_word' id='word_1_76' title='bbox 1160 1166 1203 1230; x_wconf 91' lang='lat' dir='ltr'>M.</span> <span class='ocrx_word' id='word_1_77' title='bbox 1220 1188 1249 1248; x_wconf 93' lang='lat' dir='ltr'>p.</span> <span class='ocrx_word' id='word_1_78' title='bbox 1267 1165 1338 1247; x_wconf 84' lang='lat'><strong>780,</strong></span> <span class='ocrx_word' id='word_1_79' title='bbox 1355 1165 1408 1228; x_wconf 86' lang='grc'>49.</span> 
     </span>
     <span class='ocr_line' id='line_1_9' title="bbox 270 1275 1411 1360; baseline -0.004 -18"><span class='ocrx_word' id='word_1_80' title='bbox 270 1279 379 1342; x_wconf 91' lang='lat' dir='ltr'>Vnum</span> <span class='ocrx_word' id='word_1_81' title='bbox 408 1279 474 1341; x_wconf 89' lang='lat' dir='ltr'>cius</span> <span class='ocrx_word' id='word_1_82' title='bbox 503 1278 588 1340; x_wconf 92' lang='lat' dir='ltr'>modi</span> <span class='ocrx_word' id='word_1_83' title='bbox 615 1277 731 1340; x_wconf 88' lang='lat' dir='ltr'>litteris</span> <span class='ocrx_word' id='word_1_84' title='bbox 760 1276 958 1360; x_wconf 84' lang='lat' dir='ltr'>consignabo</span> <span class='ocrx_word' id='word_1_85' title='bbox 965 1326 973 1358; x_wconf 89' lang='lat'><strong>,</strong></span> <span class='ocrx_word' id='word_1_86' title='bbox 1007 1279 1044 1339; x_wconf 91' lang='lat' dir='ltr'>ut</span> <span class='ocrx_word' id='word_1_87' title='bbox 1071 1277 1200 1340; x_wconf 88' lang='lat' dir='ltr'>ultimos</span> <span class='ocrx_word' id='word_1_88' title='bbox 1229 1297 1267 1339; x_wconf 87' lang='lat' dir='ltr'>ex</span> <span class='ocrx_word' id='word_1_89' title='bbox 1293 1275 1411 1338; x_wconf 89' lang='lat' dir='ltr'>animis</span> 
     </span>
    </p>
   </div>
   <div class='ocr_carea' id='block_1_5' title="bbox 271 1385 1412 1580">
    <p class='ocr_par' dir='ltr' id='par_1_5' title="bbox 271 1385 1412 1580">
     <span class='ocr_line' id='line_1_10' title="bbox 271 1385 1412 1471; baseline -0.003 -20"><span class='ocrx_word' id='word_1_90' title='bbox 271 1388 436 1471; x_wconf 89' lang='lat' dir='ltr'>scrupulos</span> <span class='ocrx_word' id='word_1_91' title='bbox 459 1387 603 1451; x_wconf 86' lang='lat' dir='ltr'>evellam.</span> <span class='ocrx_word' id='word_1_92' title='bbox 634 1386 683 1450; x_wconf 92' lang='lat' dir='ltr'>De</span> <span class='ocrx_word' id='word_1_93' title='bbox 705 1387 792 1466; x_wconf 81' lang='grc' dir='ltr'>ἧπαρ</span> <span class='ocrx_word' id='word_1_94' title='bbox 814 1407 890 1450; x_wconf 83' lang='lat' dir='ltr'>voce</span> <span class='ocrx_word' id='word_1_95' title='bbox 913 1390 986 1468; x_wconf 88' lang='lat' dir='ltr'>post</span> <span class='ocrx_word' id='word_1_96' title='bbox 1008 1386 1071 1449; x_wconf 87' lang='lat' dir='ltr'>alia</span> <span class='ocrx_word' id='word_1_97' title='bbox 1093 1386 1249 1470; x_wconf 85' lang='lat' dir='ltr'>quaedam</span> <span class='ocrx_word' id='word_1_98' title='bbox 1270 1385 1315 1448; x_wconf 89' lang='lat' dir='ltr'>sic</span> <span class='ocrx_word' id='word_1_99' title='bbox 1339 1406 1412 1448; x_wconf 90' lang='lat' dir='ltr'>cum</span> 
     </span>
     <span class='ocr_line' id='line_1_11' title="bbox 272 1493 1108 1580; baseline -0.001 -19"><span class='ocrx_word' id='word_1_100' title='bbox 272 1497 349 1562; x_wconf 88' lang='lat' dir='ltr'>Orio</span> <span class='ocrx_word' id='word_1_101' title='bbox 370 1497 504 1560; x_wconf 87' lang='lat' dir='ltr'>tradidit</span> <span class='ocrx_word' id='word_1_102' title='bbox 526 1519 557 1580; x_wconf 88' lang='lat' dir='ltr'>p.</span> <span class='ocrx_word' id='word_1_103' title='bbox 582 1497 633 1578; x_wconf 87' lang='grc'>68,</span> <span class='ocrx_word' id='word_1_104' title='bbox 657 1497 678 1559; x_wconf 90' lang='grc'>4</span> <span class='ocrx_word' id='word_1_105' title='bbox 700 1501 769 1560; x_wconf 89' lang='lat' dir='ltr'>tum</span> <span class='ocrx_word' id='word_1_106' title='bbox 792 1493 933 1558; x_wconf 86' lang='lat' dir='ltr'>Zonaras</span> <span class='ocrx_word' id='word_1_107' title='bbox 956 1518 985 1578; x_wconf 91' lang='lat' dir='ltr'>p.</span> <span class='ocrx_word' id='word_1_108' title='bbox 1014 1496 1108 1560; x_wconf 86' lang='lat'><strong>1001:</strong></span> 
     </span>
    </p>
   </div>
   <div class='ocr_carea' id='block_1_6' title="bbox 510 1689 1198 1755">
    <p class='ocr_par' dir='ltr' id='par_1_6' title="bbox 510 1689 1198 1755">
     <span class='ocr_line' id='line_1_12' title="bbox 510 1689 1198 1755; baseline -0.001 -1"><span class='ocrx_word' id='word_1_109' title='bbox 510 1690 586 1755; x_wconf 90' lang='lat' dir='ltr'>Orio</span> <span class='ocrx_word' id='word_1_110' title='bbox 1057 1689 1198 1754; x_wconf 82' lang='lat' dir='ltr'>Zonaras</span> 
     </span>
    </p>
   </div>
   <div class='ocr_carea' id='block_1_7' title="bbox 150 1827 1414 2660">
    <p class='ocr_par' dir='ltr' id='par_1_7' title="bbox 150 1827 1414 2660">
     <span class='ocr_line' id='line_1_13' title="bbox 273 1827 1412 1910; baseline -0.003 -17"><span class='ocrx_word' id='word_1_111' title='bbox 273 1829 607 1906; x_wconf 78' lang='grc' dir='ltr'>δδὲἩρωδιανὸς</span> <span class='ocrx_word' id='word_1_112' title='bbox 630 1829 664 1894; x_wconf 87' lang='grc' dir='ltr'>ἐν</span> <span class='ocrx_word' id='word_1_113' title='bbox 689 1833 733 1910; x_wconf 85' lang='grc' dir='ltr'>τῷ</span> <span class='ocrx_word' id='word_1_114' title='bbox 757 1848 828 1906; x_wconf 87' lang='grc' dir='ltr'>ςυμ-</span> <span class='ocrx_word' id='word_1_115' title='bbox 855 1828 874 1891; x_wconf 85' lang='grc' dir='ltr'>ὁ</span> <span class='ocrx_word' id='word_1_116' title='bbox 906 1828 947 1891; x_wconf 79' lang='grc' dir='ltr'>δὲ</span> <span class='ocrx_word' id='word_1_117' title='bbox 980 1827 1220 1905; x_wconf 88' lang='grc' dir='ltr'>Ἡρωδιανὸς</span> <span class='ocrx_word' id='word_1_118' title='bbox 1253 1827 1341 1904; x_wconf 88' lang='grc' dir='ltr'>παρὰ</span> <span class='ocrx_word' id='word_1_119' title='bbox 1374 1828 1412 1890; x_wconf 89' lang='grc' dir='ltr'>τὸ</span> 
     </span>
     <span class='ocr_line' id='line_1_14' title="bbox 273 1936 1413 2021; baseline -0.001 -21"><span class='ocrx_word' id='word_1_120' title='bbox 273 1938 375 2021; x_wconf 84' lang='grc' dir='ltr'>ποςῑῳ</span> <span class='ocrx_word' id='word_1_121' title='bbox 398 1938 486 2015; x_wconf 88' lang='grc' dir='ltr'>παρὰ</span> <span class='ocrx_word' id='word_1_122' title='bbox 508 1938 544 2001; x_wconf 89' lang='grc' dir='ltr'>τὸ</span> <span class='ocrx_word' id='word_1_123' title='bbox 566 1937 746 2016; x_wconf 85' lang='grc' dir='ltr'>ἐπαίρεςθαί</span> <span class='ocrx_word' id='word_1_124' title='bbox 768 1959 829 2016; x_wconf 84' lang='grc' dir='ltr'>φη·</span> <span class='ocrx_word' id='word_1_125' title='bbox 856 1936 1035 2016; x_wconf 81' lang='grc' dir='ltr'>ἐπαίρεςθαί</span> <span class='ocrx_word' id='word_1_126' title='bbox 1057 1958 1162 2017; x_wconf 79' lang='grc' dir='ltr'>φηςιν,</span> <span class='ocrx_word' id='word_1_127' title='bbox 1186 1937 1257 2002; x_wconf 76' lang='grc' dir='ltr'>οἷον</span> <span class='ocrx_word' id='word_1_128' title='bbox 1279 1936 1362 2014; x_wconf 85' lang='grc' dir='ltr'>ἔπαρ</span> <span class='ocrx_word' id='word_1_129' title='bbox 1384 1957 1413 1999; x_wconf 86' lang='grc' dir='ltr'>τι</span> 
     </span>
     <span class='ocr_line' id='line_1_15' title="bbox 150 2045 1412 2131; baseline -0.005 -16"><span class='ocrx_word' id='word_1_130' title='bbox 150 2103 153 2115; x_wconf 95' lang='grc'><strong>.</strong></span> <span class='ocrx_word' id='word_1_131' title='bbox 274 2067 331 2123; x_wconf 87' lang='grc' dir='ltr'>ςιν,</span> <span class='ocrx_word' id='word_1_132' title='bbox 351 2047 433 2126; x_wconf 82' lang='grc' dir='ltr'>ἔπαρ</span> <span class='ocrx_word' id='word_1_133' title='bbox 448 2067 476 2111; x_wconf 88' lang='grc' dir='ltr'>τι</span> <span class='ocrx_word' id='word_1_134' title='bbox 492 2045 542 2123; x_wconf 86' lang='grc' dir='ltr'>ὄν,</span> <span class='ocrx_word' id='word_1_135' title='bbox 558 2048 608 2111; x_wconf 87' lang='grc' dir='ltr'>καὶ</span> <span class='ocrx_word' id='word_1_136' title='bbox 622 2047 708 2125; x_wconf 75' lang='grc' dir='ltr'>ἧπαρ</span> <span class='ocrx_word' id='word_1_137' title='bbox 724 2053 828 2131; x_wconf 83' lang='grc' dir='ltr'>τροπῇ</span> <span class='ocrx_word' id='word_1_138' title='bbox 858 2047 896 2111; x_wconf 91' lang='grc' dir='ltr'>ὂν</span> <span class='ocrx_word' id='word_1_139' title='bbox 920 2047 969 2110; x_wconf 89' lang='grc' dir='ltr'>καὶ</span> <span class='ocrx_word' id='word_1_140' title='bbox 991 2046 1088 2126; x_wconf 80' lang='grc' dir='ltr'>ἧπαρ.</span> <span class='ocrx_word' id='word_1_141' title='bbox 1115 2048 1135 2125; x_wconf 86' lang='grc' dir='ltr'>ἢ</span> <span class='ocrx_word' id='word_1_142' title='bbox 1164 2047 1251 2124; x_wconf 89' lang='grc' dir='ltr'>παρὰ</span> <span class='ocrx_word' id='word_1_143' title='bbox 1278 2047 1315 2110; x_wconf 88' lang='grc' dir='ltr'>τὸ</span> <span class='ocrx_word' id='word_1_144' title='bbox 1343 2045 1412 2123; x_wconf 89' lang='grc' dir='ltr'>ἥδω</span> 
     </span>
     <span class='ocr_line' id='line_1_16' title="bbox 273 2155 1413 2238; baseline -0.003 -17"><span class='ocrx_word' id='word_1_145' title='bbox 273 2161 332 2221; x_wconf 83' lang='grc' dir='ltr'>τοῦ</span> <span class='ocrx_word' id='word_1_146' title='bbox 361 2162 376 2220; x_wconf 80' lang='grc' dir='ltr'>ἑ</span> <span class='ocrx_word' id='word_1_147' title='bbox 403 2157 446 2220; x_wconf 86' lang='grc' dir='ltr'>εἰς</span> <span class='ocrx_word' id='word_1_148' title='bbox 474 2159 500 2238; x_wconf 79' lang='grc' dir='ltr'>ἦ.</span> <span class='ocrx_word' id='word_1_149' title='bbox 534 2157 553 2234; x_wconf 89' lang='grc' dir='ltr'>ἢ</span> <span class='ocrx_word' id='word_1_150' title='bbox 582 2157 670 2236; x_wconf 90' lang='grc' dir='ltr'>παρὰ</span> <span class='ocrx_word' id='word_1_151' title='bbox 696 2157 733 2222; x_wconf 90' lang='grc' dir='ltr'>τὸ</span> <span class='ocrx_word' id='word_1_152' title='bbox 761 2157 829 2234; x_wconf 83' lang='grc' dir='ltr'>ἥδιιι</span> <span class='ocrx_word' id='word_1_153' title='bbox 856 2159 893 2221; x_wconf 85' lang='grc' dir='ltr'>τὸ</span> <span class='ocrx_word' id='word_1_154' title='bbox 917 2155 1129 2237; x_wconf 81' lang='grc' dir='ltr'>εὐφραίνομαι</span> <span class='ocrx_word' id='word_1_155' title='bbox 1150 2157 1232 2235; x_wconf 85' lang='grc' dir='ltr'>ἧδαρ</span> <span class='ocrx_word' id='word_1_156' title='bbox 1247 2158 1296 2220; x_wconf 85' lang='grc' dir='ltr'>καὶ</span> <span class='ocrx_word' id='word_1_157' title='bbox 1311 2155 1413 2234; x_wconf 83' lang='grc' dir='ltr'>ἧπαρ·</span> 
     </span>
     <span class='ocr_line' id='line_1_17' title="bbox 275 2265 1414 2352; baseline -0.001 -21"><span class='ocrx_word' id='word_1_158' title='bbox 275 2267 356 2345; x_wconf 85' lang='grc' dir='ltr'>ὴδαρ</span> <span class='ocrx_word' id='word_1_159' title='bbox 379 2267 428 2330; x_wconf 84' lang='grc' dir='ltr'>καὶ</span> <span class='ocrx_word' id='word_1_160' title='bbox 451 2265 550 2344; x_wconf 86' lang='grc' dir='ltr'>ἧπαρ·</span> <span class='ocrx_word' id='word_1_161' title='bbox 578 2269 613 2332; x_wconf 80' lang='grc' dir='ltr'>ἐν</span> <span class='ocrx_word' id='word_1_162' title='bbox 636 2267 742 2350; x_wconf 85' lang='grc' dir='ltr'>τούτῳ</span> <span class='ocrx_word' id='word_1_163' title='bbox 769 2268 831 2345; x_wconf 87' lang='grc' dir='ltr'>γὰρ</span> <span class='ocrx_word' id='word_1_164' title='bbox 858 2267 893 2331; x_wconf 88' lang='grc' dir='ltr'>ἐν</span> <span class='ocrx_word' id='word_1_165' title='bbox 915 2267 976 2346; x_wconf 87' lang='grc' dir='ltr'>γὰρ</span> <span class='ocrx_word' id='word_1_166' title='bbox 998 2266 1103 2352; x_wconf 84' lang='grc' dir='ltr'>τούτῳ</span> <span class='ocrx_word' id='word_1_167' title='bbox 1126 2273 1172 2352; x_wconf 84' lang='grc' dir='ltr'>τῷ</span> <span class='ocrx_word' id='word_1_168' title='bbox 1195 2268 1281 2346; x_wconf 86' lang='grc' dir='ltr'>μέρει</span> <span class='ocrx_word' id='word_1_169' title='bbox 1302 2266 1342 2330; x_wconf 83' lang='grc' dir='ltr'>τὰ</span> <span class='ocrx_word' id='word_1_170' title='bbox 1356 2270 1414 2343; x_wconf 88' lang='grc' dir='ltr'>τῆς</span> 
     </span>
     <span class='ocr_line' id='line_1_18' title="bbox 274 2376 1414 2456; baseline -0.002 -15"><span class='ocrx_word' id='word_1_171' title='bbox 274 2377 312 2442; x_wconf 90' lang='grc' dir='ltr'>τὸ</span> <span class='ocrx_word' id='word_1_172' title='bbox 336 2380 390 2454; x_wconf 85' lang='grc' dir='ltr'>τῆς</span> <span class='ocrx_word' id='word_1_173' title='bbox 412 2377 531 2454; x_wconf 83' lang='grc' dir='ltr'>ἡδονῆς</span> <span class='ocrx_word' id='word_1_174' title='bbox 557 2377 607 2440; x_wconf 76' lang='grc' dir='ltr'>καὶ</span> <span class='ocrx_word' id='word_1_175' title='bbox 629 2378 667 2441; x_wconf 88' lang='grc' dir='ltr'>τὸ</span> <span class='ocrx_word' id='word_1_176' title='bbox 689 2381 744 2455; x_wconf 89' lang='grc' dir='ltr'>τῆς</span> <span class='ocrx_word' id='word_1_177' title='bbox 767 2377 832 2440; x_wconf 87' lang='grc' dir='ltr'>ἐπι·</span> <span class='ocrx_word' id='word_1_178' title='bbox 857 2377 977 2455; x_wconf 87' lang='grc' dir='ltr'>ἡδονῆς</span> <span class='ocrx_word' id='word_1_179' title='bbox 992 2378 1041 2441; x_wconf 90' lang='grc' dir='ltr'>καὶ</span> <span class='ocrx_word' id='word_1_180' title='bbox 1058 2379 1113 2454; x_wconf 84' lang='grc' dir='ltr'>τῆς</span> <span class='ocrx_word' id='word_1_181' title='bbox 1129 2377 1291 2456; x_wconf 81' lang='grc' dir='ltr'>ἐπιθυμίας</span> <span class='ocrx_word' id='word_1_182' title='bbox 1314 2376 1414 2452; x_wconf 84' lang='grc' dir='ltr'>ἔγκει-</span> 
     </span>
     <span class='ocr_line' id='line_1_19' title="bbox 275 2485 1414 2565; baseline -0.003 -14"><span class='ocrx_word' id='word_1_183' title='bbox 275 2486 392 2565; x_wconf 89' lang='grc' dir='ltr'>θυμίας.</span> <span class='ocrx_word' id='word_1_184' title='bbox 857 2485 1072 2558; x_wconf 59' lang='lat' dir='ltr'>ana-otrus(</span> <span class='ocrx_word' id='word_1_185' title='bbox 1098 2485 1214 2565; x_wconf 87' lang='grc' dir='ltr'>Ὧρος</span> <span class='ocrx_word' id='word_1_186' title='bbox 1245 2486 1263 2550; x_wconf 89' lang='grc' dir='ltr'>δ</span> <span class='ocrx_word' id='word_1_187' title='bbox 1297 2485 1414 2563; x_wconf 77' lang='grc' dir='ltr'>Μιλή-</span> 
     </span>
     <span class='ocr_line' id='line_1_20' title="bbox 858 2616 950 2660; baseline -0.011 0"><span class='ocrx_word' id='word_1_188' title='bbox 858 2616 950 2660; x_wconf 88' lang='grc' dir='ltr'>ςιος.</span> 
     </span>
    </p>
   </div>
   <div class='ocr_carea' id='block_1_8' title="bbox 187 2805 1421 4208">
    <p class='ocr_par' dir='ltr' id='par_1_8' title="bbox 277 2805 1417 3220">
     <span class='ocr_line' id='line_1_21' title="bbox 277 2805 1415 2891; baseline 0 -21"><span class='ocrx_word' id='word_1_189' title='bbox 277 2805 397 2882; x_wconf 80' lang='lat' dir='ltr'>Quibus</span> <span class='ocrx_word' id='word_1_190' title='bbox 434 2807 585 2889; x_wconf 84' lang='lat' dir='ltr'>exemplis</span> <span class='ocrx_word' id='word_1_191' title='bbox 612 2808 666 2891; x_wconf 92' lang='lat' dir='ltr'>qni</span> <span class='ocrx_word' id='word_1_192' title='bbox 698 2808 790 2891; x_wconf 86' lang='lat' dir='ltr'>plura</span> <span class='ocrx_word' id='word_1_193' title='bbox 822 2805 993 2888; x_wconf 88' lang='lat' dir='ltr'>desideret,</span> <span class='ocrx_word' id='word_1_194' title='bbox 1032 2806 1103 2870; x_wconf 90' lang='lat' dir='ltr'>illas</span> <span class='ocrx_word' id='word_1_195' title='bbox 1136 2828 1258 2891; x_wconf 89' lang='lat' dir='ltr'>quoque</span> <span class='ocrx_word' id='word_1_196' title='bbox 1286 2807 1415 2871; x_wconf 90' lang='lat' dir='ltr'>Orionis</span> 
     </span>
     <span class='ocr_line' id='line_1_22' title="bbox 277 2897 1416 3000; baseline 0.001 -21"><span class='ocrx_word' id='word_1_197' title='bbox 277 2937 370 2979; x_wconf 88' lang='lat' dir='ltr'>voces</span> <span class='ocrx_word' id='word_1_198' title='bbox 402 2916 535 3000; x_wconf 83' lang='lat' dir='ltr'>iungere</span> <span class='ocrx_word' id='word_1_199' title='bbox 563 2917 678 2999; x_wconf 87' lang='lat' dir='ltr'>possit,</span> <span class='ocrx_word' id='word_1_200' title='bbox 713 2939 791 3000; x_wconf 88' lang='lat' dir='ltr'>quas</span> <span class='ocrx_word' id='word_1_201' title='bbox 826 2921 845 2997; x_wconf 68' lang='grc' dir='ltr'>ξ)</span> <span class='ocrx_word' id='word_1_202' title='bbox 870 2918 908 2980; x_wconf 93' lang='grc'>17</span> <span class='ocrx_word' id='word_1_203' title='bbox 938 2897 1118 2999; x_wconf 86' lang='lat' dir='ltr'>aperuimus</span> <span class='ocrx_word' id='word_1_204' title='bbox 1150 2917 1343 3000; x_wconf 89' lang='lat' dir='ltr'>supplendas</span> <span class='ocrx_word' id='word_1_205' title='bbox 1377 2939 1416 2980; x_wconf 81' lang='lat' dir='ltr'>er</span> 
     </span>
     <span class='ocr_line' id='line_1_23' title="bbox 278 3025 1416 3110; baseline 0.001 -22"><span class='ocrx_word' id='word_1_206' title='bbox 278 3025 500 3109; x_wconf 82' lang='lat' dir='ltr'>Etymologico</span> <span class='ocrx_word' id='word_1_207' title='bbox 523 3047 601 3108; x_wconf 88' lang='lat' dir='ltr'>esse,</span> <span class='ocrx_word' id='word_1_208' title='bbox 626 3030 661 3090; x_wconf 90' lang='lat' dir='ltr'>ut</span> <span class='ocrx_word' id='word_1_209' title='bbox 682 3029 883 3107; x_wconf 84' lang='grc' dir='ltr'>Ἀρὶςταρχος</span> <span class='ocrx_word' id='word_1_210' title='bbox 906 3027 1035 3090; x_wconf 91' lang='lat' dir='ltr'>nomine</span> <span class='ocrx_word' id='word_1_211' title='bbox 1057 3031 1201 3107; x_wconf 83' lang='grc' dir='ltr'>ςταμῑνες</span> <span class='ocrx_word' id='word_1_212' title='bbox 1221 3049 1341 3110; x_wconf 85' lang='lat' dir='ltr'>vocem,</span> <span class='ocrx_word' id='word_1_213' title='bbox 1364 3028 1416 3090; x_wconf 84' lang='lat' dir='ltr'>vel</span> 
     </span>
     <span class='ocr_line' id='line_1_24' title="bbox 279 3136 1417 3220; baseline 0.004 -22"><span class='ocrx_word' id='word_1_214' title='bbox 279 3138 390 3198; x_wconf 84' lang='lat' dir='ltr'>contra</span> <span class='ocrx_word' id='word_1_215' title='bbox 424 3156 462 3198; x_wconf 89' lang='lat' dir='ltr'>ex</span> <span class='ocrx_word' id='word_1_216' title='bbox 501 3136 619 3200; x_wconf 87' lang='lat' dir='ltr'>Orione</span> <span class='ocrx_word' id='word_1_217' title='bbox 657 3136 868 3220; x_wconf 88' lang='lat' dir='ltr'>supplendam</span> <span class='ocrx_word' id='word_1_218' title='bbox 897 3139 1094 3216; x_wconf 80' lang='grc' dir='ltr'>Ἡρωδιανὸς</span> <span class='ocrx_word' id='word_1_219' title='bbox 1131 3137 1260 3202; x_wconf 90' lang='lat' dir='ltr'>nomine</span> <span class='ocrx_word' id='word_1_220' title='bbox 1299 3139 1417 3218; x_wconf 84' lang='grc' dir='ltr'>ῥυθμός</span> 
     </span>
    </p>

    <p class='ocr_par' dir='ltr' id='par_1_9' title="bbox 187 3245 1421 4208">
     <span class='ocr_line' id='line_1_25' title="bbox 187 3245 1416 3330; baseline 0.002 -23"><span class='ocrx_word' id='word_1_221' title='bbox 187 3280 197 3296; x_wconf 73' lang='lat'>=</span> <span class='ocrx_word' id='word_1_222' title='bbox 278 3265 388 3308; x_wconf 89' lang='lat' dir='ltr'>vocem</span> <span class='ocrx_word' id='word_1_223' title='bbox 409 3245 635 3330; x_wconf 84' lang='lat' dir='ltr'>Etymologici.</span> <span class='ocrx_word' id='word_1_224' title='bbox 664 3285 706 3295; x_wconf 83' lang='lat'>—-</span> <span class='ocrx_word' id='word_1_225' title='bbox 736 3246 907 3310; x_wconf 88' lang='lat' dir='ltr'>Praeterea</span> <span class='ocrx_word' id='word_1_226' title='bbox 931 3247 1162 3330; x_wconf 87' lang='lat' dir='ltr'>aliquantisper</span> <span class='ocrx_word' id='word_1_227' title='bbox 1183 3248 1333 3330; x_wconf 87' lang='lat' dir='ltr'>placebat</span> <span class='ocrx_word' id='word_1_228' title='bbox 1353 3251 1416 3311; x_wconf 84' lang='lat' dir='ltr'>ter·</span> 
     </span>
     <span class='ocr_line' id='line_1_26' title="bbox 279 3354 1417 3441; baseline 0.004 -25"><span class='ocrx_word' id='word_1_229' title='bbox 279 3354 359 3418; x_wconf 85' lang='lat' dir='ltr'>tium</span> <span class='ocrx_word' id='word_1_230' title='bbox 388 3360 612 3440; x_wconf 82' lang='lat' dir='ltr'>argumentum</span> <span class='ocrx_word' id='word_1_231' title='bbox 639 3355 806 3440; x_wconf 86' lang='lat' dir='ltr'>quoddam.</span> <span class='ocrx_word' id='word_1_232' title='bbox 852 3357 970 3422; x_wconf 86' lang='lat' dir='ltr'>Mirum</span> <span class='ocrx_word' id='word_1_233' title='bbox 997 3361 1045 3420; x_wconf 90' lang='lat' dir='ltr'>est</span> <span class='ocrx_word' id='word_1_234' title='bbox 1072 3357 1174 3440; x_wconf 86' lang='lat' dir='ltr'>enim,</span> <span class='ocrx_word' id='word_1_235' title='bbox 1209 3357 1417 3441; x_wconf 84' lang='lat' dir='ltr'>paucissimos</span> 
     </span>
     <span class='ocr_line' id='line_1_27' title="bbox 279 3466 1417 3548; baseline 0.002 -20"><span class='ocrx_word' id='word_1_236' title='bbox 279 3468 406 3528; x_wconf 85' lang='lat' dir='ltr'>tantum</span> <span class='ocrx_word' id='word_1_237' title='bbox 438 3466 608 3548; x_wconf 83' lang='lat' dir='ltr'>scriptores</span> <span class='ocrx_word' id='word_1_238' title='bbox 636 3466 677 3529; x_wconf 90' lang='lat' dir='ltr'>ab</span> <span class='ocrx_word' id='word_1_239' title='bbox 705 3466 824 3530; x_wconf 89' lang='lat' dir='ltr'>Orione</span> <span class='ocrx_word' id='word_1_240' title='bbox 850 3467 886 3531; x_wconf 91' lang='lat' dir='ltr'>in</span> <span class='ocrx_word' id='word_1_241' title='bbox 912 3467 1130 3531; x_wconf 87' lang='lat' dir='ltr'>testimonium</span> <span class='ocrx_word' id='word_1_242' title='bbox 1157 3469 1265 3531; x_wconf 86' lang='lat' dir='ltr'>vocari</span> <span class='ocrx_word' id='word_1_243' title='bbox 1290 3467 1351 3531; x_wconf 90' lang='lat' dir='ltr'>hae</span> <span class='ocrx_word' id='word_1_244' title='bbox 1373 3467 1417 3530; x_wconf 95' lang='lat' dir='ltr'>lo-</span> 
     </span>
     <span class='ocr_line' id='line_1_28' title="bbox 280 3573 1418 3662; baseline 0.003 -25"><span class='ocrx_word' id='word_1_245' title='bbox 280 3573 397 3657; x_wconf 89' lang='lat' dir='ltr'>quendi</span> <span class='ocrx_word' id='word_1_246' title='bbox 434 3575 551 3639; x_wconf 86' lang='lat' dir='ltr'>forma:</span> <span class='ocrx_word' id='word_1_247' title='bbox 589 3577 716 3641; x_wconf 82' lang='grc' dir='ltr'>οὕτως</span> <span class='ocrx_word' id='word_1_248' title='bbox 752 3576 870 3657; x_wconf 85' lang='grc' dir='ltr'>εὗρον</span> <span class='ocrx_word' id='word_1_249' title='bbox 907 3578 947 3642; x_wconf 88' lang='grc' dir='ltr'>ἐν</span> <span class='ocrx_word' id='word_1_250' title='bbox 980 3616 1038 3661; x_wconf 81' lang='lat'>—-,</span> <span class='ocrx_word' id='word_1_251' title='bbox 1076 3578 1173 3662; x_wconf 84' lang='lat' dir='ltr'>longe</span> <span class='ocrx_word' id='word_1_252' title='bbox 1209 3577 1418 3660; x_wconf 90' lang='lat' dir='ltr'>plurimorum</span> 
     </span>
     <span class='ocr_line' id='line_1_29' title="bbox 279 3685 1418 3770; baseline 0.002 -22"><span class='ocrx_word' id='word_1_253' title='bbox 279 3685 411 3748; x_wconf 89' lang='lat' dir='ltr'>nomina</span> <span class='ocrx_word' id='word_1_254' title='bbox 434 3686 483 3748; x_wconf 90' lang='lat' dir='ltr'>vel</span> <span class='ocrx_word' id='word_1_255' title='bbox 506 3685 694 3768; x_wconf 87' lang='lat' dir='ltr'>simpliciter</span> <span class='ocrx_word' id='word_1_256' title='bbox 716 3687 835 3770; x_wconf 86' lang='lat' dir='ltr'>apponi</span> <span class='ocrx_word' id='word_1_257' title='bbox 861 3687 912 3751; x_wconf 86' lang='lat' dir='ltr'>vel</span> <span class='ocrx_word' id='word_1_258' title='bbox 934 3688 1002 3752; x_wconf 90' lang='lat' dir='ltr'>sola</span> <span class='ocrx_word' id='word_1_259' title='bbox 1025 3687 1149 3752; x_wconf 88' lang='lat' dir='ltr'>adiecta</span> <span class='ocrx_word' id='word_1_260' title='bbox 1172 3688 1297 3753; x_wconf 87' lang='grc' dir='ltr'>οὕτως</span> <span class='ocrx_word' id='word_1_261' title='bbox 1318 3686 1418 3770; x_wconf 71' lang='lat' dir='ltr'>parti-</span> 
     </span>
     <span class='ocr_line' id='line_1_30' title="bbox 282 3795 1419 3881; baseline 0.001 -23"><span class='ocrx_word' id='word_1_262' title='bbox 282 3795 362 3858; x_wconf 88' lang='lat' dir='ltr'>cula.</span> <span class='ocrx_word' id='word_1_263' title='bbox 408 3795 453 3858; x_wconf 86' lang='lat' dir='ltr'>Vt</span> <span class='ocrx_word' id='word_1_264' title='bbox 480 3817 546 3859; x_wconf 90' lang='lat' dir='ltr'>non</span> <span class='ocrx_word' id='word_1_265' title='bbox 573 3818 650 3860; x_wconf 90' lang='lat' dir='ltr'>sane</span> <span class='ocrx_word' id='word_1_266' title='bbox 678 3797 833 3861; x_wconf 87' lang='lat' dir='ltr'>absurdus</span> <span class='ocrx_word' id='word_1_267' title='bbox 860 3796 918 3880; x_wconf 89' lang='lat' dir='ltr'>sit,</span> <span class='ocrx_word' id='word_1_268' title='bbox 948 3799 1001 3881; x_wconf 92' lang='lat' dir='ltr'>qui</span> <span class='ocrx_word' id='word_1_269' title='bbox 1029 3799 1150 3881; x_wconf 88' lang='lat' dir='ltr'>priores</span> <span class='ocrx_word' id='word_1_270' title='bbox 1179 3798 1262 3862; x_wconf 85' lang='lat' dir='ltr'>solos</span> <span class='ocrx_word' id='word_1_271' title='bbox 1285 3797 1419 3880; x_wconf 85' lang='lat' dir='ltr'>abipso</span> 
     </span>
     <span class='ocr_line' id='line_1_31' title="bbox 230 3905 1416 3991; baseline 0.003 -23"><span class='ocrx_word' id='word_1_272' title='bbox 230 3911 262 3957; x_wconf 71' lang='lat'>3¹3</span> <span class='ocrx_word' id='word_1_273' title='bbox 280 3905 381 3968; x_wconf 86' lang='lat' dir='ltr'>lectos</span> <span class='ocrx_word' id='word_1_274' title='bbox 409 3905 527 3970; x_wconf 89' lang='lat' dir='ltr'>Orione</span> <span class='ocrx_word' id='word_1_275' title='bbox 557 3906 709 3990; x_wconf 83' lang='lat' dir='ltr'>coniciet,</span> <span class='ocrx_word' id='word_1_276' title='bbox 744 3907 878 3972; x_wconf 88' lang='lat' dir='ltr'>aliorum</span> <span class='ocrx_word' id='word_1_277' title='bbox 906 3908 1097 3972; x_wconf 82' lang='lat' dir='ltr'>auctoritate</span> <span class='ocrx_word' id='word_1_278' title='bbox 1127 3907 1241 3972; x_wconf 88' lang='lat' dir='ltr'>citatos</span> <span class='ocrx_word' id='word_1_279' title='bbox 1268 3907 1416 3991; x_wconf 86' lang='lat' dir='ltr'>reliquos.</span> 
     </span>
     <span class='ocr_line' id='line_1_32' title="bbox 282 4014 1420 4103; baseline 0.001 -24"><span class='ocrx_word' id='word_1_280' title='bbox 282 4014 345 4079; x_wconf 86' lang='lat' dir='ltr'>Sed</span> <span class='ocrx_word' id='word_1_281' title='bbox 367 4015 525 4080; x_wconf 88' lang='lat' dir='ltr'>siveram</span> <span class='ocrx_word' id='word_1_282' title='bbox 548 4016 643 4080; x_wconf 86' lang='lat' dir='ltr'>fateri</span> <span class='ocrx_word' id='word_1_283' title='bbox 665 4017 824 4101; x_wconf 89' lang='lat' dir='ltr'>volumus,</span> <span class='ocrx_word' id='word_1_284' title='bbox 854 4039 890 4082; x_wconf 88' lang='lat' dir='ltr'>eo</span> <span class='ocrx_word' id='word_1_285' title='bbox 913 4018 947 4082; x_wconf 91' lang='lat' dir='ltr'>in</span> <span class='ocrx_word' id='word_1_286' title='bbox 975 4039 1093 4103; x_wconf 85' lang='lat' dir='ltr'>genere</span> <span class='ocrx_word' id='word_1_287' title='bbox 1115 4038 1156 4081; x_wconf 89' lang='lat' dir='ltr'>ne</span> <span class='ocrx_word' id='word_1_288' title='bbox 1178 4018 1240 4081; x_wconf 87' lang='lat' dir='ltr'>sibi</span> <span class='ocrx_word' id='word_1_289' title='bbox 1261 4017 1329 4100; x_wconf 86' lang='lat' dir='ltr'>ipsc</span> <span class='ocrx_word' id='word_1_290' title='bbox 1351 4017 1420 4101; x_wconf 90' lang='lat' dir='ltr'>qui-</span> 
     </span>
     <span class='ocr_line' id='line_1_33' title="bbox 281 4124 1421 4208; baseline 0.004 -21"><span class='ocrx_word' id='word_1_291' title='bbox 281 4124 354 4188; x_wconf 89' lang='lat' dir='ltr'>dem</span> <span class='ocrx_word' id='word_1_292' title='bbox 377 4125 530 4189; x_wconf 88' lang='lat' dir='ltr'>constitit.</span> <span class='ocrx_word' id='word_1_293' title='bbox 576 4125 660 4190; x_wconf 89' lang='lat' dir='ltr'>Nam</span> <span class='ocrx_word' id='word_1_294' title='bbox 682 4126 859 4192; x_wconf 87' lang='lat' dir='ltr'>Herodiani</span> <span class='ocrx_word' id='word_1_295' title='bbox 881 4131 953 4208; x_wconf 88' lang='grc' dir='ltr'>περὶ</span> <span class='ocrx_word' id='word_1_296' title='bbox 976 4135 1089 4195; x_wconf 87' lang='grc' dir='ltr'>παθῶν</span> <span class='ocrx_word' id='word_1_297' title='bbox 1113 4130 1239 4207; x_wconf 77' lang='lat' dir='ltr'>strepi</span> <span class='ocrx_word' id='word_1_298' title='bbox 1261 4127 1421 4206; x_wconf 85' lang='grc' dir='ltr'>ὀρθογρα-</span> 
     </span>
    </p>
   </div>
   <div class='ocr_carea' id='block_1_9' title="bbox 282 4234 1421 4432">
    <p class='ocr_par' dir='ltr' id='par_1_10' title="bbox 282 4234 1421 4432">
     <span class='ocr_line' id='line_1_34' title="bbox 283 4234 1421 4322; baseline 0.007 -24"><span class='ocrx_word' id='word_1_299' title='bbox 283 4235 359 4315; x_wconf 85' lang='grc' dir='ltr'>φίας</span> <span class='ocrx_word' id='word_1_300' title='bbox 387 4234 484 4300; x_wconf 91' lang='lat' dir='ltr'>libros</span> <span class='ocrx_word' id='word_1_301' title='bbox 511 4236 640 4300; x_wconf 85' lang='lat' dir='ltr'>tametsi</span> <span class='ocrx_word' id='word_1_302' title='bbox 675 4237 866 4321; x_wconf 87' lang='lat' dir='ltr'>aliquotiens</span> <span class='ocrx_word' id='word_1_303' title='bbox 893 4239 1000 4322; x_wconf 89' lang='lat' dir='ltr'>posuit</span> <span class='ocrx_word' id='word_1_304' title='bbox 1026 4238 1158 4302; x_wconf 88' lang='lat' dir='ltr'>adiectis</span> <span class='ocrx_word' id='word_1_305' title='bbox 1188 4237 1292 4302; x_wconf 88' lang='grc' dir='ltr'>οὕτως</span> <span class='ocrx_word' id='word_1_306' title='bbox 1320 4235 1421 4316; x_wconf 82' lang='grc' dir='ltr'>εὖρον</span> 
     </span>
     <span class='ocr_line' id='line_1_35' title="bbox 282 4343 1417 4432; baseline 0.005 -26"><span class='ocrx_word' id='word_1_307' title='bbox 282 4343 387 4407; x_wconf 85' lang='lat' dir='ltr'>verbis</span> <span class='ocrx_word' id='word_1_308' title='bbox 409 4368 440 4427; x_wconf 91' lang='lat' dir='ltr'>p.</span> <span class='ocrx_word' id='word_1_309' title='bbox 464 4348 495 4429; x_wconf 97' lang='grc'>7,</span> <span class='ocrx_word' id='word_1_310' title='bbox 521 4348 569 4412; x_wconf 88' lang='grc'>10.</span> <span class='ocrx_word' id='word_1_311' title='bbox 596 4349 645 4428; x_wconf 90' lang='grc'>14,</span> <span class='ocrx_word' id='word_1_312' title='bbox 670 4347 699 4411; x_wconf 88' lang='grc'>3.</span> <span class='ocrx_word' id='word_1_313' title='bbox 726 4349 775 4430; x_wconf 92' lang='grc'>17,</span> <span class='ocrx_word' id='word_1_314' title='bbox 801 4348 850 4412; x_wconf 90' lang='grc'>16.</span> <span class='ocrx_word' id='word_1_315' title='bbox 874 4349 925 4432; x_wconf 90' lang='grc'>57,</span> <span class='ocrx_word' id='word_1_316' title='bbox 950 4349 1001 4432; x_wconf 84' lang='grc'>34,</span> <span class='ocrx_word' id='word_1_317' title='bbox 1026 4349 1123 4432; x_wconf 87' lang='lat' dir='ltr'>longe</span> <span class='ocrx_word' id='word_1_318' title='bbox 1145 4351 1255 4414; x_wconf 86' lang='lat' dir='ltr'>tamen</span> <span class='ocrx_word' id='word_1_319' title='bbox 1277 4346 1417 4430; x_wconf 86' lang='lat' dir='ltr'>saepius,</span> 
     </span>
    </p>
   </div>
   <div class='ocr_carea' id='block_1_10' title="bbox 0 0 1634 5094">
    <p class='ocr_par' dir='ltr' id='par_1_11' title="bbox 0 0 1634 5094">
     <span class='ocr_line' id='line_1_36' title="bbox 0 0 1634 5094; baseline 0 0"><span class='ocrx_word' id='word_1_320' title='bbox 0 0 1634 5094; x_wconf 95' lang='lat' dir='ltr'> </span> 
     </span>
    </p>
   </div>
  </div>
 </body>
</html>
