3226 5096
246 331 306 394 130
545 345 794 394 coaonmmvn
818 343 1085 392 oisevmnoms

245 501 317 564 dem
340 501 489 582 apparet,
514 501 554 562 ad
576 502 641 561 tres
663 501 791 562 tantum
805 500 993 581 quattuorve
1015 496 1142 560 tabidas
1164 497 1300 580 priores,
1325 497 1386 561 nisi

245 611 328 674 forte
351 608 392 673 ad
415 608 514 672 solam
538 609 681 691 Plutum,
713 609 844 673 Ioannis
866 608 1002 672 Taetzae
1024 629 1154 691 operam
1183 608 1385 691 pertinuisse,

245 720 514 804 praemissamque
543 719 584 782 eb
613 719 722 783 eodem
745 718 873 783 scholiis
896 718 930 782 in
952 717 1081 782 Plutum
1109 718 1237 801 scriptis
1262 721 1387 782 brevem

247 831 350 915 poesis
373 851 509 916 graecae
534 829 700 894 historiam
724 851 806 911 esse,
836 850 930 913 quam
953 851 1024 893 cum
1051 829 1085 892 in
1107 829 1256 892 Plautino
1280 828 1387 894 codice

247 941 358 1006 doctus
380 940 474 1005 homo
490 940 606 1021 Italus,
631 947 699 1003 tum
721 939 755 1003 in
776 939 933 1022 Parisin0,
958 939 1011 1024 qui
1035 939 1153 1004 succidi
1169 929 1387 1004 demumXVI

248 1074 315 1116 esse
338 1051 538 1135 perhibetur,
562 1049 703 1114 Graecus
725 1052 798 1130 περὶ
819 1051 985 1133 κωμῳδίαι
1008 1051 1144 1133 scriptor
1171 1051 1338 1134 excerpsit.

331 1160 413 1236 Quid
435 1160 558 1245 igitur?
581 1159 711 1224 nullane
731 1160 991 1243 impeditissimas
1013 1161 1136 1226 scilicet
1151 1161 1287 1241 ἀπορία(
1304 1162 1388 1226 λύει(

248 1275 362 1356 parata
385 1270 456 1334 est?
499 1269 617 1333 Parata
646 1273 694 1333 est
722 1291 814 1352 vero,
845 1273 939 1353 atque
968 1272 1031 1334 iam
1055 1294 1073 1336 a
1096 1272 1261 1338 Dindortio
1290 1271 1388 1356 signi-

248 1382 359 1464 ficatu,
390 1381 443 1465 qui
473 1379 620 1444 Addend.
651 1403 683 1464 p.
713 1380 777 1445 394
804 1401 895 1460 quern
924 1388 1092 1462 opinionem
1122 1384 1226 1468 inquit
1250 1389 1389 1462 praviter

249 1499 304 1557 Ιιοο
331 1499 397 1557 ioco
419 1495 616 1572 reprehendit
641 1493 767 1569 Treizn,
800 1513 867 1555 eam
894 1498 958 1571 ipse
980 1499 1115 1572 seqnitur
1143 1501 1174 1558 in
1197 1499 1331 1572 Exepesi
1356 1499 1387 1556 in

249 1609 391 1680 Iliadem,
416 1608 530 1683 prius
559 1614 590 1666 ei
617 1609 737 1666 viderur
762 1609 918 1681 scripta.
965 1600 1066 1677 Quam
1095 1604 1289 1668 sententiam
1318 1625 1388 1668 cum

247 1715 435 1797 probemus,
459 1712 605 1777 nolumus
627 1711 659 1774 id
681 1711 768 1794 sequi
791 1711 898 1794 putari
919 1712 1079 1796 cupidius,
1104 1714 1186 1797 quod
1209 1714 1389 1799 generatim

248 1823 476 1888 ratiocinemur
497 1823 575 1902 lieri
608 1822 763 1905 potuisse,
799 1821 854 1885 sed
883 1843 953 1886 eam
983 1823 1199 1888 coniecturam
1227 1824 1387 1907 amplecti,

248 1956 329 2017 quae
358 1955 374 1995 e
403 1933 543 1996 moribus
573 1934 605 1996 et
638 1931 866 1996 consuetudine
900 1932 1000 2015 ipsius
1033 1933 1168 1998 Tzetzae
1201 1935 1302 2017 petita
1334 1933 1386 1996 sit.

248 2044 394 2128 Longum
410 2047 458 2106 est
481 2045 513 2106 et
534 2041 718 2124 molestum,
744 2064 782 2104 cx
805 2042 920 2126 amplis
942 2043 977 2106 in
992 2043 1177 2127 Homerum,
1202 2043 1387 2126 Hesiodum,

124 2145 131 2158 ⁹
248 2152 491 2238 Lycophrouem
512 2151 749 2216 commentariis
770 2151 1046 2238 Historiarumque
1067 2153 1257 2220 chiliadibus
1286 2177 1389 2218 exem-

249 2265 302 2349 pla
337 2263 521 2347 conquirere
557 2262 722 2345 scriptoris
758 2262 819 2325 sibi
856 2263 918 2347 ipsi
955 2264 1219 2329 contradicentis:
1257 2287 1318 2349 quo
1355 2265 1390 2329 in

248 2394 366 2459 genere
394 2373 491 2438 dubia
518 2376 608 2455 sunt,
638 2395 718 2456 quac
746 2371 917 2438 Muellerus
939 2374 1065 2437 notavit
1093 2377 1194 2458 praef.
1229 2374 1386 2458 Lycophr.

248 2507 280 2567 p.
305 2483 392 2548 XLI:
420 2484 454 2546 in
478 2483 522 2548 eis
544 2483 672 2567 scriptis
694 2483 885 2568 ineptissimi
908 2483 1046 2548 hominis
1069 2484 1285 2568 subsistimus,
1309 2507 1390 2569 quae

200 2614 230 2662 ιο
249 2595 313 2658 suis
341 2595 440 2677 ipsius
468 2593 596 2658 scholiis
627 2593 843 2657 collustranda
866 2594 1000 2676 putavit.
1046 2593 1091 2658 Et
1118 2595 1152 2658 in
1175 2594 1390 2660 Historiarum

249 2704 376 2789 quidem
398 2703 528 2768 scholiis
555 2725 622 2766 non
650 2724 723 2766 raro
746 2725 867 2766 errores
891 2704 1007 2788 corrigi
1036 2705 1069 2768 in
1098 2703 1249 2768 historico
1272 2726 1390 2790 genere

250 2815 432 2878 commissos
454 2814 519 2876 iam
542 2812 729 2877 Duebnerus
752 2813 876 2878 monuit
897 2814 979 2878 Mus.
1004 2813 1108 2878 Rhen.
1132 2813 1180 2879 IV
1201 2838 1233 2899 p.
1252 2816 1282 2878 2.
1321 2815 1390 2890 Quo

249 2924 414 3007 pertinent
435 2923 473 2987 de
496 2922 609 2988 Africa
626 2921 708 2988 (lhil.
725 2925 751 3006 I,
777 2925 838 2988 702
858 2927 988 3007 notata,
1012 2924 1051 2988 de
1067 2925 1238 3010 Aegyptiis
1253 2924 1312 3008 III,
1336 2926 1388 3006 83,

249 3033 288 3097 de
315 3032 480 3115 Euphrate
506 3034 585 3114 431,
620 3033 659 3096 de
686 3032 854 3098 Hadriano
881 3034 960 3118 871,
993 3037 1120 3118 praeter
1149 3037 1254 3098 cetera
1283 3037 1389 3098 autem

250 3143 330 3208 haec
356 3142 421 3226 III,
454 3143 514 3207 186
542 3144 688 3223 ἐπείεθην
717 3149 785 3210 τοῑτ
813 3145 961 3210 ἀεκόπωτ
990 3148 1134 3225 ληροῦτι,
1164 3147 1196 3209 et
1218 3143 1297 3227 XII,
1328 3146 1387 3209 341

250 3256 398 3332 ληροῦειν
427 3253 475 3317 οἱ(
501 3254 647 3334 ἐπείτθην
675 3255 710 3320 ἐν
740 3256 866 3320 τούτοις
893 3277 920 3318 e.
950 3277 980 3338 q.
1010 3277 1035 3318 s.
1081 3254 1201 3330 Quibus
1229 3253 1390 3318 simillima

250 3367 325 3428 sunt
352 3362 467 3428 iambis
495 3366 567 3446 περὶ
595 3368 753 3446 διαφορᾱτ
783 3367 927 3444 ποιητῶν
950 3364 1112 3448 adscripta
1136 3365 1232 3449 (Mus.
1256 3363 1319 3428 uh.
1344 3363 1390 3428 lV

249 3497 281 3558 p.
305 3474 384 3558 396,
409 3473 513 3540 Crem.
538 3475 661 3540 Anecd.
686 3474 745 3539 Or.
770 3473 819 3538 ΙΙΙ
841 3497 872 3558 p.
897 3475 989 3560 337):
1020 3480 1118 3540 rotro
1145 3453 1241 3541 elnon
1271 3475 1389 3554 ἠπατη-

249 3587 346 3663 μένοι
383 3589 450 3650 τοῑε
485 3587 707 3666 ἐξηγουμένοις
741 3586 909 3665 Εὐριπίδην
944 3587 993 3650 καὶ
1024 3585 1192 3667 (οφοκλέα
1228 3585 1388 3665 γράψατιν

250 3696 336 3760 οὕτω
359 3718 386 3758 c.
411 3717 441 3779 q.
466 3719 490 3760 s.
537 3694 619 3759 Nolo
643 3694 755 3758 afferre
777 3695 879 3778 plura.
925 3694 1006 3770 Quid
1034 3699 1156 3777 autem,
1186 3716 1320 3779 quaese,
1349 3695 1390 3758 ab

250 3805 299 3868 his
322 3801 428 3868 differt
450 3805 543 3888 illud,
566 3805 666 3889 quod,
694 3827 774 3889 quae
797 3804 836 3868 de
857 3803 978 3868 LXXII
1001 3805 1220 3890 grammaticis
1243 3804 1389 3868 Pisistra-

249 3915 336 3998 tique
360 3937 431 3979 cum
447 3914 607 3980 Zenodoto
630 3903 662 3979 et
678 3914 866 3978 Aristarcho
887 3916 1046 3979 consortio
1069 3916 1102 3979 in
1118 3915 1258 4000 Exegesi
1279 3913 1389 3978 Iliadis

249 4025 427 4090 tradiderat
441 4025 591 4109 deceptus
607 4024 771 4089 Heliodori
787 4025 980 4108 testimonie,
996 4029 1107 4109 postea
1123 4025 1246 4089 veriora
1262 4023 1389 4088 aliunde

251 4135 379 4199 edoctus
403 4135 539 4198 correxit
560 4135 596 4198 in
617 4133 857 4219 Prolegomenis
873 4134 1145 4218 Aristophancis‘i
1183 4136 1288 4218 Atque
1310 4133 1389 4197 adeo

251 4245 311 4308 hoc
333 4244 366 4308 in
382 4243 587 4309 Tzetzianum
610 4245 776 4329 ingenium
793 4245 942 4309 convenit
957 4249 993 4309 ut
1015 4244 1098 4328 quod
1121 4244 1269 4326 maxime,
1293 4243 1387 4326 quod,

251 4376 312 4438 quo
339 4355 478 4418 securius
506 4355 581 4418 olim
603 4354 809 4435 Heliodorum
832 4357 957 4420 secutus
980 4357 1065 4435 crat,
1095 4376 1131 4418 eo
1158 4375 1245 4418 nunc
1272 4353 1387 4436 impor-
