3218 5094
256 325 320 390 622
640 341 687 388 on
710 339 780 389 ono
803 341 848 387 ππ
871 341 1011 390 omorio.

257 497 329 574 περὶ
351 495 501 570 ἐθνικῶν,
530 515 617 557 nunc
644 493 723 556 satis
751 496 800 555 est
825 514 889 556 uno
916 493 1013 556 verbo
1040 494 1178 556 moneri:
1217 493 1292 557 licet
1314 493 1397 558 nihil

257 601 466 666 dubitationis
499 602 576 667 Orio
609 601 880 686 ethnicographus
914 624 986 666 cum
1014 602 1086 666 aliis
1113 603 1222 666 multis
1249 603 1398 667 iniecerit

171 771 177 780 .
256 716 325 777 tum
347 711 494 776 Berkelio
516 711 618 796 praef.
642 712 677 774 in
699 710 810 796 Steph.
834 710 912 796 Byz.
935 734 967 796 p.
992 711 1113 776 XVIII.

343 821 446 887 Semel
468 825 596 886 tantum
624 823 711 901 περὶ
739 821 935 901 διχρόνων
963 821 1045 885 liber
1073 825 1338 887 commemoratur
1360 822 1396 887 in

256 931 479 1016 Etymologico
500 931 604 1016 Regio
627 931 668 994 ab
690 929 805 994 Ko'e'sio
828 935 977 1014 excerpto
999 955 1030 1015 p.
1057 933 1128 1015 190,
1151 933 1204 1016 30,
1234 954 1275 996 nc
1297 933 1395 1002 semel

256 1042 393 1126 quidem,
417 1061 511 1125 quem
534 1043 621 1121 περὶ
645 1041 876 1117 ἐγκλιτικῶν
904 1042 1052 1122 μορίων
1082 1042 1123 1105 ab
1152 1041 1216 1106 Oro
1239 1042 1394 1126 scriptum

256 1150 369 1216 Suidas
399 1154 546 1215 testatur.
591 1150 713 1215 Eadem
745 1150 828 1213 ratio
861 1151 968 1214 omissi
997 1150 1081 1234 apud
1114 1151 1245 1216 Suidam
1277 1152 1394 1217 indicis

255 1263 343 1342 περὶ
365 1263 607 1341 πολυεήμων
629 1260 696 1324 sive
723 1262 1037 1340 πολυεημάντων
1064 1264 1226 1339 λέξεων,
1259 1283 1353 1347 quem
1376 1283 1394 1326 e

255 1376 403 1450 Catoloqo
435 1377 501 1436 cod.
536 1392 603 1435 mss.
635 1375 830 1435 bibliothecae
862 1375 980 1450 Baptae
1010 1393 1041 1436 n.
1072 1383 1131 1435 604
1163 1372 1323 1456 prolatum
1357 1372 1393 1437 in

254 1479 393 1544 Fabricii
415 1478 500 1544 Bibl.
524 1502 574 1565 gr.
597 1479 613 1543 I
635 1503 667 1563 p.
694 1479 754 1544 105
776 1482 809 1544 et
830 1479 877 1545 VI
899 1503 930 1564 p.
955 1480 1019 1546 374
1040 1502 1100 1566 ego
1122 1481 1249 1565 quidem
1271 1482 1393 1546 frustra

253 1590 319 1654 illio
344 1591 496 1674 quaesivi.

266 1755 271 1764 .
338 1699 399 1764 Sed
423 1700 520 1764 ulium
541 1699 618 1766 item
641 1697 754 1764 Suidas
776 1699 899 1783 omisit,
927 1722 1021 1784 quem
1049 1701 1141 1765 valde
1169 1702 1261 1765 nobis
1283 1705 1393 1787 gratu·

252 1810 356 1872 lamur
378 1813 539 1874 servatum
562 1831 633 1874 cum
660 1831 679 1872 a
701 1807 827 1873 Zonara
852 1833 884 1894 p.
911 1810 992 1875 1669
1018 1813 1087 1874 tum
1117 1811 1152 1874 in
1174 1811 1391 1896 Etymologici

255 1919 363 1984 codice
385 1918 488 2004 Regio
510 1941 543 1983 n.
567 1921 629 1984 346
656 1919 791 2004 (Adnot.
823 1942 855 2002 p.
882 1920 962 1984 1036
985 1921 1080 2007 extr.)
1088 1971 1097 2004 ‚
1126 1921 1181 1984 ubi
1210 1924 1259 1984 est
1286 1921 1392 1986 οὕτω(

253 2029 352 2108 Ὦρος
375 2028 395 2092 ὁ
417 2029 569 2108 Μιλήειο(
591 2029 680 2108 περὶ
701 2031 859 2094 πάθους.
903 2027 1061 2094 Vsitatius
1087 2034 1252 2113 exspectes
1274 2031 1393 2114 plurali

253 2159 384 2202 numero
407 2141 480 2218 περὶ
502 2143 625 2204 παθῶν.
670 2137 745 2202 Non
773 2142 822 2202 est
848 2141 975 2224 temen,
1011 2139 1192 2203 litteramm
1218 2140 1392 2204 memoriae

254 2269 309 2311 our
341 2247 455 2311 leviter
485 2248 665 2312 illudamus.
710 2247 828 2323 Quidni
861 2249 947 2313 enim
979 2248 1107 2334 singola
1135 2271 1276 2334 quaeque
1305 2251 1391 2330 πάθη

253 2357 564 2442 comprehendantur
578 2357 722 2442 generali
736 2358 840 2423 riddo(
855 2359 995 2442 nomine,
1019 2380 1112 2442 quem
1128 2359 1168 2423 ad
1184 2359 1312 2424 modum
1332 2364 1390 2440 τῆς

251 2470 433 2555 προεῳδίαο
461 2468 638 2551 complures
660 2471 735 2532 sunt
760 2470 960 2554 cpocrpblm?
1002 2467 1071 2533 Nec
1098 2468 1301 2534 mediocriter
1328 2468 1392 2534 hoo

251 2579 350 2642 tutari
373 2577 588 2662 Etymologici
609 2577 654 2640 M.
678 2578 783 2642 verbis
807 2578 945 2642 conabor
960 2561 998 2662 p.
1022 2579 1096 2662 382,
1119 2580 1177 2644 30:
1199 2584 1259 2645 ποθ
1282 2580 1391 2644 teral-

251 2689 316 2752 κώ(
338 2689 397 2753 οὐκ
419 2686 489 2753 οἶδε
510 2689 568 2767 τὴν
591 2691 698 2767 χρῆαν
721 2689 792 2768 περὶ
814 2689 945 2754 πάθους.
978 2687 1043 2752 Vbi
1065 2688 1104 2753 de
1119 2687 1304 2754 Herodiano
1320 2687 1390 2772 Syl-

230 2797 383 2881 ,burgius
406 2796 580 2880 cogitabat,
605 2797 692 2860 ouius
714 2799 789 2878 περὶ
803 2803 916 2865 παθῶν
938 2797 1055 2862 librum
1077 2798 1111 2862 in
1125 2798 1234 2882 Etym.
1251 2799 1295 2863 M.
1320 2821 1390 2863 sae-

250 2905 380 2990 pissime
403 2904 496 2969 citari
518 2905 633 2970 omisso
656 2906 794 2971 auctoris
809 2908 938 2972 nomine
952 2907 1054 2973 Index
1069 2908 1260 2992 scriptorum
1282 2909 1387 2993 docet,

250 3015 364 3098 quibus
392 3015 544 3097 exemplis
572 3015 652 3080 adde
674 3017 827 3081 Orionem
848 3041 880 3102 p.
904 3019 944 3083 57
952 3068 961 3101 ‚
985 3019 1037 3082 34.
1083 3017 1145 3084 Sed
1167 3019 1202 3082 in
1230 3020 1389 3085 ἐεταλκώε

251 3145 327 3189 νοοο
355 3146 427 3188 cum
454 3124 524 3191 οἶδε
550 3126 683 3190 verbum
710 3149 751 3190 ne
773 3127 915 3211 patiatur
937 3127 1064 3211 quidem
1085 3128 1224 3193 nominis
1246 3128 1388 3192 omissio-

250 3255 334 3317 nem,
358 3237 426 3297 tum
448 3235 621 3320 singularis
642 3257 791 3300 numerus
814 3238 933 3301 maiore
955 3237 1023 3302 iure
1046 3237 1145 3302 Orum
1166 3238 1270 3322 poscit
1292 3259 1389 3322 quam

249 3342 478 3408 Herodianum.
521 3343 655 3431 [uddone
676 3345 770 3411 hodie
792 3347 845 3410 vix
868 3347 979 3412 dubito
1001 3347 1078 3432 quin
1102 3347 1298 3413 confidenter
1320 3369 1388 3412 mu-

248 3453 383 3518 tandum
405 3454 448 3517 sit
468 3455 504 3518 in
526 3454 659 3542 παθῶν]

333 3563 479 3647 Denique
516 3564 595 3628 satis
628 3565 762 3661 obsopra
799 3567 866 3630 eius
898 3566 972 3630 libri
1004 3567 1157 3630 memoria
1189 3570 1252 3650 est,
1291 3587 1387 3650 quem

198 3685 230 3734 38
249 3674 377 3738 λύεειε
410 3675 640 3754 προτάεεων
673 3680 753 3742 τῶν
781 3677 1025 3756 Ἡρωδιανοθ
1053 3676 1243 3760 inscriptum
1271 3675 1387 3742 Suidas

247 3781 356 3846 refert.
402 3783 446 3847 llt
466 3785 635 3864 oporatur
663 3783 790 3868 quidem
818 3807 884 3849 non
912 3788 987 3848 sunt
1015 3785 1097 3850 aliae
1125 3789 1220 3870 atque
1246 3789 1387 3868 προβλή-

247 3913 339 3974 ματα,
362 3895 500 3973 ζητήεει(
523 3896 556 3956 et
577 3897 750 3974 ζητήματα,
774 3897 946 3974 ἐνπάεεα,
975 3896 1106 3976 ἀπορίαι
1128 3899 1161 3959 et
1183 3897 1384 3981 ἀπορήματα,

247 4002 331 4087 quod
367 4002 605 4067 exercitationis
641 4025 743 4088 genus
776 4005 1067 4070 Alexandrinorum
1103 4005 1386 4090 grammaticorum

246 4111 427 4194 peremdite
448 4133 551 4197 nuper
565 4113 715 4178 Lehrsius
736 4114 890 4178 tractavit
911 4115 951 4180 de
966 4115 1154 4179 Aristarcho
1176 4137 1208 4199 p.
1223 4115 1287 4180 200
1301 4137 1370 4200 sqq.
1374 4167 1385 4200 ‚

247 4241 314 4286 non
336 4221 389 4286 ille
411 4223 468 4288 0ri
490 4223 607 4288 oblitus
629 4245 662 4307 p.
685 4224 758 4289 229.
789 4225 902 4309 Itaque
926 4247 998 4290 cum
1019 4224 1123 4307 primo
1144 4225 1184 4289 de
1206 4223 1386 4291 Herodiani

246 4331 498 4413 quaestiunculis
514 4333 705 4417 cogitassem
719 4355 773 4398 ore
787 4337 915 4400 tautum
930 4334 1112 4419 propositis,
1130 4335 1260 4404 auribus
1275 4337 1385 4401 sutem
