3272 5088
632 371 752 418 annun
775 369 1039 419 someronmvs.
1336 353 1399 418 455

259 525 343 590 haud
372 526 473 588 multo
499 524 605 589 minor
632 527 710 586 natu
738 521 946 586 Philochorus
976 520 1028 608 [fr.
1055 523 1114 587 103
1136 521 1257 610 Muell]
1282 522 1397 606 posuit,

258 637 403 700 videmur
429 634 705 720 Agathouieorum
739 631 864 716 cap.V
898 630 1005 719 [supra
1028 655 1059 716 p.
1076 632 1139 697 415
1154 631 1235 720 sqq]
1271 632 1399 696 demon·

259 751 393 828 strasse,
423 749 455 809 et
482 744 627 808 videmur
655 743 752 807 etiem
776 765 862 808 nunc
889 745 962 826 post
994 763 1032 805 ea
1065 764 1145 825 quae
1177 742 1212 806 in
1242 742 1306 805 alia
1334 763 1399 805 om-

258 857 313 921 nia
335 855 535 920 discedentes
558 854 775 918 disseruerunt
797 852 965 919 Clintonus
993 851 1079 916 Fast.
1108 851 1184 916 hell.
1208 875 1239 936 p.
1263 852 1325 916 238
1348 852 1397 916 ed.

258 967 391 1052 Krueg„
421 963 575 1028 Krebsius
602 963 790 1028 Lectionum
817 962 947 1027 Diodor.
977 984 1009 1045 p.
1037 962 1096 1026 159
1124 984 1204 1046 sqq,
1239 983 1278 1026 ex
1306 965 1398 1045 parte

259 1077 356 1142 etiam
389 1074 569 1139 Boeckhius
603 1072 697 1156 corp.
726 1073 822 1137 inser.
848 1094 897 1156 gr.
920 1071 953 1135 Π
975 1094 1007 1155 p.
1023 1073 1096 1136 341.
1150 1071 1240 1146 Quod
1262 1093 1329 1136 non
1351 1077 1399 1135 est

258 1186 350 1251 huius
380 1186 442 1250 loci
470 1184 598 1249 uberius
627 1183 783 1268 persequi.
835 1180 1047 1268 [Philippensi
1074 1181 1245 1248 Muellerus
1280 1185 1312 1246 et
1338 1181 1399 1246 hoc

257 1298 476 1382 fragmentum
498 1293 613 1358 tribuit
635 1316 666 1376 p.
689 1293 732 1358 45
754 1295 787 1355 et
808 1292 987 1375 proximum
1004 1290 1035 1355 V
1054 1291 1181 1356 dubitat
1202 1315 1234 1377 p.
1257 1293 1299 1357 43
1322 1314 1399 1357 uum

258 1407 300 1472 sit
322 1407 405 1471 forte
427 1402 655 1491 tribuendum]
805 1399 808 1411 '

343 1516 401 1602 (V)
432 1517 539 1598 Atque
561 1512 620 1578 has
642 1512 793 1576 historias
815 1511 1007 1596 pertinuisse
1036 1533 1094 1597 per
1115 1513 1193 1578 duos
1216 1513 1313 1576 libros
1335 1513 1398 1597 pri-

257 1648 325 1691 mos
362 1625 593 1690 Macedonicon
628 1626 661 1687 et
693 1625 820 1706 partem
855 1621 991 1686 fortasse
1025 1622 1130 1705 tertii,
1169 1623 1331 1708 colligitur
1360 1645 1398 1688 ex

258 1735 419 1801 Athenaei
440 1735 496 1799 lib.
520 1732 598 1798 XIV
619 1755 651 1816 p.
666 1732 729 1796 629
751 1737 794 1796 B:
817 1733 1007 1798 τελεςιάς·
1037 1734 1238 1814 Μακεδονικὴ
1262 1735 1295 1798 δ’
1315 1735 1396 1802 ἐςτὶν

258 1845 337 1926 utu]
360 1845 504 1927 ὄρχηςις,
540 1847 560 1930 ᾖ
589 1843 781 1924 χρηςάμενοι
810 1843 840 1906 ol
867 1843 939 1923 περὶ
960 1843 1163 1922 Πτολεμαῖον
1188 1843 1396 1926 Ἀλέξανδρον

256 1958 314 2023 τὸν
347 1955 510 2020 Φιλίππου
542 1954 688 2034 ἀδελφὸν
724 1951 870 2026 ἀνεῖλον,
904 1952 950 2017 ὼς
982 1953 1099 2031 ἱςτορεῖ
1132 1955 1318 2033 Μαρςύας
1357 1956 1397 2024 ἐν

257 2066 373 2150 τρίτῳ
393 2067 687 2132 Μακεδονικῶν.
710 2061 775 2127 Vix
791 2062 908 2146 dignus
925 2065 974 2126 est
990 2063 1077 2126 cuius
1094 2063 1143 2126 vel
1159 2084 1247 2128 error
1268 2068 1398 2129 notetur

257 2174 484 2242 Santecrucius
506 2175 545 2238 de
567 2173 717 2256 Philippo
734 2171 873 2236 Aridaeo
896 2173 1059 2238 somnians
1075 2173 1188 2238 Eram.
1214 2175 1283 2239 crit.
1308 2198 1340 2258 p.
1356 2177 1398 2241 45

257 2287 305 2351 ed.
329 2287 402 2352 alt:
425 2288 518 2348 tanta
541 2284 608 2348 eius
630 2283 662 2347 in
686 2282 748 2346 hac
771 2304 883 2346 caussa
899 2283 1012 2348 levitas
1027 2283 1100 2347 fuit.
1131 2283 1285 2368 Loquitur
1299 2285 1398 2349 Athe-

258 2419 356 2461 naeus
379 2396 417 2460 de
433 2393 618 2458 Alexandro
632 2392 665 2457 II
681 2393 842 2477 Amyntae
865 2393 942 2474 filio,
967 2392 1108 2477 Philippi
1131 2397 1239 2458 autem
1261 2395 1397 2460 celeber·

256 2507 329 2570 rimi
350 2506 462 2588 fratre,
487 2525 581 2588 quem
604 2525 623 2566 a
645 2502 828 2567 Ptolemaeo
845 2501 971 2567 Alorita
993 2503 1221 2587 interemptum
1243 2504 1397 2570 archonte

257 2616 443 2701 Nausigene
465 2614 497 2678 h.
522 2635 550 2678 e.
575 2614 692 2697 olymp.
719 2614 790 2696 103,
816 2615 832 2676 1
857 2613 1015 2677 Diodorus
1038 2612 1109 2696 XV,
1135 2616 1171 2678 71
1197 2615 1346 2698 prodidit.

341 2725 415 2811 (VI)
454 2723 643 2789 Paucissirni
676 2723 761 2786 inter
793 2722 854 2787 hoc
887 2726 1012 2807 tempus
1045 2728 1078 2788 et
1109 2724 1209 2808 ipsius
1242 2723 1431 2811 Philippi‚r

256 2837 358 2922 patris
386 2833 563 2900 Alexandri
591 2833 649 2914 M.‚
686 2835 822 2918 regnum
855 2833 932 2898 anni
966 2833 1129 2898 interiecti
1161 2839 1251 2899 sunt:
1289 2856 1306 2898 e
1335 2858 1396 2920 quo

258 2946 460 3031 consequitur
487 2945 522 3008 in
551 2947 664 3028 quarto
691 2943 774 3008 libro
802 2943 964 3027 Marsyam
991 2944 1056 3008 iam
1090 2965 1158 3008 esse
1192 2945 1225 3010 iu
1253 2944 1395 3031 Philippi

256 3057 350 3120 rebus
372 3055 473 3140 gestis
495 3057 666 3118 versatum.
698 3053 818 3117 Earum
833 3057 939 3118 autem
955 3054 1203 3138 enarrationem,
1226 3055 1289 3120 uisi
1311 3057 1395 3120 forte

213 3185 218 3195 ·
256 3167 399 3248 rdterius‚
424 3169 509 3230 certe
532 3164 572 3228 ad
595 3164 711 3228 librum
734 3165 904 3247 septimum
926 3165 1127 3248 pertinuisse,
1153 3187 1224 3229 cum
1245 3189 1395 3231 numerus

256 3276 405 3340 denarius
434 3274 734 3340 commentariorum
756 3273 1052 3358 Macedonicorum,
1081 3275 1194 3358 quibus
1220 3298 1325 3340 rerum
1354 3277 1395 3341 ab

257 3385 440 3450 Alexandro
473 3385 518 3449 M.
553 3388 717 3468 gestarum
745 3383 911 3448 minimam
943 3389 1069 3468 partem
1101 3385 1239 3468 scriptor
1271 3387 1393 3472 attigit,

255 3497 335 3560 facit
357 3498 393 3559 ut
414 3495 552 3558 libenter
575 3494 755 3576 credamus,
783 3497 852 3556 tum
880 3493 1012 3557 suadere
1034 3493 1249 3577 Harpocratio
1270 3496 1396 3560 videtur

256 3605 440 3689 compositis
457 3605 605 3687 Marsyae
628 3606 661 3667 et
679 3603 996 3686 Philippicorum
1018 3603 1182 3687 scriptoris
1203 3605 1394 3670 testimoniis

255 3739 285 3778 ν.
302 3717 526 3794 Μύρτανον·
550 3715 757 3793 Δημοςθένης
773 3713 854 3791 ὑπὲρ
872 3685 1103 3795 Κτηῖιφῶντος.
1127 3715 1286 3795 φρούριον
1302 3715 1341 3795 ἠν
1357 3717 1396 3782 ἐν

255 3827 380 3910 Θρᾴκῃ,
400 3823 643 3903 ῶςΜαρςύας
665 3823 967 3904 ὁπρεςβύιερος
990 3823 1031 3888 ἐν
1054 3825 1199 3909 ἑβδόμη
1224 3826 1393 3893 Μακεδο-

255 3939 373 4001 νικῶν
396 3935 447 3999 καὶ
461 3935 662 4013 Ἀναξιμένης
684 3934 720 3997 ἐν
736 3934 936 3998 Φιλιππικῶν
954 3959 979 3997 ι.
1024 3932 1088 3997 Vbi
1104 3935 1318 4014 πρεςβύτερος
1335 3959 1393 4018 pro

254 4045 386 4129 vulgato
401 4043 477 4107 olim
492 4043 668 4123 πρεςβύτης
680 4042 778 4106 etiam
793 4041 891 4105 codex
901 4041 1178 4127 Cantabrigiensis
1194 4044 1393 4110 academicus

256 4151 322 4236 (Dd
343 4153 380 4233 4,
404 4151 475 4236 63),
511 4151 653 4232 npscssul'
687 4151 964 4235 Cantabrigiensis
993 4152 1119 4236 collegii
1142 4151 1197 4217 SS.
1222 4153 1392 4218 Trinitatis

257 4261 297 4344 (0
323 4262 351 4343 1,
375 4261 409 4342 5)
437 4260 514 4324 olim
537 4260 698 4324 Galeauus
725 4263 831 4342 tenet,
860 4262 992 4344 uterque
1019 4261 1117 4324 etiam
1146 4259 1172 4330 ζ’
1199 4285 1256 4346 pro
1279 4265 1391 4350 ὀγδόῃ,

256 4369 310 4434 sed
333 4369 409 4433 item
431 4371 610 4456 Φιλιππικῷ
640 4392 711 4434 cum
733 4369 862 4456 reliquis
885 4370 1047 4454 omnibus,
1070 4372 1153 4457 qnod
1175 4372 1229 4438 diu
1251 4377 1299 4438 est
1322 4396 1393 4442 cum
