3218 5094
261 363 324 428 578
549 379 809 426 cnonococrvn
833 379 1116 428 vrsoosonnnsa.

263 531 438 595 Phanias
462 531 523 612 VI,
554 533 589 614 8,
624 533 710 596 aliud
738 531 898 596 Diocles
921 531 983 614 VI,
1010 533 1065 614 12,
1100 530 1257 614 Diogenis
1291 528 1405 613 Cynici

264 641 373 706 Satio
396 641 452 724 Vl,
475 642 531 723 26,
557 642 642 706 aliud
663 642 747 706 idem
770 643 824 705 ille
847 641 1008 705 Diocles
1030 641 1088 724 VI,
1112 641 1169 723 36,
1199 639 1406 724 Pythagorae

263 751 487 816 Sosierates
510 751 600 836 VIII,
626 753 655 834 8,
680 752 841 816 Diocles
865 751 921 833 VI,
946 752 997 816 91.

347 861 573 946 Progredimur
607 865 647 926 ad
675 862 761 926 aliud
790 884 891 946 genus
924 861 1131 945 scriptorum,
1166 861 1200 924 in
1233 859 1405 944 multiplici

263 973 370 1036 variae
394 973 580 1038 eruditionis
603 973 797 1037 tractatione
818 972 1062 1036 industriorum:
1099 971 1139 1034 ad
1168 992 1276 1035 eorum
1298 970 1405 1034 multi-

262 1083 422 1164 tudinem,
452 1084 506 1167 qui
529 1085 578 1148 vel
601 1085 848 1163 ὑπομνήμαει
877 1082 924 1145 vel
954 1083 1330 1161 dnopvnnovedpacr
1353 1081 1406 1144 vel

263 1195 489 1273 (υμμίκτοιε
511 1195 562 1258 vel
585 1176 863 1260 naurobnnaic
883 1193 1092 1272 icropinrc,
1115 1193 1261 1275 velquae
1284 1190 1405 1255 similes

262 1304 392 1367 fuerunt
415 1303 567 1368 librorum
583 1303 819 1386 inscriptiones,
843 1302 1129 1366 diversissimarum
1147 1323 1254 1366 rerum
1268 1301 1404 1385 copiam,

262 1415 296 1477 in
317 1413 368 1476 his
391 1414 488 1478 etiam
510 1414 632 1497 lepidas
656 1437 673 1478 e
696 1415 853 1477 claronun
872 1412 1037 1503 hominum
1059 1413 1126 1476 vita
1147 1413 1295 1494 fabellas,
1318 1411 1405 1476 Iace-

262 1527 311 1586 tos
348 1546 525 1608 sermones,
560 1528 674 1608 argute
706 1545 878 1607 responsa,
912 1527 948 1586 ut
972 1545 1037 1587 uno
1065 1523 1161 1586 verbo
1188 1522 1293 1586 dicam
1329 1544 1404 1605 apo-

261 1634 472 1727 phthegmata
496 1634 800 1718 complectebantur.
845 1633 906 1715 Ita,
930 1635 966 1696 ut
987 1633 1140 1716 exemplis
1163 1635 1251 1714 utar,
1276 1631 1404 1697 Solonis

261 1743 382 1808 dictum
397 1745 554 1828 quoddam
570 1745 732 1829 Diogenes
747 1744 773 1826 I,
790 1745 831 1808 63
853 1745 988 1828 sumpsit
1010 1767 1026 1806 a
1046 1743 1298 1807 Dioscoridis
1322 1743 1404 1808 ἀπο-

261 1857 524 1934 μνημονεύμαειν,
547 1856 660 1940 quibus
683 1856 718 1918 in
740 1855 837 1918 simili
853 1877 964 1918 caussa
986 1876 1060 1918 usus
1083 1857 1132 1918 est
1146 1853 1333 1917 Athenaeus
1355 1853 1404 1918 XI

263 1987 294 2046 p.
312 1965 372 2029 507
391 1971 432 2029 B:
456 1965 583 2028 uberior
605 1967 640 2029 in
663 1965 772 2028 eodem
794 1987 912 2048 genere
935 1964 1060 2028 videtur
1082 1963 1298 2028 Phavorini
1320 1987 1405 2030 παν·

261 2077 384 2153 τοδαπή
406 2075 528 2154 ἱετορία
549 2075 663 2157 fuisse,
692 2097 711 2137 a
740 2075 828 2138 cuius
856 2075 1049 2139 testimoniis
1071 2074 1233 2157 profectus
1255 2077 1305 2138 est
1326 2074 1404 2139 Dio-

262 2205 361 2268 genes
388 2183 449 2266 IV,
473 2185 525 2247 64.
549 2183 595 2266 V,
626 2185 677 2247 21.
713 2184 774 2264 VI,
798 2185 850 2250 25.
880 2187 921 2249 89
954 2186 988 2249 in
1017 2184 1186 2248 afferendis
1215 2185 1403 2269 Carneadis,

262 2293 456 2376 Aristotelis
481 2294 652 2377 Aristippi,
677 2294 816 2358 Cratetis
833 2295 1130 2380 apophthegmatis:
1154 2295 1293 2378 (diversa
1316 2296 1405 2359 enim

262 2408 311 2466 est
332 2425 440 2468 eormn
463 2405 560 2488 ratic,
595 2426 716 2488 quaec
744 2405 926 2469 Phavoriuo
955 2405 1110 2470 Stobaeus
1143 2405 1308 2490 sumpsitr)
1346 2407 1404 2470 sed

261 2515 380 2578 referta
403 2515 684 2599 apophthegmatis
708 2514 844 2579 Sereni
872 2515 1185 2596 ἀπομνημονεύματα
1207 2515 1353 2597 suerunt,
1385 2538 1404 2580 e

261 2626 374 2709 quibus
403 2646 470 2689 non
498 2625 758 2709 philosophorum
786 2630 929 2708 tantum,
968 2626 1022 2690 sed
1055 2629 1238 2710 poetarum,
1276 2646 1402 2710 regum,

261 2735 391 2818 ducum,
423 2735 613 2818 ignobilium
636 2756 759 2819 quoque
780 2736 945 2800 hominum
968 2737 1104 2820 plurima
1127 2736 1223 2799 effata
1246 2735 1404 2801 Stobaeus

261 2846 401 2908 servavit
423 2845 457 2908 in
480 2846 695 2909 sermonibus.
726 2843 865 2920 Quorum
888 2847 1006 2910 similia
1028 2847 1128 2910 multa
1152 2846 1224 2910 addi
1248 2868 1285 2908 ex
1301 2845 1404 2910 Athe-

262 2977 343 3018 naeo
366 2958 527 3038 poterunt,
550 2957 637 3019 velut
659 2956 741 3039 quod
765 2957 945 3040 ehyncei
968 2957 1287 3036 ἀπομνημονεύμαειν
1310 2956 1402 3021 affer-

260 3069 314 3128 tur
336 3063 365 3127 X
388 3088 419 3148 p.
443 3067 507 3128 434
530 3071 572 3148 B:
601 3066 655 3130 sed
683 3067 825 3130 omnium
855 3071 964 3130 tamen
992 3089 1028 3130 eo
1058 3067 1092 3130 in
1119 3087 1236 3151 genere
1258 3065 1402 3152 largissi-

261 3197 330 3238 mus
353 3175 521 3239 Athenaeo
547 3175 619 3240 fons
647 3175 900 3262 Hegesandri
924 3177 1039 3260 Delphi
1062 3178 1272 3256 ὑπομνήματα
1299 3177 1402 3259 fuere,

262 3285 300 3348 de
323 3287 436 3369 quibus
458 3285 612 3350 sescentis
634 3287 720 3351 illius
743 3288 935 3351 testimoniis
958 3288 1133 3368 constat.*)

345 3397 491 3460 Diximus
513 3396 552 3459 de
576 3397 631 3478 eis,
656 3399 709 3482 qui
732 3420 788 3480 per
802 3399 1078 3462 miscellaneorum
1101 3397 1403 3462 commentariorum

261 3507 443 3572 occasiones
465 3508 645 3592 attigenmt
672 3507 771 3572 etiam
793 3509 1151 3593 apophthegmata:
1191 3507 1246 3572 sed
1276 3511 1403 3572 restant

261 3617 371 3701 quiin
394 3617 443 3681 his
466 3617 654 3702 colligendis
676 3619 735 3682 toti
758 3619 899 3682 suerunt.
937 3619 1095 3683 Mittimus
1118 3618 1297 3683 Sosiadis
1320 3619 1401 3684 ὑπο-

260 3731 356 3807 θήκας
378 3734 444 3794 τῶν
467 3724 492 3794 Ζ’
509 3733 621 3808 (οφῶν
646 3731 728 3812 apud
752 3729 840 3794 sios.
859 3728 918 3812 ΙΙΙ,
936 3729 977 3792 80
1000 3729 1097 3813 (unde
1120 3729 1228 3792 hausit
1243 3729 1401 3793 Arsenius

328 4035 352 4101 *μ
377 4033 541 4102 [Diligenter
559 4033 631 4087 hunc
649 4036 738 4088 locum
762 4051 886 4102 omnem,
910 4051 992 4102 quem
1015 4035 1145 4088 extremis
1167 4035 1276 4088 tantum
1302 4032 1400 4102 digitis

261 4125 399 4194 attingere
423 4127 536 4193 licebat,
560 4127 608 4181 Ed.
629 4127 770 4196 Koepkius
793 4131 953 4196 persecutns
977 4130 1021 4181 est
1043 4127 1124 4181 editis
1143 4128 1263 4182 Berolini
1288 4146 1312 4182 a.
1334 4133 1402 4182 1843

261 4221 290 4272 et
307 4219 519 4288 Brundenbnrgi
538 4238 555 4274 a
576 4227 638 4274 1863
657 4221 703 4274 ‘de
721 4221 945 4289 hypomnematis
964 4222 1083 4288 graecis'
1102 4225 1173 4290 part.
1195 4223 1205 4273 I
1224 4223 1253 4274 et
1270 4219 1308 4286 ll,
1330 4219 1402 4274 item

260 4312 472 4381 Brandenbnrgi
495 4331 519 4367 a.
541 4321 605 4368 1857
629 4314 862 4368 commentatione
886 4315 967 4368 ‘iiber
989 4313 1033 4368 die
1053 4315 1178 4383 Gattung
1201 4313 1251 4368 der
1273 4315 1402 4382 ἀπομνη-

211 4403 228 4432 ‘
261 4406 423 4470 μονεύματα
440 4407 468 4458 in
487 4407 537 4459 der
555 4405 746 4474 griechischen
764 4407 948 4475 Litteratur.’]
