3184 5100
610 401 769 448 suueuia
792 401 964 448 carruae.
1297 387 1358 450 129

219 551 433 616 contendendi
456 555 531 616 snut
555 575 583 616 ν.
609 551 668 618 127
692 575 759 637 sqq.
797 553 984 639 [Vulgatam
1007 555 1040 618 in
1064 555 1124 640 Op.
1150 561 1183 619 et
1204 556 1234 619 d.
1260 555 1357 640 serip-

217 665 323 726 turam
345 662 452 726 dodita
468 685 565 746 opera
587 663 731 727 defendit
752 685 864 728 censor
885 665 1008 748 opellae
1032 668 1160 730 nostrae
1176 666 1210 730 in
1225 666 1357 730 Diuruis

217 772 416 838 scholasticis
439 795 467 836 a.
495 773 576 838 1832
598 795 629 857 p.
652 773 714 837 942
737 797 783 858 sq.
828 772 898 839 Neo
920 797 939 838 a
961 774 1167 860 simplicitate
1191 776 1273 860 epici
1295 799 1358 862 ser-

217 883 337 964 monis,
362 882 442 946 alias
464 882 679 948 dubitationes
702 887 737 946 ut
759 884 920 966 omittam,
949 885 1113 968 proposita
1135 886 1211 950 olim
1234 887 1358 951 coniec-

217 996 289 1056 tura
317 1015 383 1058 nou
411 996 516 1077 potest
544 993 650 1058 aliena
677 993 787 1058 rideri.
832 993 1001 1058 Leniorem
1030 995 1114 1058 viam
1141 996 1272 1060 memini
1295 999 1359 1060 stu·

218 1102 340 1166 diorum
362 1101 552 1167 Halensium
579 1103 699 1168 socium
728 1103 949 1168 suavissimum
972 1104 1162 1168 Mauricium
1185 1105 1358 1189 Seyffer-

217 1215 296 1276 tum
317 1213 465 1278 suadere:
501 1217 559 1294 τὴν
586 1216 621 1279 δ’
643 1215 754 1295 ἑτέρην
783 1253 826 1262 —-
853 1217 1013 1295 προτέρην
1041 1217 1097 1294 μέν
1126 1215 1271 1292 ἐγείνατο
1296 1217 1358 1282 Νὺξ

216 1324 366 1405 ἐρεβεννή
397 1361 440 1372 -
470 1329 565 1404 θῆκεν
604 1325 686 1404 ἔριν
727 1324 880 1405 Κρονίδη(
918 1325 1072 1406 ὑψίζυγοε
1233 1327 1358 1391 πολλὸν

216 1432 357 1520 ἀμείνω]

301 1603 350 1666 De
372 1602 544 1668 Hesiodo
575 1604 672 1668 aliam
694 1604 854 1688 quandam
876 1605 1071 1668 sententiam
1093 1627 1197 1668 meam
1220 1605 1359 1670 breviter
1377 1619 1409 1668 al

220 1713 420 1799 significabo.
466 1713 722 1798 'theogoniae
751 1714 836 1778 euim
868 1735 974 1777 versus
1007 1715 1172 1778 loe-112
1205 1715 1251 1779 sic
1283 1697 1359 1800 pluto

219 1824 476 1908 transponendos
499 1845 581 1888 esse:

302 1979 427 2059 χαίρετε
449 1981 545 2045 τέκνα
567 1980 663 2062 Διόε,
688 1979 762 2043 δότε
785 1979 818 2044 δ’
840 1978 1022 2058 ἱμερόετεαν
1045 1977 1169 2060 ἀοιδήν,
1312 1989 1359 2038 lor

300 2087 409 2154 εἴπατε
431 2090 478 2167 δ’,
502 2089 546 2153 ὼε
569 2094 757 2168 ταπρῶτα
779 2089 847 2154 θεοὶ
869 2089 919 2152 καί
942 2090 961 2152 Γ
963 2091 1017 2153 αῑα
1038 2089 1188 2165 γένοντο,
1313 2099 1360 2150 loa

275 2189 351 2264 “καί
373 2200 518 2278 Ποταμοί
545 2201 595 2264 καί
617 2199 745 2264 Πόντοε
768 2197 929 2279 ἀπείριτα(
953 2198 1075 2277 οἴδματι
1097 2199 1185 2264 θύων

300 2309 417 2389 Ἄετρα
439 2330 473 2374 τε
496 2309 727 2388 λαμπετόωντα
749 2309 799 2372 καὶ
822 2309 969 2387 Οὐρανὸε
992 2308 1086 2387 εὐρὺ(
1110 2309 1256 2388 ὕπερθεν.

301 2418 418 2483 κλείετε
442 2420 473 2482 δ’
497 2419 668 2485 ἀθανάτων
690 2419 779 2497 ίερόν
802 2419 897 2495 γένοε
919 2417 987 2482 αίὲν
1010 2418 1145 2500 ἐόντων,
1311 2429 1358 2478 ros

301 2527 332 2591 οἳ
357 2528 376 2590 Γ
377 2531 414 2606 ῆε
437 2527 624 2604 ἐξεγένοντο
648 2529 696 2593 καί
720 2528 871 2609 Οὐρανοῦ
894 2527 1112 2609 ἀετερόεντοε,

301 2637 448 2702 Νυκτόε
471 2659 510 2702 τε
533 2642 706 2719 δνοφερῆς,
730 2639 786 2704 otc
810 2641 842 2702 θ’
865 2637 1005 2718 ἁλμυρόε
1027 2638 1141 2718 ἔτρεφε
1165 2639 1299 2704 τόντοε·

301 2746 346 2813 ὼε
368 2749 402 2812 δ’
424 2747 546 2828 όφενοε
570 2749 726 2814 δάεεαντο
748 2755 812 2814 κτλ.
1312 2759 1358 2810 112

214 2899 371 2984 Inversa,
396 2901 449 2984 qui
466 2899 561 2984 vulgo
577 2906 626 2964 est
646 2901 714 2985 107,
739 2902 834 2985 plane
858 2900 1008 2964 abhorret
1024 2901 1065 2964 alr
1081 2901 1189 2984 opicae
1205 2900 1358 2964 orationis

213 3009 409 3094 proprietate
445 3010 612 3074 collocatio
647 3012 815 3076 verborum
845 3011 964 3076 Νυκτόε
993 3011 1042 3074 καὶ
1071 3016 1250 3091 δνοφερῆεε
1286 3033 1359 3095 quo-

216 3120 301 3184 circa
325 3120 492 3184 Eduardus
516 3121 698 3186 Gerhardus
721 3121 908 3185 Lectionum
931 3121 1081 3204 Apollon.
1109 3143 1140 3204 p.
1158 3122 1198 3185 58
1222 3121 1360 3185 correxit

216 3231 266 3292 καί
290 3232 324 3294 Ν.
341 3236 404 3296 δν.;
429 3231 512 3314 quod
535 3254 601 3295 uon
623 3231 822 3315 displiceret,
845 3230 909 3294 uisi
932 3230 966 3293 in
989 3229 1108 3294 Aldine
1130 3230 1268 3315 itemque
1292 3231 1359 3295 Ste-

214 3338 381 3422 phania-ue
413 3340 587 3424 exemplari
617 3343 778 3426 legeretur
807 3342 928 3405 Νυκτὸε
962 3341 996 3405 δὲ
1029 3345 1202 3420 δνοφερῆτ.
1248 3340 1359 3423 ltaque

216 3449 250 3510 in
273 3447 356 3512 idem
380 3449 458 3513 illud
485 3453 520 3515 τὲ
542 3451 653 3515 eadem
680 3451 815 3515 fortasse
843 3450 968 3514 ratione
990 3449 1140 3514 incidisse
1161 3449 1198 3512 L.
1223 3449 1358 3512 Diudor-

212 3557 289 3621 fium
318 3557 409 3622 video
445 3557 530 3645 [post
559 3561 792 3644 (tristantium,
827 3560 882 3644 qui
918 3558 995 3623 illud
1023 3559 1121 3623 tacite
1149 3563 1314 3644 receperat
1341 3583 1357 3623 e

212 3666 390 3752 Theophilo
418 3668 458 3732 ad
481 3671 590 3734 Autol.
614 3670 657 3753 Il,
681 3670 725 3758 ssl·
771 3669 916 3754 Denique
940 3669 1019 3734 eieci
1041 3691 1167 3734 versum
1193 3673 1269 3752 lll,
1304 3670 1356 3754 qui

213 3777 278 3842 iam
300 3800 396 3862 supra
418 3779 587 3864 legebatur
608 3784 681 3864 post
703 3803 732 3844 ν.
756 3779 848 3863 45.*)

278 4051 304 4116 *)
328 4049 488 4118 [verissime
511 4050 618 4105 monuit
637 4053 667 4104 G.
689 4051 862 4105 Hermannus
887 4051 986 4119 Opusc.
1011 4050 1061 4117 Vl,
1087 4057 1098 4104 1
1125 4069 1152 4120 p.
1176 4055 1220 4104 161
1245 4050 1357 4105 omnino

211 4141 310 4195 horum
329 4161 457 4197 versuum
472 4143 673 4198 tractationem
692 4161 747 4198 uon
765 4143 851 4198 fuisse
870 4144 906 4197 alr
919 4161 953 4198 ea
965 4143 1128 4210 quaestione
1147 4143 1356 4212 seiungendum,

211 4249 281 4300 quac
309 4236 352 4288 eat
375 4235 409 4290 de
438 4235 611 4290 diversorum
633 4237 840 4306 prooemiorum
868 4236 896 4289 in
920 4253 1004 4290 unam
1033 4236 1153 4305 speciem
1176 4237 1357 4290 conflatorum

209 4343 354 4396 compage.
392 4327 433 4382 De
458 4346 512 4395 qua
535 4329 698 4397 quaestione
722 4329 784 4384 ride
803 4347 888 4396 nunc,
912 4331 944 4383 ut
966 4329 994 4382 in
1017 4329 1108 4383 tribus
1126 4330 1285 4384 nominibus
1303 4329 1357 4400 pri-

208 4421 331 4476 moribus
351 4421 510 4488 subsistam,
528 4422 619 4492 ipsum
632 4423 861 4479 llerruauuum
880 4423 926 4478 ‘de
939 4422 1052 4479 Hesiodi
1068 4423 1249 4494 Theogoniae
1266 4425 1356 4478 forma
