3270 5094
259 307 321 376 382
580 323 610 374 c.
634 324 780 376 naiman
801 323 1074 375 anannamonas

259 483 351 562 runt,
391 483 500 544 tamen
532 501 593 563 quo
625 478 718 543 modo
750 477 952 563 longitudine
985 479 1132 544 videatur
1157 477 1297 564 insignis
1327 499 1395 543 esse

258 596 346 669 spina
368 612 471 673 socru,
495 590 547 652 vix
562 589 661 654 dicas.
694 589 878 654 Certissima
894 593 1001 654 autem
1015 591 1113 654 verba
1135 593 1211 654 sunt
1225 589 1396 654 Menandri

258 699 293 762 in
315 699 426 763 eadem
448 721 482 762 re
504 701 661 763 versantis
686 698 781 788 [apud
798 700 1000 764 Athenaeum
1015 699 1062 764 IV
1076 724 1108 784 p.
1129 701 1188 765 146
1204 705 1241 782 Ε,
1264 699 1393 785 Fragm.

259 831 290 892 p.
313 810 356 874 50
383 807 509 897 Meinl:
553 813 610 888 τὴν
633 809 739 891 όςφύν
762 809 880 890 ἄκραν,
908 810 1021 894 quibus
1044 810 1096 874 via
1124 809 1327 894 significatur
1355 810 1395 873 ad

259 919 457 983 emendanda
480 919 661 1002 Aeschylia.
708 919 760 984 Sic
788 921 873 983 enim
895 920 1050 1002 scriptum
1071 919 1150 984 fuit:

460 1081 547 1166 κνίςῃ
568 1102 603 1146 τε
626 1084 714 1145 κῶλα
736 1083 936 1156 ςυγκαλυπτὰ
958 1081 1047 1161 χόμ’
1071 1078 1191 1162 ἄκραν

460 1193 565 1272 ὀςφὺν
587 1194 737 1270 πυρώςας
757 1227 810 1255 -.

341 1349 381 1415 V.
405 1353 469 1417 530
497 1351 639 1415 animum
662 1350 796 1414 offendit
817 1351 923 1431 πόρον
946 1351 985 1414 de
1007 1351 1137 1415 flumine
1160 1350 1299 1434 positum
1322 1351 1395 1415 sim-

256 1460 399 1544 pliciter,
436 1461 471 1525 in
493 1465 586 1525 tanta
616 1461 806 1545 praesertim
833 1460 1025 1525 emendandi
1054 1460 1294 1544 commoditate,
1332 1484 1395 1546 qua

257 1570 462 1635 Homericum
483 1571 561 1634 illud
584 1572 681 1652 ῥόον
705 1593 771 1635 non
793 1571 994 1635 mediocriter
1010 1571 1258 1635 commendatur.
1291 1571 1395 1636 Simil-

256 1681 332 1745 lima
355 1682 517 1765 superiora
540 1703 569 1744 v.
595 1681 655 1745 139
678 1682 836 1765 ἀκοιμήτῳ
861 1682 988 1761 ῥεύματι
1011 1683 1132 1762 πατρὸς
1154 1681 1316 1747 Ὠκεανοῦ.

340 1790 381 1854 V.
397 1793 460 1856 542
480 1791 578 1855 verba
601 1792 662 1875 ἰδίᾳ
684 1793 794 1875 γνώμῃ
817 1790 1023 1854 emendaturo
1046 1791 1199 1854 auxilium
1221 1791 1394 1875 petendum

256 1923 294 1965 ex
328 1901 519 1964 scholiastae
551 1901 781 1983 explicatione:
818 1903 855 1967 ἐν
883 1902 944 1984 ἰδίᾳ
971 1903 1080 1986 γνώμῃ
1110 1903 1159 1968 καὶ
1187 1902 1403 1982 αὐθαιρέτως.’

256 2011 344 2086 Quae
366 2011 394 2074 si
416 2011 652 2075 contenduntur
674 2032 746 2074 cum
768 2010 957 2075 scholiastae
980 2011 1085 2075 verbis
1108 2011 1149 2074 ad
1164 2011 1260 2094 Soph.
1278 2011 1392 2095 Autig.

256 2121 333 2186 875:
371 2120 587 2208 αὐτόγνωτος]
618 2120 802 2200 αὐθαίρετος
829 2123 880 2185 καὶ
902 2122 1119 2199 ἰδιογνώμων,
1153 2125 1240 2184 certa
1268 2121 1394 2186 ratione

257 2230 401 2294 ducimur
423 2231 462 2294 ad
485 2231 655 2314 pristinam
677 2252 785 2294 versus
807 2231 944 2294 formam
966 2230 1085 2295 hance:

457 2367 774 2447 αὐτογνωμόνως
797 2369 885 2447 ςέβει.

256 2503 515 2583 αὐτογνωμόνως
538 2504 598 2567 rite
622 2506 716 2587 atque
739 2501 849 2566 ordine
871 2501 993 2566 factum
1010 2501 1052 2566 ab
1066 2501 1285 2583 αὐτογνώμων
1309 2501 1393 2568 ὐοιιο

255 2614 410 2678 vocabulo
442 2613 524 2677 nihil
550 2613 649 2676 habet
675 2611 859 2677 offensionis
886 2615 1014 2695 praeter
1048 2615 1227 2696 correptam
1256 2616 1331 2677 ante
1358 2620 1393 2688 ’γῡ

255 2723 413 2788 vocalem:
451 2723 538 2788 euius
566 2727 674 2786 tamen
703 2722 854 2786 licentiae
876 2723 1021 2805 exempla
1043 2721 1199 2806 quaedam
1220 2722 1394 2807 Aeschylia

256 2855 294 2898 ac
316 2831 486 2917 Sophoclia
508 2833 631 2916 pridem
652 2835 766 2897 notata
787 2831 922 2896 Personi
950 2831 990 2895 ad
1012 2831 1179 2896 Hecubam
1201 2855 1230 2896 ν.
1255 2833 1328 2897 302.

340 2941 381 3007 V.
404 2943 466 3006 545
489 2941 657 3025 dupliciter
684 2942 902 3027 interrogatur
924 2947 999 3008 πού
1023 2943 1076 3008 τίς
1100 2943 1195 3026 ἀλκὰς
1228 2941 1393 3025 Stephano

256 3051 404 3136 placebat
426 3052 476 3116 vel
499 3057 563 3117 πού
586 3074 630 3118 τις
653 3054 704 3116 vel
725 3054 793 3119 εἰπέ
815 3074 879 3117 που
901 3053 962 3118 ric:
999 3074 1112 3135 parum
1134 3052 1220 3116 enim
1242 3057 1393 3116 accurata

256 3161 431 3226 Wellaueri
452 3163 605 3227 narratio.

340 3271 381 3337 V.
403 3274 466 3337 576
495 3295 533 3336 ex
560 3273 714 3336 librorum
741 3272 900 3355 scriptura
928 3275 960 3336 et
983 3273 1220 3356 comparatione
1243 3272 1392 3336 antistro-

255 3382 338 3468 phae
361 3403 556 3466 consequens
578 3383 657 3447 haec
680 3385 729 3446 cst
750 3381 944 3446 emendatio:

660 3519 701 3582 ἰὼ
726 3519 785 3594 ἰώ,
807 3521 875 3582 ποῖ
896 3521 980 3597 ποῖ,

564 3627 753 3710 αἰπόιτοι,
776 3633 826 3708 πῆ
849 3630 887 3708 μ’
908 3627 1019 3704 ὐγουςι
1040 3665 1093 3691 —.

255 3785 313 3848 ποῑ
345 3784 377 3846 at
407 3784 451 3860 πῆ
485 3778 655 3846 coniuncta
688 3780 788 3845 habes
821 3802 848 3844 e.
879 3803 906 3844 c.
935 3780 969 3843 in
998 3779 1075 3843 Eur.
1100 3779 1233 3844 Hecuba
1254 3802 1284 3844 v.
1311 3778 1392 3843 1066

256 3893 378 3978 (1047).
410 3890 535 3956 Cretico
557 3893 727 3954 molossum
749 3889 941 3974 respondere
964 3911 1029 3954 non
1044 3892 1150 3973 potest
1164 3887 1391 3970 demonstrari3

254 4005 422 4086 praeterea
444 4008 496 4066 πῶ
519 4005 572 4065 πιύ
595 4004 647 4065 πῶ
672 3999 854 4064 coniunctio
876 4000 944 4064 sine
968 3999 1122 4083 exemplo.

340 4111 380 4175 V.
397 4111 457 4175 601
474 4110 577 4175 scribe
600 4113 762 4189 perscore
784 4111 829 4174 ἰὼ
853 4112 1079 4189 φοιταλέοιςιν,
1101 4108 1238 4192 syniaesi
1261 4108 1392 4173 efferen-

255 4219 345 4286 dum:
382 4220 527 4285 similiter
555 4224 650 4305 atque
677 4221 712 4285 in
739 4219 901 4302 Euripidis
929 4240 1021 4284 versu
1049 4217 1131 4302 apud
1155 4218 1330 4284 Seidlerum
1353 4217 1392 4282 de

255 4353 337 4396 vers.
360 4330 485 4396 dochm.
508 4355 540 4416 p.
564 4331 605 4396 38
630 4333 784 4410 μανιάδος
806 4331 996 4412 φοιταλέου
1017 4333 1091 4410 φεύ
1114 4333 1188 4410 φεύ
1210 4331 1349 4410 μόχθων.
