3226 5096
508 399 555 446 aa
579 401 670 448 siau.
694 402 797 449 suun.
822 403 866 450 aa
889 405 1103 454 ursmarum.
1320 393 1378 456 133

237 574 419 618 succurrere
446 551 612 618 Hasianae
644 555 871 619 observationi.
922 556 1004 632 Quid
1032 563 1081 623 est
1114 560 1215 642 enim,
1251 583 1307 624 cur
1339 562 1378 626 de

236 665 333 750 Ἡλίῳ
361 663 421 728 deo
442 663 623 728 necessario
647 666 839 750 cogitemus,
869 689 940 731 cum
968 668 1002 732 in
1024 674 1173 753 promptu
1201 671 1244 734 sit
1265 672 1378 750 illice?

237 772 361 837 Deinde
384 778 507 858 autem,
531 797 639 839 nonne
662 797 699 838 ea
722 776 792 859 ipsa
814 777 945 842 uomina
968 779 1078 844 divina
1099 782 1226 863 excepit
1247 780 1377 867 Hasius,

235 905 368 967 quorum
396 907 487 948 usum
515 885 661 969 martyrii
688 888 845 950 sanctitas
868 911 933 952 non
956 888 1049 952 modo
1070 889 1292 976 permitteret,
1323 893 1377 956 sed

236 993 315 1058 adeo
338 994 598 1058 commendaret?
642 996 747 1080 Atque
770 1001 835 1060 tres
857 998 984 1081 quidem
1007 999 1196 1063 Heliodoros
1218 1005 1377 1084 martyras

235 1107 396 1168 testantur
417 1106 647 1189 martyrologia
669 1105 721 1169 dd.
746 1107 858 1170 IiMai.
882 1109 923 1173 28
939 1108 1026 1192 Sept.
1050 1109 1245 1174 21N0v.ex
1268 1112 1377 1196 eisque

235 1213 374 1278 Fabricii
404 1214 605 1279 Bibliotheca
633 1215 688 1278 Gr.
720 1215 798 1280 VIII
827 1239 857 1300 p.
890 1219 949 1283 126
977 1241 1023 1304 sq.
1054 1219 1145 1283 Harl.
1203 1221 1231 1286 Ε
1263 1221 1376 1305 quibus

234 1325 382 1389 omnibus
409 1325 610 1410 intellegitur
641 1348 707 1390 uon
741 1327 839 1391 fuisse
875 1350 929 1392 cur
965 1330 1003 1394 de
1037 1336 1217 1396 Heliodorus
1247 1334 1376 1396 nominc

234 1435 319 1499 iure
343 1434 586 1520 Bernhardyum
609 1436 771 1501 dubitasse
794 1436 977 1503 Dindorfius
1000 1440 1128 1504 diceret.

767 1703 841 1782 §a

341 1835 445 1910 (luae
473 1836 580 1899 inter
606 1835 790 1900 Taetzam
818 1841 856 1900 et
880 1836 1137 1901 Heliodorum
1165 1840 1271 1904 ratio

686 1946 926 2012 intercedat.

319 2097 492 2183 Postquam
514 2100 555 2162 ab
577 2097 638 2163 hac
660 2101 752 2182 parte
775 2099 853 2162 satis
876 2099 1021 2164 videmur
1041 2099 1206 2166 Heliodori
1230 2125 1375 2169 caussam
1396 2127 1425 2172 m

232 2208 430 2291 defendisse,
454 2211 555 2272 restat
577 2212 614 2271 ut
635 2209 756 2273 maiora
772 2208 973 2294 Bemliardyi
989 2209 1155 2275 molimina
1171 2213 1373 2296 repellamus.

232 2317 318 2384 Nam
347 2341 418 2383 cum
446 2321 621 2384 extremam
647 2319 839 2402 particulam
869 2319 982 2383 scholii
1009 2320 1152 2385 Plautini
1179 2321 1314 2386 Taetzae
1344 2327 1376 2387 et

232 2429 399 2494 Heliodori
430 2429 575 2513 personis
612 2430 659 2493 ita
694 2429 980 2512 distribuissemus,
1018 2433 1069 2513 ut,
1108 2452 1188 2515 quae
1224 2432 1376 2517 legimtur

232 2561 263 2603 v.
288 2540 415 2604 66-74
438 2539 522 2622 (nam
545 2547 614 2605 olim
631 2545 758 2605 LXXII
779 2547 875 2604 doctis
897 2548 969 2606 airis
989 2579 1031 2590 —-
1046 2548 1224 2621 praelatam
1239 2564 1375 2623 compro-

231 2650 367 2734 cariat),
391 2648 556 2714 Heliodori
580 2671 664 2732 esse,
691 2649 837 2734 proxima
859 2654 980 2733 autem,
1005 2651 1118 2734 quibus
1141 2651 1203 2714 ista
1226 2651 1375 2715 refellun-

232 2765 302 2843 tur,
335 2783 355 2823 a
381 2759 498 2824 Tzetza
528 2756 612 2823 adici
645 2761 837 2825 diceremus:
872 2764 983 2825 contra
1017 2763 1144 2824 exortus
1177 2764 1225 2825 est
1253 2783 1284 2845 p.
1313 2763 1375 2826 834

233 2869 470 2953 Bemhardyus.
502 2870 560 2935 Oui
583 2893 654 2934 cum
677 2871 837 2954 explicata
860 2892 879 2934 a
902 2871 994 2934 nobis
1018 2894 1049 2955 p.
1066 2872 1108 2936 39
1125 2869 1177 2958 [33
1193 2870 1254 2960 sq.]
1278 2894 1375 2956 argu-

232 2983 343 3043 menta
365 2980 546 3062 obstarent,
571 2980 737 3064 quominus
760 2980 930 3044 absurdam
954 2981 993 3044 de
1008 2980 1129 3045 LXXII
1153 2981 1272 3045 criticis
1295 2981 1374 3045 Pisi-

232 3089 362 3154 strateis
385 3091 537 3155 fabellam
559 3091 593 3154 in
617 3091 751 3155 eundem
766 3090 917 3155 'l'zetzam
940 3092 1116 3173 conferret,
1140 3092 1193 3175 qui
1217 3095 1313 3155 antea
1335 3092 1374 3156 de

233 3199 395 3264 Pisistrati
432 3199 668 3285 Ptolemaeique
711 3201 824 3264 studiis
864 3199 1044 3271 Homericis
1088 3201 1262 3265 rectissime
1307 3202 1375 3285 ipse

233 3310 446 3394 exposuisset:
469 3333 586 3375 novam
608 3310 661 3375 ille
682 3311 767 3374 viam
789 3311 873 3375 hanc
896 3311 1108 3396 excogitavit,
1131 3314 1168 3374 ut
1189 3311 1244 3375 illa
1270 3312 1376 3395 potius

232 3421 357 3506 priora,
386 3421 499 3505 quibus
528 3443 607 3484 sana
629 3420 799 3485 traduntur
822 3424 854 3484 et
876 3420 1049 3505 exquisita,
1078 3421 1120 3485 ab
1142 3421 1259 3485 'l'zetza
1287 3421 1375 3484 abiu-

233 3531 372 3614 dicaret,
397 3531 470 3594 hnic
487 3533 592 3594 auteur
607 3553 661 3595 eas
684 3531 822 3615 ineptias
844 3531 1015 3614 tribueret,
1041 3553 1121 3615 quae
1143 3531 1178 3595 in
1200 3531 1264 3594 fine
1280 3529 1378 3614 (qaod

232 3651 353 3707 coastat
369 3645 466 3717 fuisse
484 3644 683 3716 salsissimum
706 3663 732 3704 e.
757 3665 788 3726 q.
812 3643 853 3727 s.)
876 3641 990 3705 merito
1013 3641 1239 3704 refutarentm.
1285 3639 1375 3714 Quod

232 3753 288 3816 ille
311 3753 358 3816 sic
380 3752 530 3835 consequi
557 3751 693 3834 studuit,
724 3755 775 3833 ut,
805 3751 953 3835 quoniam
981 3752 1026 3815 ita
1049 3754 1081 3814 ct
1103 3751 1268 3835 aliquanto
1291 3751 1374 3814 locu-

234 3862 384 3946 pletiore,
415 3883 510 3946 quam
532 3859 704 3926 Heliodoro
734 3861 857 3945 aliquo,
887 3861 1106 3925 narrationum
1133 3860 1376 3925 Homericarum

234 3976 364 4037 auctore
391 3994 470 4055 opus
499 3975 583 4054 crat,
612 3975 645 4034 et
673 3993 709 4034 eo
739 3971 881 4055 quidem,
915 3971 969 4056 qui
997 3993 1062 4035 non
1092 3971 1132 4034 ab
1161 3971 1231 4054 ipso
1258 3970 1375 4033 Tzetza

234 4089 329 4148 multo
355 4089 473 4147 aliter
495 4094 625 4160 capatus
646 4103 709 4146 esse
736 4081 909 4164 diceretru,
939 4081 1058 4164 duplici
1086 4081 1175 4144 facta
1197 4081 1375 4144 mutatione

236 4192 353 4258 codicis
372 4193 469 4257 verba
492 4193 666 4276 corrigeret
688 4191 722 4255 in
745 4191 830 4255 hunc
851 4190 994 4256 modum:
1038 4196 1259 4256 Herodorus
1281 4198 1375 4256 multa

236 4309 318 4366 alia
339 4315 483 4381 cupatur.
527 4301 727 4366 Herodorum
750 4304 856 4365 autem
883 4302 1045 4388 intellegit
1066 4305 1125 4368 τὸν
1147 4304 1205 4381 τὴν
1227 4303 1375 4383 Ὀρφέως

236 4413 287 4477 καὶ
314 4413 478 4479 Μουεαίου
507 4413 733 4493 campeanam
760 4412 915 4493 ἱετορίαν,
939 4413 1104 4498 Caligulae
1127 4412 1306 4497 aequalem:
1336 4412 1375 4475 de
