3226 5096
485 383 531 428 ns.
556 384 647 429 urna.
671 383 775 430 arax.
800 385 843 431 ur
866 383 1081 430 ersrsrnnro.
1299 369 1358 432 127.

217 535 253 594 ut
285 534 377 596 nobis
412 533 552 616 ridetur,
590 535 629 598 G.
665 535 849 598 Dindorfius
885 535 1016 617 tribuit,
1055 559 1073 598 a
1107 557 1168 619 quo
1205 535 1360 598 scholium

218 641 403 706 Plautinum
425 645 596 728 repetitum
619 648 668 708 est
690 645 724 708 in
740 645 903 708 Addendis
920 645 960 708 ad
976 644 1226 727 Aristophanem
1242 645 1359 709 Oxonii

220 773 321 835 nuper
343 753 479 834 editum,
509 754 571 818 vol.
596 755 724 839 quidem
745 755 791 817 IV
815 759 897 838 part.
922 757 942 818 3
964 777 995 837 p.
1020 755 1082 818 393
1104 777 1172 837 sqq.
1218 754 1360 838 Repetiit

219 863 317 926 etiam
344 863 609 947 diligentissimus
638 865 805 930 Cramerus
836 888 867 947 p.
894 865 933 927 12
962 887 1025 947 sq:
1059 885 1250 947 quamquam
1279 885 1359 946 quae

220 971 260 1034 de
282 972 341 1036 hoc
357 977 548 1057 argumento
563 975 632 1058 ipse
648 977 880 1038 commentatus
896 977 959 1054 est,
984 973 1029 1036 eis
1051 995 1162 1056 parum
1187 972 1360 1055 profecisse

219 1095 325 1146 mator
342 1089 481 1162 publicus
503 1089 679 1148 academiae
700 1084 891 1147 Oxoniensis
913 1083 1089 1146 censendus
1112 1087 1176 1162 est,
1201 1083 1287 1146 cuius
1311 1083 1360 1145 vol

220 1192 318 1254 rerba
341 1192 529 1276 intellegere
552 1192 719 1277 aliquoties
743 1196 791 1256 est
813 1192 953 1256 difficile.

756 1456 829 1535 aa.

220 1588 275 1651 De
304 1588 461 1652 ratione
490 1590 676 1654 universa
707 1613 804 1673 quae
828 1591 934 1653 iuter
961 1612 1143 1674 graecum
1171 1613 1362 1674 gramma-

466 1700 586 1764 ticum
615 1705 653 1763 et
679 1699 848 1764 latinum
877 1699 1115 1763 intercedat.

270 1921 273 1926 ¹
307 1850 446 1913 Tantum
475 1855 580 1914 autem
608 1852 692 1915 idem
719 1852 798 1915 vidit
828 1852 1006 1933 verissime,
1041 1873 1158 1935 graeca
1187 1855 1219 1914 et
1248 1852 1396 1934 latinas

221 1960 283 2023 etsi
317 1959 352 2023 in
381 1960 525 2043 plurimis
558 1961 637 2024 satis
666 1961 750 2024 inter
779 1983 812 2024 se
841 1983 998 2045 congrua,
1033 1964 1142 2026 tamen
1171 1968 1215 2025 ad
1241 1969 1361 2027 uerbum

221 2070 354 2133 minime
377 2077 546 2149 quadrare,
569 2093 677 2134 verum
693 2072 739 2134 sic
755 2071 859 2154 potius
882 2071 1024 2152 differre,
1049 2075 1084 2134 ut
1106 2077 1189 2136 lu'nos
1207 2093 1362 2150 pruman-

221 2187 298 2243 tr'cos
324 2203 371 2275 en·
391 2186 491 2244 eodem
519 2187 636 2259 quidem
659 2186 763 2258 sorite,
797 2188 851 2244 sed
877 2201 1009 2244 seorsum
1038 2193 1066 2244 ct
1094 2202 1161 2246 cam
1191 2187 1364 2246 discrimine

221 2311 279 2352 arra
300 2295 434 2353 inarsisse
455 2295 619 2373 appareat.
665 2290 755 2365 Quod
783 2291 909 2373 quidem
935 2290 981 2353 ita
1004 2313 1071 2354 csse
1095 2313 1154 2354 nec
1181 2292 1281 2354 latere
1304 2313 1363 2354 nec

223 2399 339 2462 mirum
376 2421 444 2463 esse
481 2400 627 2484 cuiquam
663 2403 770 2484 potest
776 2449 784 2482 ,
830 2401 883 2483 qui
927 2400 962 2464 in
999 2401 1209 2484 grammatico
1246 2423 1363 2484 genere

224 2509 404 2572 litteramm
425 2531 613 2592 graecarum
636 2533 702 2574 non
730 2510 841 2573 leviter
863 2513 1006 2573 versatus
1034 2510 1188 2572 sescentis
1211 2510 1363 2592 exemplis

226 2619 389 2701 cognorit,
420 2623 540 2703 quanta
568 2620 743 2702 posteriore
766 2623 871 2683 aetate
894 2620 1119 2702 magistrorum
1141 2618 1239 2681 libido
1262 2619 1296 2680 in
1319 2619 1364 2682 eis

223 2729 463 2811 scriptiunculis
500 2735 647 2815 grassata
685 2730 743 2810 sit,
782 2751 862 2813 quac
901 2751 971 2792 cum
1009 2729 1049 2792 ad
1086 2729 1190 2792 locum
1227 2729 1363 2811 aliquem

226 2860 425 2902 communem
447 2842 631 2922 spectarent
654 2843 686 2902 et
707 2839 917 2922 multiplicem
939 2861 1030 2902 usum
1052 2839 1224 2918 haberent,
1249 2860 1268 2900 a
1290 2859 1363 2920 quo-

224 2949 316 3030 libet,
339 2951 375 3011 ut
396 2970 452 3011 suo
476 2949 609 3012 consilio
624 2949 675 3012 vel
698 2949 829 3032 ingenio
848 2948 1179 3030 accommodarentur,
1203 2947 1365 3028 frustatim

225 3056 382 3138 addendo,
406 3059 592 3140 omittendo,
616 3057 779 3140 mutando,
804 3056 997 3139 exornanda
1023 3057 1231 3140 excerpenda,
1261 3061 1364 3120 trans-

226 3168 391 3250 ponendo,
416 3167 650 3249 contrahenda,
680 3167 882 3249 dissecando,
913 3166 1165 3251 conglutinando
1193 3167 1227 3230 in
1248 3189 1365 3230 novam

225 3299 325 3359 usque
357 3278 494 3340 formam
527 3277 726 3360 speciemque
759 3276 997 3361 redigebantur.
1054 3275 1169 3350 Quodsi
1204 3275 1368 3360 utriusque

225 3386 430 3470 grammatici
463 3387 560 3450 verba
593 3387 700 3470 paullo
733 3385 920 3470 diligentius
957 3387 1041 3449 inter
1074 3407 1108 3448 sc
1141 3387 1363 3470 composueris

226 3495 308 3558 nihil
331 3496 573 3578 propemodum,
597 3497 651 3560 ubi
667 3498 707 3560 ab
730 3499 837 3559 assuto
859 3497 893 3558 in
915 3496 979 3558 fine
1001 3517 1110 3578 panno
1131 3495 1307 3576 recesseris,
1332 3495 1366 3558 iu

226 3605 353 3690 graecis
376 3605 537 3688 proditum
552 3605 706 3690 reperies,
731 3608 813 3690 quod
829 3627 895 3669 non
916 3605 1026 3668 redeat
1046 3605 1079 3668 in
1103 3606 1228 3686 latinis,
1254 3609 1366 3667 contra

226 3716 262 3779 in
285 3715 409 3800 hissat
431 3715 531 3779 multa
559 3715 680 3798 posita,
711 3737 791 3799 quae
814 3739 833 3778 a
858 3715 982 3799 graecis
1011 3715 1137 3780 absunt.
1183 3715 1228 3778 Et
1255 3714 1367 3778 horum

227 3825 355 3909 quidem
379 3847 449 3888 cum
477 3829 603 3888 tantum
633 3847 735 3908 pauca
762 3824 917 3908 quaedam
946 3825 993 3887 ita
1016 3830 1200 3908 comparata
1222 3825 1302 3905 sint,
1332 3829 1367 3888 ut

227 3935 279 3998 vel
307 3933 516 4018 intellegendi
540 3935 639 3998 errori
666 3935 714 3999 vel
745 3933 921 3999 exornandi
948 3935 1226 4018 amplificandique
1253 3935 1367 3997 intem·

228 4045 396 4128 perantiae
424 4044 523 4127 ipsius
550 4045 735 4128 interpretis
763 4045 856 4107 latini
884 4045 991 4108 deberi
1019 4045 1160 4127 possint,
1191 4066 1254 4107 nou
1283 4043 1367 4106 vidc-

228 4155 335 4216 bimur
363 4153 495 4217 calidius
523 4175 617 4236 quam
647 4154 876 4219 consideratius
905 4154 1139 4239 argumentari,
1169 4176 1240 4218 cum
1268 4157 1368 4218 multo

228 4264 360 4347 propius
387 4263 427 4326 ad
455 4257 610 4347 principis
642 4264 742 4329 fontis
770 4267 802 4328 et
829 4265 923 4327 fidem
952 4269 984 4328 et
1009 4265 1189 4328 ubertatem
1218 4264 1368 4328 accedere
1427 4283 1454 4353 q

229 4371 415 4436 Plautinum
445 4373 600 4438 scholium
632 4397 727 4458 quam
760 4377 937 4441 ἀνέκδοτον
971 4374 1153 4438 Parisiuum
1185 4375 1366 4440 dixerimus.
