3218 5094
602 373 650 420 ua
672 373 742 422 ouo
765 373 809 420 nr
833 372 974 420 oriona.
1299 353 1361 417 603

219 528 303 594 tiens
324 527 559 612 quinquagiens
578 527 816 591 commemorari
835 527 950 609 Orum,
978 526 1032 590 vix
1049 525 1180 590 triciens
1196 522 1359 588 Orionem.

219 642 327 722 Atque
349 639 384 702 in
406 639 490 702 hanc
512 640 638 721 partem
653 661 718 702 nou
741 637 851 702 dubito
872 644 979 702 seriem
1001 636 1090 700 illam
1107 641 1296 716 popinarum
1313 633 1361 696 iu-

220 749 401 832 terpretari.
447 748 581 833 Singula
604 770 665 832 quo
687 747 781 811 modo
803 748 1007 829 deliniantur,
1035 745 1177 810 noudum
1198 744 1291 808 huius
1314 746 1363 808 est

220 859 283 924 loci
305 859 464 943 persequi.
498 859 697 942 Quamquam
719 880 817 922 unum
839 857 900 922 hoc
923 856 1086 921 commode
1108 855 1185 920 licet
1206 855 1360 938 subicere,

219 969 383 1034 verissime
409 968 443 1032 iu
466 969 573 1052 Etym.
597 969 642 1032 M.
666 991 697 1052 p.
723 969 780 1051 91,
804 968 845 1033 28
868 967 981 1033 Orioni
1004 967 1103 1033 Orum
1131 965 1241 1029 cedere
1268 987 1361 1048 prop-

220 1083 270 1144 ter
296 1078 440 1143 Zonaras
467 1079 692 1144 auctoritatem
718 1101 750 1162 p.
777 1078 852 1161 151,
887 1077 1029 1143 omnium
1057 1075 1295 1162 diligentissimi
1326 1075 1361 1140 in

220 1189 281 1255 hoo
303 1210 421 1276 genere
444 1189 628 1276 etymologi.

744 1415 765 1493 e
790 1414 839 1477 11.

307 1565 476 1630 Contraria
509 1565 598 1648 hnic,
633 1587 727 1649 quem
764 1565 857 1629 modo
891 1563 1115 1646 tractavimus,
1153 1563 1223 1626 loco
1260 1563 1362 1627 altera

221 1675 365 1758 quaestio
386 1675 443 1740 illa
466 1679 529 1758 est,
558 1698 635 1739 uum
657 1676 756 1758 forte,
787 1675 888 1739 sicubi
911 1675 988 1739 Orio
1015 1695 1123 1738 earum
1146 1694 1251 1736 rerum
1272 1672 1363 1736 testis
1409 1660 1416 1674 ⁶

222 1785 390 1864 excitetur,
413 1785 550 1869 quaein
573 1785 640 1850 eius
663 1785 764 1849 lexico
786 1785 918 1849 minime
940 1783 1096 1868 reperim,
1122 1782 1160 1847 de
1183 1784 1363 1866 permutato

223 1916 294 1958 cum
324 1893 442 1960 Orione
471 1895 536 1961 Oro
565 1895 772 1981 cogitandum
799 1895 842 1959 sit
870 1894 1031 1978 similiter,
1064 1897 1158 1977 atque
1186 1894 1224 1956 de
1252 1892 1363 1976 depra-

222 2007 297 2068 vato
319 2005 354 2070 in
376 2005 474 2086 Ὦροε
495 2006 614 2086 Ὠρίων
636 2007 767 2070 nomine
789 2006 823 2069 in
844 2005 1003 2088 prioribus
1026 2003 1098 2068 illis
1133 2003 1257 2088 Tetigit
1278 2002 1363 2066 hunc

222 2115 327 2178 locum
354 2113 496 2179 Sturzius
524 2116 626 2200 praef.
656 2139 688 2200 p.
712 2115 775 2199 VI,
809 2137 901 2199 quern
931 2115 1058 2198 quidem
1085 2113 1195 2177 mirari
1228 2113 1304 2177 licet
1331 2115 1364 2176 et
1380 2119 1412 2167 ‘20
1525 2131 1531 2142 ’

222 2247 320 2288 uuum
341 2228 469 2289 tantum
485 2225 629 2290 nancisei
650 2226 743 2290 istius
757 2225 843 2289 modi
859 2225 1038 2308 exemplum
1053 2223 1210 2308 potuisse,
1235 2225 1267 2286 et
1289 2243 1364 2287 vero

222 2333 300 2398 illud
328 2357 456 2418 prorsus
484 2335 526 2400 ab
552 2335 613 2400 hac
641 2357 753 2400 caussa
781 2336 931 2400 alienum.
977 2334 1072 2418 Apud
1100 2333 1251 2399 Orionem
1279 2332 1364 2396 enim

224 2465 296 2508 cum
318 2467 349 2528 p.
374 2445 416 2508 22
424 2496 433 2528 ,
452 2447 489 2510 17
519 2447 598 2510 haec
626 2447 792 2530 legantur:
821 2445 943 2524 Ἀγυιά,
965 2445 984 2524 ἡ
1008 2444 1101 2523 ὁδόε,
1124 2445 1212 2523 παρὰ
1233 2445 1271 2507 τὸ
1294 2442 1364 2518 ἄγω

223 2555 260 2619 τὸ
282 2555 476 2640 πορεύομαι,
506 2556 716 2640 supplendam
742 2557 796 2620 ille
818 2555 903 2619 hanc
924 2555 1124 2618 notationem
1145 2553 1294 2617 odoratus
1317 2554 1365 2615 est

224 2686 262 2727 ex
288 2663 427 2728 Beklreri
450 2673 618 2752 ευναγωγῇ
641 2667 761 2733 λέξεων
792 2667 951 2747 χρηείμων
974 2663 1097 2729 Αυοοά.
1125 2686 1173 2748 gr.
1195 2663 1211 2726 l
1233 2685 1264 2746 p.
1289 2661 1362 2745 332,

225 2774 280 2838 13:
313 2777 446 2854 Ἀγυιαί,
474 2776 624 2859 άμφοδα,
656 2777 757 2857 ῥῦμαι.
805 2778 856 2841 καί
887 2777 1031 2856 Ὅμηροε
1060 2775 1251 2854 εὐρυάγυιαν
1281 2771 1365 2850 λέγει

223 2887 282 2964 τὴν
305 2888 578 2968 πλατυάμφοδον,
601 2887 672 2953 οίον

455 3052 515 3116 νῦν
537 3049 600 3128 γάρ
622 3069 677 3115 κεν
700 3048 785 3113 ἕλοι(
806 3049 901 3116 πόλιν
926 3047 1126 3127 εὐρυάγυιαν.

225 3199 244 3277 ἢ
274 3199 431 3277 ἐπιμήκειε
461 3201 547 3280 ὁδοί,
580 3202 668 3280 παρά
694 3203 733 3267 τὸ
761 3203 801 3281 μὴ
830 3201 916 3281 ἔχειν
942 3221 1011 3264 πωε
1038 3203 1112 3276 γυῖα
1138 3201 1188 3264 καὶ
1216 3200 1292 3279 μέλη
1316 3199 1365 3263 καὶ

225 3307 376 3388 κάμψειε·
409 3310 449 3374 τά
480 3313 515 3376 δὲ
548 3311 680 3391 ἄμφοδα
712 3311 838 3391 ἔχουῑιν
875 3311 1071 3389 ἑκατέρωθεν
1104 3309 1283 3389 διεξόδους,
1316 3310 1365 3372 καὶ

225 3418 323 3503 ταύτῃ
346 3419 497 3500 διαφέρει.
541 3422 560 3501 ἣ
583 3423 670 3501 παρά
691 3423 730 3486 τὸ
752 3421 822 3498 άγω
844 3421 881 3486 τά
904 3421 1098 3499 πορεύομαι,
1121 3419 1192 3486 01ον

399 3571 556 3653 Λαοδίκην
579 3573 735 3651 ἐεάγουεα
756 3576 924 3653 θυγατρῶν
947 3571 1034 3638 door
1056 3572 1192 3653 ἀρίειην.

226 3724 354 3789 οὕτω(
385 3725 530 3804 Ὠρίων.
584 3725 624 3789 In
656 3725 706 3789 his
740 3724 881 3808 Sturum,
919 3724 1002 3808 quod
1039 3723 1116 3788 alibi
1149 3743 1244 3806 saepe
1281 3722 1363 3806 aliis,
1438 3761 1444 3772 ·

225 3832 331 3898 fraudi
352 3834 431 3918 fuit,
460 3834 542 3919 quod
566 3835 753 3918 coniuncta,
784 3855 865 3919 quae
892 3835 960 3918 ipse
988 3833 1217 3919 grammaticus
1245 3834 1264 3913 ἤ
1293 3855 1365 3916 par-

225 3943 332 4008 ticulis
355 3945 576 4028 disiunxisset‚
606 3945 645 4008 ad
673 3967 772 4009 unum
793 3945 919 4009 rettulit
941 3945 1108 4027 Orionem,
1138 3944 1226 4008 cuius
1247 3965 1365 4008 nomen

227 4053 267 4115 ad
290 4055 436 4120 ultimam
457 4058 585 4120 tantum
607 4059 732 4139 partem
760 4077 779 4119 a
809 4057 897 4135 παρὰ
923 4056 960 4121 τὸ
983 4054 1053 4132 άγω
1081 4054 1186 4118 verbis
1208 4053 1364 4137 pertinet:

228 4165 278 4244 ut,
307 4165 371 4228 nisi
396 4166 480 4230 forte
502 4187 610 4230 versus
633 4163 838 4248 Homericus,
867 4164 949 4229 nihil
977 4165 1013 4228 in
1034 4163 1164 4229 Orionis
1189 4165 1291 4228 lexico
1313 4184 1365 4227 ex-

229 4271 350 4336 ciderit.
389 4273 478 4349 Quod
500 4275 626 4359 quidem
647 4276 694 4340 ita
716 4297 802 4358 esse,
824 4273 1005 4340 firmissimo
1025 4278 1214 4358 argumento
1236 4275 1364 4339 demon-

228 4382 323 4448 strari
351 4383 478 4448 aliunde
505 4388 621 4468 potest.
666 4386 717 4452 Ex
745 4385 789 4452 eis
817 4386 917 4469 enim,
952 4406 1032 4470 quae
1061 4383 1300 4472 Prolegomenis
1330 4385 1364 4450 in
