3226 5096
477 390 523 436 na
546 391 638 437 aran.
662 391 766 438 anax.
790 391 834 438 nr
855 391 1071 440 rrsrsruaru
1284 378 1344 442 145

200 541 318 604 natos?
366 541 426 616 Qui
455 541 505 606 vel
533 543 579 606 sic
607 543 710 607 bonae
741 542 845 628 frugis
873 564 941 608 esse
968 543 1146 627 plenissimi
1172 549 1345 629 potuerunt

200 673 419 735 summamque
452 652 625 716 utilitatem
659 653 772 717 afferre
799 652 1005 718 Callimacho.
1056 653 1130 718 Non
1163 676 1247 740 nego
1279 656 1344 720 ullo

199 761 294 825 modo
322 761 389 825 eius
416 761 502 824 modi
530 762 653 826 indices
675 762 707 826 h.
732 785 759 826 e.
783 764 918 829 πίνακα(
945 764 1070 846 saepius
1098 785 1166 828 esse
1188 766 1285 830 etiam
1310 766 1344 830 in

200 871 344 954 privatos
366 893 440 935 usus
462 871 655 955 descriptos:
677 872 738 936 hoc
754 872 840 955 dice,
864 873 986 937 nullam
1009 894 1116 938 eorum
1138 875 1343 958 mentionem,

201 981 465 1065 quemadmodum
502 982 671 1064 plurimam
708 981 1009 1065 Callimacheorum,
1053 983 1122 1047 fieri
1163 987 1343 1069 propterea,

200 1091 285 1175 quod
306 1091 468 1155 rationum
483 1091 680 1174 expositione
704 1093 899 1177 carerent*).
930 1091 1019 1172 Idem
1042 1097 1148 1156 autem
1169 1094 1345 1159 transferre
1419 1151 1421 1156 .

199 1202 238 1264 in
259 1200 455 1264 Zenodotum
483 1201 574 1283 licet,
605 1201 658 1286 qui
685 1204 795 1266 tantos
817 1201 980 1285 scrupulos
1003 1200 1211 1287 Bernhardyo
1233 1205 1343 1269 morit.

200 1311 262 1375 Cui
285 1313 320 1373 ut
347 1311 522 1394 largiamur
548 1332 619 1374 eam
645 1311 743 1375 fuisse
767 1309 938 1374 Zenodotei
967 1311 1105 1376 nominis
1128 1314 1345 1378 celebritatem

200 1442 332 1504 prorsus
347 1420 543 1484 tralaticium
558 1421 700 1484 nectere
716 1420 757 1484 ab
768 1420 1006 1484 Alexandrinae
1021 1423 1137 1485 aetatis
1150 1424 1345 1508 cogitatione

200 1530 395 1613 seiunctam,
425 1534 462 1593 ut
490 1551 509 1594 a
536 1529 763 1614 posterioribus
787 1529 884 1594 etiam
911 1551 972 1613 quo
1000 1552 1065 1594 non
1091 1531 1267 1614 pertineret
1289 1535 1345 1596 ali-

198 1639 325 1724 quoties
347 1640 577 1703 intruderetur:
600 1643 710 1703 tamen
732 1639 792 1703 hoc
814 1639 966 1722 quoniam
980 1661 1046 1704 non
1068 1640 1145 1703 item
1167 1641 1202 1704 iu
1224 1642 1344 1706 socium

199 1749 421 1814 Alexandrum
436 1749 587 1832 quadrat,
612 1748 751 1812 alienum
767 1748 861 1812 debet
882 1748 922 1812 ab
943 1747 1004 1812 hae
1027 1750 1211 1832 quaestione
1234 1750 1343 1815 videri.

198 1859 373 1923 Praeterea
395 1859 478 1942 quod
500 1860 642 1935 γλώεεα(
665 1857 791 1941 quidem
808 1861 841 1921 et
863 1858 1073 1938 ὑπομνήματα
1094 1861 1231 1941 ἱετορικὰ
1246 1859 1344 1928 Zeno-

199 1969 269 2032 doti
287 1968 525 2032 commemorari
548 1968 610 2032 ait:
633 1967 672 2031 de
694 1967 807 2051 quibus
828 1967 899 2031 vide
915 1966 1250 2054 Schweighaeuserum
1266 1972 1346 2036 Ani-

199 2078 309 2143 madv.
333 2079 367 2143 in
390 2079 509 2142 Athen.
527 2079 589 2142 vol.
613 2075 660 2140 lX
680 2099 712 2160 p.
730 2077 808 2142 218:
839 2076 920 2141 nihil
948 2080 1053 2142 autem
1076 2101 1226 2164 uniquam
1254 2081 1345 2146 istius

200 2187 289 2252 modi
322 2187 637 2270 commentariorum,
672 2186 856 2270 responderi
892 2187 1063 2270 dupliciter
1096 2193 1211 2272 potest.
1261 2189 1347 2254 Nam

201 2297 287 2362 idern
309 2297 363 2361 ille
377 2296 565 2361 Homericos
581 2296 824 2361 commentarios
840 2300 897 2360 aut
911 2297 1040 2380 scripsit
1055 2303 1190 2362 autnon
1205 2299 1344 2382 scripsit.

200 2407 322 2484 Quodsi
344 2406 488 2490 scripsit,
517 2405 772 2490 respondendum
793 2428 835 2470 ne
856 2406 968 2470 horum
990 2407 1117 2490 quidem
1138 2429 1195 2491 per
1217 2409 1345 2492 amplis-

200 2518 284 2582 sima
311 2538 392 2601 quae
420 2519 590 2599 supersunt
616 2515 737 2580 scholia
760 2514 858 2578 ullam
880 2515 1074 2580 mentionem
1101 2517 1180 2580 fieri.
1226 2517 1346 2582 Contra

201 2628 229 2691 si
252 2627 341 2690 nullo
363 2627 563 2706 ὑπομνήματι
586 2625 780 2689 illustratam
795 2625 918 2692 ἔκδοειν
942 2628 1110 2707 Ὁμηρικήν
1131 2626 1291 2712 vulgavit:
1314 2627 1344 2690 id

201 2736 287 2822 quod
309 2739 382 2820 post
403 2735 555 2798 Wolfium
577 2734 757 2819 Prolegom.
782 2757 813 2818 p.
831 2733 945 2800 CCXV
967 2734 1060 2799 hodie
1081 2735 1149 2800 fere
1171 2757 1236 2800 non
1258 2736 1347 2800 dubi·

200 2847 307 2910 tatur:
335 2844 410 2929 quid
439 2847 488 2908 est
511 2866 566 2908 cur
587 2865 653 2908 non
675 2845 752 2909 item
779 2844 813 2908 in
839 2844 940 2908 altero
967 2845 1022 2908 illo
1050 2865 1167 2930 genere
1195 2845 1347 2929 primaria

201 2975 301 3039 opera
324 2958 509 3020 contentum
535 2953 634 3017 fuisse
661 2975 793 3037 parcum
815 2953 974 3018 scribendi
997 2953 1099 3017 virum
1127 2955 1346 3039 concedamus,
1365 2979 1397 3028 27

201 3085 393 3148 suorumque
418 3063 560 3128 indicum
587 3063 837 3128 enarrandorum
865 3079 974 3127 cruam
1001 3063 1165 3128 credamus
1199 3064 1270 3128 aliis
1300 3087 1347 3129 re-

201 3174 349 3257 liquisse:
384 3195 478 3257 quam
509 3172 635 3256 quidem
667 3194 756 3256 spem
783 3194 849 3236 nou
882 3172 1063 3238 destituisse
1095 3176 1238 3257 posteros
1270 3175 1347 3258 ipsis

202 3283 410 3364 Callimachi,
440 3281 684 3364 Aristophanis,
714 3281 895 3346 Aristarchi
923 3283 1075 3367 exemplis
1101 3287 1245 3368 apparet.
1291 3283 1348 3349 Ce-

201 3399 307 3457 terum
331 3393 357 3456 si
381 3413 400 3456 a
421 3397 617 3476 διορθωτικῷ
640 3412 758 3476 genere
774 3392 824 3454 vel
846 3391 1058 3456 alienissimus
1072 3392 1239 3476 Lycophro
1254 3391 1347 3462 Chal-

204 3502 343 3568 cidensis
357 3501 471 3566 fuerit:
493 3502 571 3566 satis
587 3521 733 3583 caussae,
758 3521 813 3565 cur
834 3501 917 3565 istuc
938 3501 1115 3566 aCrameri
1137 3501 1348 3587 grammatico

204 3661 407 3668 ‚n--W--u-

267 3755 292 3824 *l
305 3755 390 3808 Recte
404 3753 516 3821 quidem
528 3751 650 3807 Naelrius
663 3752 735 3806 Diss.
749 3751 783 3807 de
793 3751 900 3806 Gallim.
915 3753 1018 3808 Hecale
1031 3771 1057 3824 p.
1071 3759 1087 3808 5
1100 3753 1250 3834 [Opusc.ll‚
1261 3760 1277 3809 8
1287 3755 1349 3823 aql:

205 3853 280 3914 Quod
302 3853 467 3916 longissimam
491 3866 555 3915 opas
575 3849 720 3900 Callimachi
740 3850 821 3913 secure
842 3856 931 3914 puter,
953 3847 1065 3901 Πίνακα
1081 3854 1120 3901 vel
1136 3847 1262 3901 Πίνακαε
1280 3864 1348 3901 παν-

203 3943 341 3996 τοδαπῶν
358 3940 595 4007 (υγγραμμάτων,
615 3959 645 3992 ne
664 3945 744 4007 ipsam
763 3944 861 4007 peridem
882 3944 978 3992 enarrat
993 3943 1075 4006 fatere
1093 3946 1248 4008 turpitudine
1270 3945 1350 3993 enisu·

203 4040 336 4102 maerim,
359 4052 412 4086 crau
434 4036 505 4098 libri,
534 4035 623 4101 quitus
645 4036 709 4085 illud
730 4033 810 4085 saraa
838 4042 900 4084 teste
928 4037 1052 4094 certarint,
1080 4044 1176 4086 centum
1202 4043 1228 4086 et
1253 4037 1348 4100 ctpinli.

204 4138 301 4196 quanto
323 4131 416 4194 rinpnlr‘
440 4128 533 4179 ambitu
554 4126 665 4190 fuerint.
689 4130 833 4192 ipnoretar,
861 4135 886 4177 et
908 4143 973 4193 qaae
995 4129 1140 4192 afferantur
1161 4117 1248 4179 ex‘eo
1270 4144 1350 4192 opere

202 4227 243 4274 ita
265 4228 413 4286 compunta
435 4224 499 4282 siue,
523 4226 549 4270 ut
573 4221 688 4284 carolem·
710 4219 855 4270 breuitatem
883 4220 1000 4271 habuisse
1029 4227 1106 4271 toturn
1133 4237 1197 4286 opus
1224 4223 1348 4275 uideatur.

203 4313 293 4367 Recte
310 4310 381 4364 haec
391 4310 450 4364 ille:
469 4309 518 4364 sed
535 4313 644 4375 tamen,
662 4311 693 4362 ut
711 4325 797 4374 usque
810 4325 920 4376 quaque
932 4327 1010 4363 suum
1024 4309 1207 4363 Callimachus
1218 4309 1349 4364 iudicium

201 4403 417 4472 interposuerit,
435 4403 464 4456 id
482 4401 556 4470 quod
574 4419 589 4456 e
608 4401 773 4469 fragmentis
792 4401 952 4469 planissime
970 4403 1144 4473 perspicitur.
1200 4440 1204 4444 -

258 4507 303 4544 rs,
317 4505 480 4540 urrscurmrr
499 4504 644 4540 crusec-aa
666 4506 682 4540 r.
1107 4489 1146 4551 10
