3218 5094
239 348 301 413 576
529 362 790 412 orcnroaoervn
812 359 1096 410 vrnoosonsnss.

241 539 316 581 casu
339 516 449 580 avulsa
477 518 510 580 et
532 519 772 600 praeposterum
800 515 835 580 in
862 515 967 580 locum
995 513 1171 595 inculcata,
1201 533 1272 576 cum
1293 511 1382 597 regis

240 625 391 691 Hieronis
413 647 479 691 non
501 648 593 711 posse
616 648 684 692 esse
707 626 959 711 intellegeretur,
982 629 1102 689 temere
1123 624 1234 688 lictum
1256 623 1382 703 ὁμώνυ-

241 758 302 819 μον
324 740 543 821 procrearunt.

325 848 441 912 Adhuc
468 847 620 933 quoniam
647 847 682 912 in
713 845 944 933 redarguendis
979 844 1138 910 erroribus
1173 843 1313 908 maxima
1342 864 1382 907 ex

241 961 332 1043 parte
354 958 472 1022 versati
494 981 618 1041 sumus,
641 958 749 1042 placet
770 979 857 1022 nunc
878 955 914 1021 in
935 955 1179 1021 fructuosiorem
1201 955 1306 1020 locum
1329 973 1382 1018 ex-

240 1068 385 1153 spatiari.
432 1067 524 1134 Subit
557 1068 643 1132 enim
670 1067 796 1150 mirari,
830 1066 915 1131 unde
947 1069 1040 1132 tanta
1073 1065 1383 1151 apophthegmatum

240 1179 425 1262 multitudo,
457 1179 504 1243 ab
527 1177 626 1262 ipsis
654 1177 882 1242 auctoribus
910 1198 986 1242 non
1008 1176 1159 1260 scripto
1181 1173 1382 1239 mandato-

241 1311 337 1373 rum,
372 1288 437 1353 sed
470 1288 558 1354 viva
593 1309 687 1353 voce
720 1287 1090 1371 pronuntiaturum,
1128 1285 1308 1350 manaverit
1340 1283 1383 1348 ad

241 1399 417 1482 posteriora
440 1399 567 1463 saecula
589 1401 685 1482 atque
713 1397 793 1462 adeo
814 1397 945 1462 infimae
967 1397 1083 1462 aetatis
1105 1396 1239 1480 rivulos,
1268 1395 1383 1479 quibus

242 1509 368 1593 quidem
390 1509 598 1594 plurimorum
620 1508 771 1573 notitiam
792 1507 868 1572 solis
891 1507 1051 1573 debemus.
1090 1505 1138 1572 De
1160 1506 1274 1591 quibus
1296 1507 1382 1569 vete-

120 1665 124 1672 ·
241 1619 285 1682 ris
308 1618 486 1702 sapientiae
508 1617 635 1701 rivrdis,
670 1639 803 1702 quorum
830 1617 960 1702 quidam
987 1617 1149 1702 publicam
1176 1616 1281 1681 lucem
1303 1635 1383 1679 non·

242 1728 317 1794 dum
343 1728 508 1812 viderunt,
537 1727 609 1792 ride
637 1731 764 1813 practer
792 1727 904 1794 Orellii
933 1728 970 1792 in
992 1726 1153 1812 Opuscula
1187 1725 1384 1791 Graecorum

242 1839 438 1904 sententiosa
467 1843 499 1903 et
526 1838 661 1903 moralia
687 1837 904 1922 praefationes
932 1838 1115 1903 Fabricium
1142 1835 1226 1902 Bibl.
1256 1857 1306 1921 gr.
1335 1833 1384 1901 IX
1426 1889 1431 1896 ,

241 1972 273 2032 p.
298 1949 359 2014 758
381 1970 449 2033 sqq.
473 1947 564 2012 Harl.
610 1947 822 2032 Supersedere
844 1951 952 2012 autem
973 1948 1088 2033 opinor
1113 1947 1169 2012 illa
1192 1946 1384 2032 quaestione

241 2079 421 2142 possemus,
455 2059 484 2122 si
511 2057 555 2122 de
578 2056 772 2144 Diogenis
801 2059 1003 2143 potissimum
1023 2057 1179 2122 Lacrtii
1201 2055 1384 2121 fontibus

242 2190 262 2232 a
284 2190 441 2252 quoquam
463 2170 546 2233 esset
568 2167 742 2254 diligenter
764 2169 958 2253 quaesitum:
997 2168 1085 2233 cuius
1106 2168 1153 2232 rei
1175 2187 1216 2232 ne
1238 2166 1274 2230 in
1294 2185 1384 2230 meu-

242 2282 308 2342 tem
322 2279 449 2362 quidem
464 2278 552 2343 venit
566 2278 607 2362 ei,
631 2277 685 2363 qui
707 2280 745 2343 de
760 2277 916 2365 Diogenis
939 2280 1016 2362 vita,
1040 2277 1168 2362 scriptis
1191 2279 1229 2342 et
1251 2279 1383 2341 aucto·

158 2461 162 2468 ,
242 2388 364 2454 ritate
387 2387 595 2454 commentari
610 2388 729 2454 abhinc
745 2391 868 2475 aliquot
883 2411 985 2454 annos
1000 2388 1142 2453 instituit
1166 2385 1218 2476 [G.
1234 2385 1276 2451 H.
1293 2386 1384 2470 Klip-

243 2499 346 2581 pelius
368 2499 403 2563 in
425 2499 499 2564 diss.
524 2499 575 2564 ‘de
590 2498 746 2585 Diogenis
761 2500 798 2564 L.
822 2501 900 2583 vita,
924 2499 1052 2585 scriptis
1075 2502 1170 2584 atque
1192 2499 1227 2563 in
1249 2496 1385 2562 historia
1464 2551 1469 2562 .

243 2609 462 2693 philosophiae
497 2624 634 2696 graecae
661 2609 829 2674 scribenda
865 2613 1068 2676 auctoritate'
1096 2607 1285 2674 Nordhusae
1311 2627 1384 2691 pro-

242 2718 311 2782 dita
333 2741 363 2783 a.
389 2719 493 2808 1831].
539 2719 713 2786 Verissime
741 2720 827 2784 enim
853 2721 888 2785 in
910 2719 1108 2805 tripertitum
1130 2717 1285 2804 Diogenis
1309 2738 1384 2782 con-

243 2828 350 2892 silium
372 2828 515 2894 codicum
537 2829 705 2913 inscriptio
727 2830 807 2895 haec
829 2829 979 2915 quadrat:
1002 2832 1074 2912 περὶ
1098 2829 1187 2911 βίων,
1211 2829 1383 2909 δογμάτων

243 2939 305 3003 καὶ
334 2938 654 3021 ἀποφθεγμάτων
686 2945 753 3008 τῶν
782 2941 818 3007 ἐν
846 2941 1022 3027 φιλοεοφίᾳ
1051 2937 1384 3022 εὐδοκιμηεάντων.*)

243 3047 355 3132 ltaque
378 3049 485 3133 ampla
514 3052 547 3114 et
568 3049 657 3113 varia
679 3070 869 3135 graecarum
895 3051 1075 3116 litterarum
1102 3050 1208 3135 spatia
1236 3048 1291 3113 ubi
1312 3068 1384 3133 per·

243 3157 407 3240 metimur,
441 3159 579 3243 primum
606 3159 776 3226 incidimus
802 3161 838 3225 in
866 3161 1017 3246 frequens
1046 3181 1148 3246 genus
1171 3181 1295 3242 eorum,
1329 3157 1385 3242 qui

245 3270 353 3350 βίου(
374 3270 425 3335 vel
447 3273 535 3351 περὶ
557 3271 652 3353 βίων
683 3271 840 3336 clarorum
862 3271 1002 3336 virorum
1023 3271 1194 3356 scripsere,
1230 3270 1266 3333 ut
1287 3267 1384 3332 Anti-

243 3401 346 3465 gonus
369 3378 548 3465 Carystius,
572 3381 798 3465 Aristoxenus,
823 3381 1012 3465 Clearchus,
1037 3379 1270 3461 Dicaearchus,
1298 3371 1383 3442 Her-

243 3489 379 3574 mippus,
403 3489 535 3574 Satyrus
558 3490 666 3575 etqui
689 3491 755 3556 eius
770 3491 864 3556 Vitas
887 3490 1056 3576 compendi
1076 3490 1156 3556 fecit
1175 3487 1385 3554 Heraclides:

244 3600 382 3684 (diversa
404 3599 490 3664 enirn
512 3599 595 3665 ratio
618 3600 805 3685 Chrysippi,
828 3601 976 3685 Epicuri,
1000 3600 1161 3666 Stratonis
1184 3602 1216 3664 et
1237 3601 1274 3663 ut
1298 3597 1385 3662 vide·

243 3713 296 3774 tur
317 3709 536 3796 Xenocratis:)
574 3710 745 3798 aquibus,
779 3711 807 3776 si
828 3733 896 3777 rem
918 3715 1060 3796 spectas,
1095 3733 1161 3776 non
1183 3710 1307 3774 distant
1330 3706 1385 3794 qui

311 4015 335 4083 *)
359 4013 425 4084 [Sua
448 4017 548 4085 sponte
569 4015 690 4086 perspici
713 4018 782 4086 puto
805 4034 861 4073 non
883 4017 913 4071 id
934 4033 979 4072 mc
1003 4015 1094 4086 egisse
1117 4014 1146 4069 in
1164 4014 1204 4070 eis
1223 4029 1294 4082 quae
1312 4012 1387 4068 infra

245 4107 348 4190 scripta
366 4109 438 4174 sunt,
460 4109 491 4162 ut
510 4125 578 4176 quos
597 4112 725 4164 auctores
743 4109 803 4178 ipsa
819 4109 947 4165 Laertius
965 4110 1117 4164 tractasset
1134 4108 1316 4178 explorarem,
1335 4107 1387 4161 sed

245 4202 276 4253 ut
293 4200 403 4254 illorum
420 4201 544 4270 ipsorum
556 4204 700 4256 auctorum
719 4204 809 4257 fontes
822 4201 993 4270 antiquiores
1006 4201 1053 4269 qui
1065 4201 1191 4268 fuissent,
1209 4199 1303 4267 aliqua
1322 4216 1386 4254 curn

243 4292 443 4360 probabilitate
461 4296 717 4350 commonstrarem.
752 4295 795 4348 Illi
818 4295 903 4363 enim,
928 4293 1003 4364 quod
1021 4295 1086 4349 aute
1105 4293 1175 4361 dixi,
1193 4291 1331 4348 desiderio
1351 4309 1387 4347 nc

243 4403 314 4438 nunc
333 4386 443 4453 quidem
462 4388 529 4442 satis
548 4390 652 4443 factum
670 4405 730 4444 esse
749 4390 793 4442 est
810 4405 877 4444 sune
896 4387 970 4456 quod
988 4387 1153 4456 doleamus]
