3184 5100
350 453 592 503 arruonoorcr
616 455 831 502 anonumum
854 455 977 503 uanvrs
1001 455 1221 505 nascmrrro.
1291 438 1370 503 675·

214 611 339 670 nurtuas
362 608 502 672 rationes
518 611 550 672 et
565 607 706 692 origines
723 608 977 694 cognoscendas,
1003 631 1081 692 quas
1096 609 1172 672 olim
1186 609 1353 694 tetigimus

214 719 482 782 commentatione
505 717 544 783 de
566 721 631 783 Oro
654 723 687 783 et
703 719 822 784 Orione
845 719 912 801 52,
935 719 999 783 nisi
1020 719 1164 783 fallimur
1185 741 1251 784 non
1273 719 1355 783 nulli

213 829 281 892 usui
305 851 372 893 esse
395 829 523 914 poterit.
554 829 700 896 Fecimus
722 833 830 894 autem
844 830 878 894 in
893 831 955 894 hoc
977 829 1079 894 lexico
1101 830 1233 914 edenda,
1258 829 1351 914 quod,

212 942 247 1002 ut
270 937 507 1005 allemanni
528 941 633 1004 verbis
655 944 783 1004 utamur
805 940 838 1004 in
861 939 958 1004 simili
982 962 1093 1005 caussa
1114 941 1227 1025 positis
1249 941 1352 1025 praef.

211 1049 246 1113 in
269 1051 365 1115 Drae.
390 1050 531 1116 Straton.
556 1073 588 1134 p.
612 1051 692 1131 Vll,
716 1055 895 1128 faciendum
917 1059 948 1116 iu
970 1057 1105 1117 omniura
1126 1063 1170 1116 est
1190 1073 1269 1131 quae
1285 1058 1352 1132 pri-

210 1183 289 1225 mum
311 1169 457 1241 eduntur,
490 1173 523 1226 ut
543 1169 641 1242 ipsum
663 1169 778 1226 codicis
798 1169 982 1243 scripturum
1004 1169 1196 1243 quantumuis
1216 1169 1353 1227 vitiosum

210 1278 427 1350 exhiberemus,
452 1294 511 1352 quo
533 1293 580 1351 ue,
605 1279 688 1352 quod
701 1280 732 1336 r'u
747 1279 907 1355 Hespobr'o,
931 1278 1108 1353 Etpmolopo
1129 1279 1258 1352 aliisque
1278 1279 1349 1336 mul·

211 1389 462 1464 descriptoribus
477 1387 597 1461 suetum
620 1389 761 1462 dolemus,
787 1391 825 1448 de
845 1392 912 1464 ipsu
927 1389 1065 1450 codicum
1087 1389 1212 1448 lectione
1233 1388 1351 1448 dubito-

210 1502 251 1560 u'o
278 1503 392 1559 moueri
414 1507 524 1576 posset.
570 1493 710 1578 Eiusque
738 1494 863 1558 consilii
898 1495 995 1559 etiam
1028 1493 1164 1558 alteram
1191 1493 1352 1578 quandam

210 1605 369 1669 rationem
398 1605 577 1669 habuimus,
623 1603 707 1668 Nam
736 1627 807 1668 cum
829 1605 947 1669 nullius
969 1605 1093 1690 negotii
1116 1608 1200 1670 esset
1220 1604 1351 1669 mendo-

209 1737 295 1798 rum,
330 1716 444 1799 quibus
467 1719 570 1780 scatet
593 1716 707 1798 codex,
736 1736 835 1799 prope
857 1714 1019 1779 infinitam
1040 1715 1279 1780 multitudinem
1300 1715 1351 1780 vel

210 1827 285 1891 solis
318 1827 470 1891 adhibitis
502 1825 734 1912 Etymologicis
767 1826 896 1908 tollere,
935 1827 1079 1890 consulto
1113 1826 1272 1890 noluimus
1305 1825 1350 1890 eis

210 1941 365 2020 vestmm,
389 1938 502 2022 quibus
524 1937 605 2001 haec
626 1936 731 2001 studia
755 1935 841 2000 cordi
864 1939 954 2019 sunt,
979 1937 1114 2021 scriptos
1136 1939 1243 2000 autem
1267 1936 1350 2000 codi-

210 2071 262 2112 ces
277 2049 435 2133 inspicere
457 2070 524 2113 non
546 2047 693 2132 contigit,
717 2047 767 2112 vel
783 2046 1025 2132 cognoscendae
1047 2047 1250 2112 librariorum
1272 2068 1350 2131 neg-

209 2159 370 2243 legentiae
401 2160 581 2242 exemplum
608 2157 795 2222 subtrahere
822 2159 873 2222 vel
902 2157 1027 2243 ingenii
1055 2156 1224 2222 exercendi
1251 2161 1350 2224 mate·
1458 2221 1463 2237 ,

208 2269 289 2332 riam
311 2269 503 2352 praeripere.
535 2268 593 2334 oui
609 2267 830 2332 exercitationi
845 2268 1066 2353 Angelicanus
1088 2269 1170 2333 liber
1192 2269 1349 2352 imprimis

209 2383 302 2463 aptus
331 2383 395 2462 est,
429 2383 464 2442 ut
491 2401 584 2463 quem
612 2401 650 2442 ex
680 2378 859 2462 antiquiore
895 2378 1003 2443 codice
1035 2379 1120 2442 lectu
1148 2379 1349 2462 aliquantum

209 2489 333 2553 difficili
356 2488 550 2572 descriptam
572 2511 640 2554 esse
663 2491 819 2572 appareat
834 2511 853 2552 a
869 2488 999 2553 librario
1021 2489 1137 2554 veteris
1159 2489 1347 2572 scripturae,

208 2600 345 2664 maxime
368 2603 476 2663 autem
505 2599 664 2663 scribendi
688 2598 947 2682 compendiorum
974 2599 1190 2684 ignotissimo.
1235 2599 1349 2684 Itaque

208 2731 274 2774 non
305 2710 422 2773 rectius
454 2709 568 2774 vestris
601 2710 779 2773 rationibus
813 2709 934 2774 consuli
966 2709 1149 2794 putarimus
1181 2731 1276 2794 quam
1309 2709 1346 2792 si,

207 2841 423 2905 quaecumque
445 2819 668 2884 emendatione
684 2823 792 2905 egent,
816 2819 940 2906 intacta
955 2821 1205 2905 relinqueremus
1227 2819 1346 2884 omnia.

207 2932 353 3016 Aequum
380 2934 428 2994 est
457 2931 542 2994 enim
569 2952 635 2994 non
662 2931 779 2996 litteris
805 2933 933 2995 tantum
961 2934 993 2994 et
1015 2931 1117 2995 doctis
1124 2982 1133 3014 ,
1168 2931 1223 2996 sed
1251 2931 1348 2996 etiam

207 3042 268 3124 cis,
292 3042 346 3126 qui
369 3063 436 3106 sese
459 3039 569 3106 doctos
590 3041 660 3106 fieri
683 3039 823 3124 student,
846 3041 926 3106 haee
947 3041 1110 3125 prooemia
1132 3041 1239 3108 scribi.

677 3269 878 3278 u———u—-nn-

736 3451 779 3516 11.
787 3449 819 3536 *1

289 3602 456 3686 Pergimus
479 3624 546 3667 non
566 3603 638 3667 aliis
660 3603 777 3687 potius,
802 3602 856 3667 sed
870 3603 959 3668 robis
982 3603 1134 3668 scribere:
1158 3603 1185 3667 si
1202 3601 1340 3668 seribere
1360 3619 1392 3668 111

206 3715 341 3777 estnon
364 3735 382 3776 a
405 3714 581 3797 suscripta
610 3713 784 3797 publicare.
829 3713 898 3778 Nec
926 3713 1011 3778 enim
1039 3735 1111 3798 spes
1137 3713 1255 3778 fefellit
1276 3713 1345 3777 fore

205 3826 241 3886 ut
268 3845 284 3886 e
307 3823 401 3888 lexici
429 3823 513 3888 illius
541 3824 751 3909 Angelicani,
783 3824 870 3888 cuius
898 3845 1001 3910 nuper
1027 3823 1155 3889 initium
1182 3824 1346 3889 vobiscum

206 3935 523 4018 communionum,
548 3935 671 3998 curiosa
696 3933 889 3999 tractatione
911 3934 988 3999 boni
1009 3935 1044 3998 in
1065 3956 1138 4019 vos,
1162 3935 1216 4021 qui
1238 3935 1273 3999 in
1295 3935 1345 4000 his

204 4044 316 4109 studiis
349 4045 538 4128 versamini,
578 4045 701 4109 fructus
738 4044 964 4110 redundarent.
1015 4043 1139 4130 Quippe
1172 4045 1242 4131 ipsa
1275 4045 1343 4129 illa,

204 4175 284 4237 quae
314 4177 386 4220 cum
411 4154 559 4220 Gudiano
586 4155 786 4238 potissimum
813 4155 887 4220 huic
914 4153 1137 4240 Etymologieo
1170 4154 1345 4220 similitudo

206 4309 406 4320 —-...—.....-

271 4391 296 4460 *)
337 4391 527 4462 [Prooemium
561 4391 663 4449 Indicis
699 4391 856 4450 scholarum
891 4391 1061 4450 aestivarum
1094 4391 1283 4448 Bonnensium
1318 4411 1342 4448 a.

203 4483 482 4555 molossorum]

1077 4573 1144 4639 43*
