3218 5094
605 394 652 441 ns
674 393 744 442 oso
768 395 813 441 nr
836 393 976 442 onross.
1298 377 1361 441 595

220 544 384 627 daemoni,
418 544 598 628 Methodio,
632 545 802 629 Nicanori,
842 546 990 631 Origeni,
1029 543 1222 627 Philopono,
1257 544 1360 610 Ptole-

220 675 327 737 maeo,
352 653 484 718 Seleuco
491 705 500 737 ,
524 653 652 739 Sergio,
677 655 818 738 Socrati,
842 657 1056 740 Theognosto.
1073 693 1116 703 -
1136 653 1232 720 Nunc
1254 658 1361 719 autem

219 765 273 828 ubi
296 765 356 828 hoc
379 765 518 848 spatium
541 765 660 829 emensi
683 788 790 830 111111
812 789 870 850 pro
892 765 976 829 virili
998 768 1106 849 parte,
1136 763 1243 848 placet
1263 765 1362 848 respi-

221 895 307 958 cere,
330 875 423 939 nobis
445 875 565 958 priores
581 875 736 961 philologi
758 875 833 960 quid
856 876 895 940 dc
916 876 974 940 Ori
996 877 1103 938 aetate
1124 873 1286 959 opinando
1307 895 1362 958 po-

219 985 284 1048 tius
306 985 466 1048 senserint
488 1005 583 1068 quam
607 985 781 1050 iudicarint
803 985 1004 1069 disputando.
1039 985 1066 1048 E
1090 985 1202 1068 quibus
1225 985 1361 1068 primum

221 1093 448 1158 collaudandus
484 1095 577 1159 nobis
613 1095 702 1159 venit
738 1095 965 1179 Ruhnkenius,
1006 1083 1154 1179 antiquos
1192 1099 1223 1159 et
1260 1095 1362 1158 claros

220 1204 447 1288 grammaticos
470 1206 569 1270 Orum
592 1205 701 1269 dicens
724 1209 757 1269 et
771 1204 952 1270 Draconem
968 1205 1241 1288 Stratonicensem
1256 1203 1359 1288 Epist.

222 1313 292 1377 crit.
310 1313 389 1396 Hp.
406 1313 469 1378 229
491 1337 554 1398 sq.;
578 1314 692 1378 deinde
714 1315 1016 1398 praetermittendus
1040 1314 1252 1380 Schneiderus
1267 1313 1360 1397 Saxo,

222 1423 378 1488 incertam
407 1424 570 1508 utriusque
600 1427 740 1489 aetatem
767 1425 909 1490 obiciens
931 1426 1032 1509 praef.
1057 1425 1090 1489 in
1116 1425 1235 1508 Orphei
1257 1427 1362 1509 Argo-

221 1539 311 1598 naut.
335 1557 365 1618 p.
388 1533 481 1616 XVI3
505 1534 769 1620 perstringendus
792 1538 898 1600 autem
920 1535 1081 1599 Amadeus
1102 1534 1280 1619 Peyronus,
1307 1556 1362 1617 pa-

223 1665 295 1708 rum
316 1645 344 1708 is
360 1643 534 1708 honorilice
557 1644 596 1708 de
612 1645 676 1710 Oro
699 1645 841 1709 sentiens
856 1645 977 1709 Adnot.
1002 1645 1036 1709 in
1058 1645 1165 1728 Etym.
1181 1643 1226 1708 M.
1243 1667 1272 1728 p.
1289 1644 1361 1726 999,

221 1757 258 1816 11
280 1754 359 1818 adeo
382 1753 598 1820 Christianum
619 1762 861 1834 promuscidem
884 1777 1018 1840 arguere
1040 1777 1106 1819 non
1127 1758 1284 1819 vereatur.

305 1913 381 1979 Non
409 1915 547 1979 defuisse
575 1919 682 1979 autem
710 1916 790 1998 Orc,
826 1915 1003 1981 Herodiani
1031 1915 1078 1979 illi
1105 1921 1141 1980 ut
1167 1915 1309 1980 ridemus
1331 1920 1363 1980 et

220 2024 397 2109 Phrynichi
426 2026 460 2090 in
488 2026 582 2090 rebus
611 2026 832 2110 grammaticis
866 2026 1063 2109 adversario,
1100 2048 1173 2090 suos
1206 2025 1259 2109 qui
1293 2048 1363 2090 cum

220 2135 290 2218 ipso
313 2139 438 2199 starent
460 2137 651 2218 sectatores,
681 2158 719 2200 ex
742 2137 958 2221 Etymologici
986 2137 1030 2200 M.
1055 2158 1086 2220 p.
1109 2137 1168 2219 43,
1191 2135 1233 2199 42
1259 2135 1363 2200 verbis

220 2245 420 2330 intellegitur
451 2247 481 2310 οἱ
508 2249 544 2312 δὲ
571 2249 643 2326 περὶ
669 2247 771 2327 Ὦρον
800 2249 946 2324 λέγουειν
975 2268 1003 2310 e.
1027 2269 1057 2330 q.
1082 2246 1147 2332 s.*)
1191 2244 1266 2311 Non
1293 2245 1363 2309 uni-

85 2366 89 2380 '
220 2376 310 2420 verse
333 2355 475 2438 laudari,
504 2355 558 2419 sed
581 2359 712 2440 propter
740 2379 838 2420 11111
861 2355 1018 2440 quoddam
1040 2359 1247 2439 praeceptum
1279 2376 1363 2419 com-

220 2466 365 2529 mendari
393 2468 485 2549 patet
512 2465 599 2529 hisce
626 2488 658 2549 p.
687 2466 765 2550 663,
793 2467 835 2530 48
863 2468 889 2550 ᾧ
923 2469 1045 2546 μᾶλλον
1077 2466 1232 2531 πειετέον.
1280 2463 1363 2528 Leve

221 2579 286 2659 est,
316 2575 371 2639 sed
399 2597 465 2639 non
495 2575 761 2659 praetereundum
789 2579 914 2658 tamen,
943 2575 1026 2659 quod
1054 2576 1133 2639 adeo
1155 2597 1213 2638 usu
1235 2576 1268 2638 et
1290 2595 1362 2638 con·

221 2685 388 2749 suetudine
410 2685 522 2750 tritum
551 2685 740 2770 quibusdem
768 2685 987 2770 grammaticis
1015 2684 1139 2748 videtur
1161 2685 1215 2750 Ori
1246 2705 1363 2748 nomen

220 2795 335 2878 fuisse,
368 2799 403 2898 11
430 2796 464 2860 in
493 2795 637 2879 exemplo
664 2799 836 2879 poneretur
864 2794 1045 2859 illustrandi
1071 2793 1134 2858 loci
1161 2793 1363 2878 grammatici

223 2927 335 2970 caussa
358 2905 460 2970 sacto:
489 2929 519 2970 v.
544 2905 652 2989 Etym.
681 2905 725 2968 M.
749 2928 782 2989 p.
807 2905 879 2984 759,
901 2905 959 2970 26:
987 2907 1080 2984 δηλοῖ
1101 2906 1136 2968 δὲ
1159 2904 1210 2989 (τό
1238 2905 1290 2988 τί)
1313 2905 1363 2968 καὶ

75 3073 89 3096 ,
219 3017 428 3096 θαυμαετικόν
456 3015 628 3098 ἐπίρρημα,
658 3016 702 3080 rte
731 3017 767 3081 ἐν
794 3022 840 3100 τῷ
869 3015 904 3080 τί
935 3015 1054 3095 'licor
1081 3014 1271 3086 αἰτιᾶται;
1305 3012 1362 3078 Cui

222 3125 360 3188 conferri
382 3125 501 3190 similes
524 3127 609 3189 lusus
633 3123 796 3208 Apollonii
825 3127 959 3208 possunt
986 3124 1073 3188 velut
1100 3123 1139 3186 de
1168 3123 1362 3187 coniunctio-

221 3235 315 3298 nibus
342 3257 374 3318 p.
397 3235 461 3300 482
487 3258 556 3319 sqq.
585 3235 659 3299 493.
688 3234 762 3299 497.
790 3235 869 3316 511,
899 3233 937 3298 de
967 3233 1125 3298 adverbiis
1153 3256 1185 3316 p.
1207 3233 1271 3298 529
1293 3255 1360 3316 sqq.

220 3343 293 3426 540,
317 3343 381 3407 1111
402 3345 486 3428 quod
508 3366 573 3408 non
595 3343 725 3408 honoris
748 3365 860 3408 caussa
883 3343 965 3408 Orus
988 3343 1181 3424 nominatur,
1205 3363 1298 3426 quem
1320 3341 1412 3406 ad13

221 3453 348 3517 modum
380 3453 527 3539 Trypho,
565 3455 753 3538 Dionysius,
791 3453 1013 3535 Aristarchus,
1052 3452 1285 3534 Aristophanes
1321 3451 1362 3515 ab

221 3563 457 3649 Apollonio.**)

305 3835 331 3902 *)
350 3834 400 3904 [De
419 3833 471 3890 hoo
489 3833 621 3890 fefellisse
644 3833 803 3905 opinionem
824 3833 979 3890 luculenter
999 3833 1093 3889 docuit
1109 3833 1272 3889 Lehrsius
1295 3835 1361 3887 Cen·

222 3943 303 3983 surae
324 3946 352 3998 p.
377 3934 427 3984 453
451 3945 505 3995 sq.,
532 3928 601 3982 nihil
627 3927 702 3982 aliud
732 3927 786 3981 nisi
814 3945 899 3982 unum
928 3927 1014 3980 Orum
1039 3928 1130 3996 ipsum
1160 3927 1212 3980 tali
1244 3925 1363 3980 formula

134 4025 142 4036 “
222 4020 372 4089 significari
394 4023 476 4076 tanta
494 4021 636 4075 doctrinae
653 4020 783 4076 ubertate
801 4019 1009 4085 demonstrans,
1031 4023 1062 4073 ut
1083 4023 1180 4074 contra
1203 4019 1300 4073 sentiri
1316 4035 1362 4073 ne-

223 4117 314 4178 queat.
352 4113 499 4184 Singulare
518 4117 562 4168 est
585 4113 659 4181 quod
681 4113 710 4166 in
733 4113 844 4168 scholiis
868 4112 962 4166 Iliadis
988 4114 1007 4166 Β
1031 4117 1080 4167 593
1103 4114 1204 4166 exstat:
1229 4115 1245 4165 ὁ
1269 4114 1363 4166 ’Acra-

223 4207 344 4274 λωνίτηε
362 4211 407 4261 καὶ
425 4207 452 4262 11
471 4209 535 4275 περὶ
554 4206 726 4274 Ἀλεξίωνα]

307 4325 331 4392 *l
356 4324 406 4394 [De
424 4326 477 4380 hoc
494 4341 596 4394 genere
615 4327 644 4380 et
660 4323 790 4380 affinibus
807 4325 868 4378 tam
885 4323 960 4378 lectu
976 4321 1096 4377 iucunda
1118 4339 1202 4389 quam
1219 4323 1361 4378 intellectu

222 4415 302 4470 utilia
319 4416 480 4471 Lehrsius
500 4417 637 4474 Cessurae
655 4437 683 4488 p.
700 4421 752 4472 454
770 4435 810 4486 sq.
830 4415 997 4486 explicarit]

1094 4501 1159 4566 38*
