3254 5086
723 1179 879 1288 XXI.

442 1507 445 1512 ¹
478 1395 752 1514 Grionologinn
783 1343 1121 1512 dictamine)

727 1617 877 1626 ——---

179 1774 217 1826 HI
314 1767 389 1831 Non
411 1788 484 1830 raro
507 1766 699 1848 audivimus,
728 1765 841 1850 quibus
869 1787 982 1849 parum
1009 1767 1294 1857 commendationis
1316 1768 1373 1832 ha-

230 1877 304 1940 bere
332 1877 459 1940 uberius
488 1877 548 1940 hoc
579 1880 611 1940 et
637 1876 781 1939 onratins
809 1897 912 1959 genus
940 1877 1172 1960 prooemiorum
1200 1878 1371 1961 videretur,

229 2009 310 2069 (puae
343 1987 448 2068 vobis,
489 1986 736 2068 commilitones,
770 1985 855 2049 tradi
889 2009 952 2050 una
985 2009 1056 2051 cum
1082 1988 1240 2052 indicibus
1274 2011 1372 2052 seme-

229 2096 342 2158 strium
379 2095 559 2159 scholarum
602 2096 756 2160 hodierno
793 2096 1028 2161 academiarum
1065 2098 1214 2162 instituto
1259 2100 1372 2164 solent.

229 2205 351 2288 Quippe
382 2206 551 2270 remotiora
585 2229 603 2269 a
638 2207 796 2270 communi
829 2229 887 2272 usu
925 2209 1163 2292 ceterarumque
1193 2209 1372 2272 rationibus

229 2315 470 2398 disciplinarum
502 2339 539 2379 ea
574 2320 764 2400 argmnenta
799 2321 948 2401 crepant,
983 2339 1063 2402 quac
1097 2340 1167 2381 cum
1197 2319 1232 2382 in
1259 2318 1373 2386 haram

229 2447 292 2490 una
314 2427 383 2490 sola
405 2431 588 2510 versentur,
617 2431 650 2490 et
678 2427 718 2490 ad
741 2449 859 2510 paucos
882 2427 1067 2511 pertineant
1095 2430 1127 2491 et
1149 2450 1244 2513 saepe
1267 2433 1373 2494 osten-

229 2537 347 2602 tandae
369 2538 472 2622 magis
496 2538 692 2602 umbraticae
708 2537 872 2602 doctrinae
895 2559 1039 2621 vanoque
1062 2539 1201 2603 acumini
1223 2539 1374 2604 iactando

229 2648 370 2711 serviant
398 2671 493 2732 quam
521 2647 710 2712 excitandae
739 2647 916 2712 industriae
944 2651 976 2710 et
1005 2647 1045 2712 ed
1067 2647 1303 2714 humanitatem
1324 2649 1373 2712 in·

227 2757 415 2822 formandae
442 2759 601 2822 iuventuti
628 2758 832 2822 adornentur.
889 2757 949 2832 Qui
983 2757 1065 2841 quod
1098 2759 1133 2821 in
1166 2760 1227 2822 hac
1262 2781 1375 2823 caussa

228 2869 363 2938 nimium
386 2872 553 2950 accusant,
577 2891 618 2932 ne
641 2891 699 2932 nos
722 2867 849 2952 quidem
870 2867 991 2931 habent
1014 2867 1257 2933 dissentientes:
1280 2847 1374 2933 inodo

228 2981 314 3040 recte
336 2977 415 3040 illud
437 2979 552 3062 ipsum,
576 2979 650 3062 qnid
669 2979 711 3042 sit
731 2978 874 3060 nimium,
899 2977 1079 3042 definiatur.
1114 2978 1321 3064 Quamquam,
1346 2980 1372 3042 si

228 3107 338 3150 verum
353 3089 496 3152 volumus
518 3089 625 3172 fateri,
649 3089 821 3153 verendum
844 3091 892 3152 est
914 3111 991 3152 sane
1013 3110 1054 3153 ne
1069 3089 1265 3174 plerumque,
1290 3089 1374 3173 quod

228 3198 282 3260 isti
305 3198 489 3282 vituperant
512 3203 674 3284 tamqnam
695 3199 845 3282 pusillum
868 3202 900 3261 et
922 3198 1098 3282 levidense,
1123 3221 1181 3263 nos
1204 3199 1370 3282 probaturi

229 3309 326 3372 aimus
348 3313 384 3372 ut
405 3310 701 3374 fructuosissimum.
747 3309 853 3372 Tanta
876 3311 925 3372 est
947 3309 1033 3372 enim
1056 3310 1091 3372 in
1113 3309 1301 3392 quibusdam
1324 3309 1373 3372 in·
1470 3355 1476 3366 .

228 3419 309 3482 sitae
331 3421 379 3483 vis
401 3421 536 3484 inertiae
560 3443 576 3485 e
599 3421 730 3484 levitate
754 3423 786 3482 et
807 3419 956 3502 superbia
984 3419 1066 3482 belle
1094 3422 1304 3502 temperatae,
1336 3425 1373 3482 ut

228 3551 270 3592 ne
291 3529 370 3593 illud
393 3529 519 3614 quidem
547 3531 624 3594 satis
652 3530 888 3614 perspexerint,
919 3529 954 3592 in
981 3529 1098 3594 litteris
1128 3529 1187 3593 etsi
1216 3530 1280 3592 alia
1302 3529 1374 3593 aliis

228 3639 369 3722 minora,
399 3643 508 3704 tamen
537 3640 676 3724 (silicet
703 3643 816 3724 argute
844 3639 944 3724 loqui)
973 3638 1066 3702 nihili
1089 3661 1158 3703 esse
1186 3640 1281 3721 nihil,
1313 3661 1374 3702 nec

230 3748 267 3811 ad
297 3754 437 3813 mentem
466 3751 615 3836 ingenuis
644 3752 766 3814 artibus
797 3750 1001 3814 erudiendam
1031 3752 1063 3812 et
1092 3749 1131 3812 ad
1154 3750 1262 3813 omnia
1284 3771 1374 3832 prae·

231 3861 316 3923 clara
344 3860 530 3946 fingendam
557 3861 716 3945 probeque
746 3861 956 3924 exercendam
978 3859 1082 3944 magis
1105 3863 1266 3942 oportere,
1297 3859 1373 3943 quid

229 3971 384 4054 tradatur,
409 3993 504 4054 quam
524 3972 660 4056 quidque
683 3993 744 4056 quo
765 3971 858 4035 modo
880 3973 1046 4052 tractetur,
1067 3971 1215 4052 spectari.
1248 3969 1374 4033 Deinde

231 4111 431 4120 ———

314 4183 340 4245 *t
371 4183 556 4252 [Prooemium
586 4182 672 4237 Indici
702 4183 858 4238 scholarum
884 4183 1064 4238 hibernarum
1091 4179 1278 4235 Bonnensium
1307 4197 1371 4254 ann.

230 4275 435 4329 carloxxxrx
454 4279 483 4330 et
499 4276 546 4329 XL
564 4277 762 4346 praemissum:
783 4277 857 4344 quod
876 4276 987 4343 quidem
1005 4274 1124 4343 primurn
1143 4273 1194 4326 snit
1214 4293 1228 4326 o
1247 4275 1373 4327 Bonnen-

230 4367 306 4420 sibus
325 4368 414 4421 tribua
432 4372 461 4422 ct
479 4369 701 4438 qninquaginta]
