3218 5094
603 380 650 426 nn
673 379 743 427 ono
766 380 810 426 m
833 379 974 426 emona.
1294 363 1356 426 669

216 553 286 594 mus
308 531 394 594 norit
416 531 554 594 nullum:
577 531 662 594 haud
678 532 744 595 scio
759 554 802 594 an
818 554 837 594 a
851 531 986 594 veritate
1007 530 1149 614 proxime
1165 531 1277 614 absim,
1302 531 1356 614 qui
1400 594 1407 600 .

216 662 282 704 non
297 641 465 724 posteriori
477 663 572 724 quam
587 641 683 704 tertio
698 641 825 705 saeculo
836 641 902 705 eius
915 643 1055 704 aetatem
1072 640 1221 704 tribuam.
1250 641 1299 704 Ac
1314 661 1356 704 ne

215 750 298 814 forte
320 749 463 832 dubites,
487 751 594 814 sintne
609 749 665 814 illa
682 772 755 814 vere
770 749 921 834 Eudemi,
946 771 1026 834 quae
1041 750 1193 834 leguntur
1217 747 1352 838 [Anecd.

216 859 330 948 Belle]
353 883 385 944 p.
402 861 475 943 321,
495 861 549 924 16:
572 861 726 942 ἐχρήεατο
749 863 785 926 δὲ
806 861 954 927 Αἰλιανό(
976 861 1011 926 ἐν
1034 866 1079 944 τῷ
1102 862 1173 940 περὶ
1196 861 1352 940 προνοία(

214 971 310 1053 τρίτῳ
330 977 377 1054 τῷ
400 970 615 1052 ἀβαεανίετωε
635 971 706 1037 ἀντὶ
727 975 786 1036 τοῦ
803 971 881 1036 ἄνευ
898 971 1027 1052 ὀδύνηε,
1052 991 1093 1033 en
1108 969 1220 1033 eadem
1242 969 1355 1035 Suidas

215 1081 348 1163 praebet
369 1081 459 1144 nulla
481 1080 589 1144 littera
611 1061 763 1164 disparia.
809 1080 870 1145 Sed
892 1079 978 1144 idem
1000 1079 1112 1145 Suidas
1138 1079 1283 1144 fraudem
1307 1102 1355 1144 ar-

215 1190 286 1274 guit
308 1212 340 1273 p.
357 1191 430 1272 367,
454 1190 537 1255 2-8
560 1191 777 1256 manifestam.
807 1190 858 1254 Ibi
881 1191 967 1255 enim
990 1212 1062 1254 cum
1084 1189 1267 1274 Theognoti
1289 1190 1355 1254 sive

215 1299 413 1384 Theognosti
436 1301 676 1386 orthographia
699 1301 870 1365 excitetur:
899 1323 993 1385 quem
1006 1285 1202 1384 ¹scriptorem
1224 1301 1356 1364 ineunte

215 1409 341 1474 saeculo
364 1431 449 1474 nono
463 1411 579 1475 vixisse
594 1411 789 1476 Villoisonua
811 1411 952 1474 ostendit
967 1410 1089 1474 Anecd.
1113 1431 1163 1496 gr.
1179 1409 1258 1494 Hp.
1280 1410 1355 1474 127:

215 1523 324 1583 tamen
354 1521 517 1604 germanis
539 1519 674 1584 Eudemi
702 1521 806 1584 verbis
835 1519 941 1584 aliena
969 1543 1067 1584 manu
1100 1520 1213 1606 (ipsius
1242 1520 1356 1604 opinor

217 1629 410 1709 (υναγωγῆε
432 1630 584 1710 auctoris)
616 1653 760 1715 pannum
787 1630 935 1694 adsutum
962 1651 1030 1694 esse
1065 1631 1223 1712 γράφεται
1250 1633 1286 1695 δὲ
1313 1668 1356 1679 -

216 1740 433 1823 ὀρθογραφίᾳ,
463 1739 698 1804 evidentissime
720 1739 836 1804 Suidae
859 1741 1054 1823 comparatio
1077 1739 1185 1822 docet,
1209 1740 1242 1803 in
1267 1740 1355 1804 cuius

215 1848 352 1912 lexicum
380 1849 536 1914 Eudemia
563 1850 762 1914 transierunt
788 1851 857 1913 sine
885 1849 1067 1913 adventicia
1094 1849 1156 1913 ista
1183 1849 1353 1932 particula.

214 1957 265 2022 Ita
288 1963 396 2023 autem
418 1959 580 2027 commode
608 1963 729 2023 semoto
755 1961 938 2043 imporlrmo
965 1959 1161 2044 magistello,
1192 1959 1354 2022 luculenta

215 2072 315 2132 restat
337 2068 528 2153 optimorum
550 2069 714 2134 hominum
736 2070 933 2153 frequentia,
957 2069 1076 2134 novicii
1098 2069 1354 2153 scriptoris-nul-

214 2177 275 2241 lius
298 2178 450 2243 societate
472 2178 673 2244 dedecorata.
712 2178 793 2244 Sunt
816 2179 901 2243 enim
923 2178 1009 2243 hice:
1032 2179 1197 2261 Aelianus,
1222 2178 1353 2242 Aeschi-

214 2309 286 2370 nes,
311 2287 504 2372 Aeschylus,
533 2289 787 2374 Agesander,
816 2288 945 2371 Alexis,
975 2288 1154 2372 Amipsias,
1184 2288 1352 2370 Anaxilas,

214 2397 443 2479 Antimachus,
467 2398 652 2482 Antiphon,
676 2397 904 2482 Apollodorus,
929 2397 1173 2480 Aristophanes,
1198 2398 1353 2462 Aristote-

215 2505 275 2589 les,
310 2505 522 2592 Chrysippus,
553 2507 727 2590 Clidemus,
757 2507 884 2590 Crates,
914 2507 1079 2589 Gratiana,
1109 2508 1353 2592 Demagoras

215 2615 384 2698 Samius,
408 2616 588 2681 Demetrius
604 2617 763 2702 Scepsius,
779 2617 1022 2699 Demosthenes,
1047 2616 1212 2700 Didymus,
1236 2616 1352 2681 Dinar-
1371 2630 1404 2680 80

215 2725 302 2809 chus,
326 2725 469 2810 Eupolis,
494 2726 678 2812 Euripides,
703 2727 905 2810 Hellanicus,
930 2725 1135 2811 Hermippus
1160 2726 1350 2812 Herodotus,

213 2835 382 2919 Homerus,
399 2835 588 2921 Hyperides,
606 2837 726 2921 Isaeus,
742 2837 911 2920 Isocrates,
934 2836 1121 2920 Menander,
1146 2837 1350 2920 Nicochares,

214 2945 376 3030 Nicolaua,
400 2945 621 3030 Nicostratus,
644 2947 869 3031 Pherecrates,
893 2947 1003 3029 Philo,
1027 2946 1252 3030 Philochorus,
1276 2946 1352 3010 Phi-

213 3055 336 3140 lyllius,
372 3057 590 3142 Phrynichus,
621 3057 730 3140 Plato,
760 3057 955 3140 Simonides,
990 3057 1178 3140 Sophocles,
1208 3055 1350 3139 Strattis,

214 3165 447 3251 Theopompus,
470 3166 681 3252 Thucydides,
705 3166 895 3252 Xenophon.
