<?xml version="1.0" encoding="UTF-8"?>
<!DOCTYPE html PUBLIC "-//W3C//DTD XHTML 1.0 Transitional//EN"
    "http://www.w3.org/TR/xhtml1/DTD/xhtml1-transitional.dtd">
<html xmlns="http://www.w3.org/1999/xhtml" xml:lang="en" lang="en">
 <head>
  <title>
</title>
<meta http-equiv="Content-Type" content="text/html;charset=utf-8" />
  <meta name='ocr-system' content='tesseract 3.04.00' />
  <meta name='ocr-capabilities' content='ocr_page ocr_carea ocr_par ocr_line ocrx_word'/>
</head>
<body>
  <div class='ocr_page' id='page_1' title='image "./fridericiritsch11wachgoog_0443.png"; bbox 0 0 3272 5088; ppageno 0'>
   <div class='ocr_carea' id='block_1_1' title="bbox 282 359 988 424">
    <p class='ocr_par' dir='ltr' id='par_1_1' title="bbox 282 359 988 424">
     <span class='ocr_line' id='line_1_1' title="bbox 282 359 988 424; baseline 0.001 -1"><span class='ocrx_word' id='word_1_1' title='bbox 282 359 346 424; x_wconf 78' lang='lat'><strong>420</strong></span> <span class='ocrx_word' id='word_1_2' title='bbox 718 375 764 422; x_wconf 85' lang='lat' dir='ltr'><strong>oa</strong></span> <span class='ocrx_word' id='word_1_3' title='bbox 787 373 988 424; x_wconf 76' lang='lat' dir='ltr'><strong>nearnonrs</strong></span> 
     </span>
    </p>
   </div>
   <div class='ocr_carea' id='block_1_2' title="bbox 249 525 1425 4446">
    <p class='ocr_par' dir='ltr' id='par_1_2' title="bbox 249 525 1425 4446">
     <span class='ocr_line' id='line_1_2' title="bbox 283 525 1425 612; baseline 0 -22"><span class='ocrx_word' id='word_1_4' title='bbox 283 531 356 611; x_wconf 90' lang='lat' dir='ltr'><strong>post</strong></span> <span class='ocrx_word' id='word_1_5' title='bbox 371 525 600 610; x_wconf 82' lang='lat' dir='ltr'><strong>Spanhemium</strong></span> <span class='ocrx_word' id='word_1_6' title='bbox 621 527 660 590; x_wconf 89' lang='lat' dir='ltr'><strong>de</strong></span> <span class='ocrx_word' id='word_1_7' title='bbox 683 550 741 590; x_wconf 78' lang='lat' dir='ltr'><strong>usu</strong></span> <span class='ocrx_word' id='word_1_8' title='bbox 763 531 796 590; x_wconf 90' lang='lat' dir='ltr'><strong>et</strong></span> <span class='ocrx_word' id='word_1_9' title='bbox 817 531 936 612; x_wconf 79' lang='lat' dir='ltr'><strong>praest,</strong></span> <span class='ocrx_word' id='word_1_10' title='bbox 960 528 1108 591; x_wconf 87' lang='lat' dir='ltr'><strong>numism.</strong></span> <span class='ocrx_word' id='word_1_11' title='bbox 1132 527 1207 591; x_wconf 88' lang='lat' dir='ltr'><strong>diss.</strong></span> <span class='ocrx_word' id='word_1_12' title='bbox 1230 527 1293 592; x_wconf 90' lang='lat' dir='ltr'><strong>VH</strong></span> <span class='ocrx_word' id='word_1_13' title='bbox 1316 527 1425 612; x_wconf 82' lang='lat' dir='ltr'><strong>(roll</strong></span> 
     </span>
     <span class='ocr_line' id='line_1_3' title="bbox 283 636 1422 721; baseline 0.001 -21"><span class='ocrx_word' id='word_1_14' title='bbox 283 659 314 720; x_wconf 91' lang='lat' dir='ltr'><strong>p.</strong></span> <span class='ocrx_word' id='word_1_15' title='bbox 338 637 395 700; x_wconf 78' lang='lat'><strong>371</strong></span> <span class='ocrx_word' id='word_1_16' title='bbox 423 658 491 720; x_wconf 87' lang='lat' dir='ltr'><strong>sqq.</strong></span> <span class='ocrx_word' id='word_1_17' title='bbox 520 636 568 700; x_wconf 89' lang='lat' dir='ltr'><strong>ed.</strong></span> <span class='ocrx_word' id='word_1_18' title='bbox 593 659 622 700; x_wconf 92' lang='lat' dir='ltr'><strong>a.</strong></span> <span class='ocrx_word' id='word_1_19' title='bbox 650 638 769 721; x_wconf 78' lang='lat'>1706),</span> <span class='ocrx_word' id='word_1_20' title='bbox 799 636 1050 702; x_wconf 88' lang='lat' dir='ltr'><strong>Valckenarium</strong></span> <span class='ocrx_word' id='word_1_21' title='bbox 1078 637 1118 700; x_wconf 91' lang='lat' dir='ltr'><strong>ad</strong></span> <span class='ocrx_word' id='word_1_22' title='bbox 1147 636 1303 702; x_wconf 74' lang='lat' dir='ltr'>Herodoti</span> <span class='ocrx_word' id='word_1_23' title='bbox 1331 637 1422 718; x_wconf 87' lang='lat' dir='ltr'>VIII,</span> 
     </span>
     <span class='ocr_line' id='line_1_4' title="bbox 287 744 1424 830; baseline 0.002 -22"><span class='ocrx_word' id='word_1_24' title='bbox 287 747 345 809; x_wconf 90' lang='grc'><strong>139</strong></span> <span class='ocrx_word' id='word_1_25' title='bbox 372 749 405 809; x_wconf 83' lang='lat' dir='ltr'><strong>et</strong></span> <span class='ocrx_word' id='word_1_26' title='bbox 432 744 682 830; x_wconf 86' lang='lat' dir='ltr'><strong>Wesselingium</strong></span> <span class='ocrx_word' id='word_1_27' title='bbox 710 747 750 810; x_wconf 87' lang='lat' dir='ltr'><strong>ad</strong></span> <span class='ocrx_word' id='word_1_28' title='bbox 779 745 953 811; x_wconf 91' lang='lat' dir='ltr'><strong>Diodorum</strong></span> <span class='ocrx_word' id='word_1_29' title='bbox 986 747 1187 811; x_wconf 79' lang='lat' dir='ltr'><strong>instItuerint</strong></span> <span class='ocrx_word' id='word_1_30' title='bbox 1215 747 1249 810; x_wconf 90' lang='lat' dir='ltr'><strong>in</strong></span> <span class='ocrx_word' id='word_1_31' title='bbox 1277 746 1424 810; x_wconf 90' lang='lat' dir='ltr'><strong>Macedo-</strong></span> 
     </span>
     <span class='ocr_line' id='line_1_5' title="bbox 283 854 1424 940; baseline 0.002 -22"><span class='ocrx_word' id='word_1_32' title='bbox 283 877 360 918; x_wconf 89' lang='lat' dir='ltr'><strong>num</strong></span> <span class='ocrx_word' id='word_1_33' title='bbox 386 854 553 918; x_wconf 89' lang='lat' dir='ltr'><strong>historiam</strong></span> <span class='ocrx_word' id='word_1_34' title='bbox 581 855 753 939; x_wconf 87' lang='lat' dir='ltr'><strong>inquirere.</strong></span> <span class='ocrx_word' id='word_1_35' title='bbox 811 856 901 932; x_wconf 85' lang='lat' dir='ltr'><strong>Quod</strong></span> <span class='ocrx_word' id='word_1_36' title='bbox 932 857 1030 920; x_wconf 88' lang='lat' dir='ltr'><strong>etiam</strong></span> <span class='ocrx_word' id='word_1_37' title='bbox 1064 856 1103 920; x_wconf 88' lang='lat' dir='ltr'><strong>de</strong></span> <span class='ocrx_word' id='word_1_38' title='bbox 1131 857 1203 920; x_wconf 86' lang='lat' dir='ltr'><strong>aliis</strong></span> <span class='ocrx_word' id='word_1_39' title='bbox 1236 857 1424 940; x_wconf 89' lang='lat' dir='ltr'><strong>quibusdam</strong></span> 
     </span>
     <span class='ocr_line' id='line_1_6' title="bbox 249 965 1423 1050; baseline 0.003 -23"><span class='ocrx_word' id='word_1_40' title='bbox 249 965 474 1049; x_wconf 82' lang='lat' dir='ltr'><strong>9fragmentis</strong></span> <span class='ocrx_word' id='word_1_41' title='bbox 496 965 616 1028; x_wconf 89' lang='lat' dir='ltr'><strong>dictum</strong></span> <span class='ocrx_word' id='word_1_42' title='bbox 644 986 712 1030; x_wconf 87' lang='lat' dir='ltr'><strong>esse</strong></span> <span class='ocrx_word' id='word_1_43' title='bbox 735 966 806 1030; x_wconf 88' lang='lat' dir='ltr'><strong>volo</strong></span> <span class='ocrx_word' id='word_1_44' title='bbox 833 966 908 1030; x_wconf 91' lang='lat' dir='ltr'><strong>inde</strong></span> <span class='ocrx_word' id='word_1_45' title='bbox 931 989 950 1030; x_wconf 93' lang='lat' dir='ltr'><strong>a</strong></span> <span class='ocrx_word' id='word_1_46' title='bbox 972 989 1004 1050; x_wconf 91' lang='lat' dir='ltr'><strong>p.</strong></span> <span class='ocrx_word' id='word_1_47' title='bbox 1028 968 1091 1030; x_wconf 83' lang='lat'><strong>313</strong></span> <span class='ocrx_word' id='word_1_48' title='bbox 1118 966 1254 1050; x_wconf 88' lang='lat' dir='ltr'><strong>exempli</strong></span> <span class='ocrx_word' id='word_1_49' title='bbox 1277 966 1423 1030; x_wconf 85' lang='lat' dir='ltr'>Armenii</span> 
     </span>
     <span class='ocr_line' id='line_1_7' title="bbox 282 1074 1423 1159; baseline 0 -21"><span class='ocrx_word' id='word_1_50' title='bbox 282 1075 483 1159; x_wconf 72' lang='lat' dir='ltr'><strong>perscriptis:</strong></span> <span class='ocrx_word' id='word_1_51' title='bbox 512 1075 625 1158; x_wconf 91' lang='lat' dir='ltr'><strong>quibus</strong></span> <span class='ocrx_word' id='word_1_52' title='bbox 647 1074 800 1140; x_wconf 81' lang='lat' dir='ltr'><strong>historiae</strong></span> <span class='ocrx_word' id='word_1_53' title='bbox 827 1076 1029 1140; x_wconf 68' lang='lat' dir='ltr'><strong>illustrantur</strong></span> <span class='ocrx_word' id='word_1_54' title='bbox 1051 1074 1288 1141; x_wconf 80' lang='lat' dir='ltr'><strong>Corinthiorum</strong></span> <span class='ocrx_word' id='word_1_55' title='bbox 1311 1075 1423 1139; x_wconf 73' lang='grc'><strong>11111-</strong></span> 
     </span>
     <span class='ocr_line' id='line_1_8' title="bbox 284 1183 1424 1268; baseline 0 -20"><span class='ocrx_word' id='word_1_56' title='bbox 284 1184 567 1248; x_wconf 90' lang='lat' dir='ltr'><strong>oedaemoniornm.</strong></span> <span class='ocrx_word' id='word_1_57' title='bbox 613 1183 701 1259; x_wconf 82' lang='lat' dir='ltr'><strong>Quae</strong></span> <span class='ocrx_word' id='word_1_58' title='bbox 728 1185 836 1248; x_wconf 89' lang='lat' dir='ltr'><strong>omnia</strong></span> <span class='ocrx_word' id='word_1_59' title='bbox 859 1207 897 1250; x_wconf 82' lang='lat' dir='ltr'><strong>ex</strong></span> <span class='ocrx_word' id='word_1_60' title='bbox 920 1186 1051 1249; x_wconf 92' lang='lat' dir='ltr'><strong>Diodori</strong></span> <span class='ocrx_word' id='word_1_61' title='bbox 1073 1185 1268 1250; x_wconf 78' lang='lat' dir='ltr'><strong>bibliotheca</strong></span> <span class='ocrx_word' id='word_1_62' title='bbox 1297 1188 1424 1268; x_wconf 86' lang='lat' dir='ltr'><strong>sumpta</strong></span> 
     </span>
     <span class='ocr_line' id='line_1_9' title="bbox 283 1293 1421 1379; baseline -0.001 -21"><span class='ocrx_word' id='word_1_63' title='bbox 283 1316 351 1358; x_wconf 89' lang='lat' dir='ltr'><strong>asse</strong></span> <span class='ocrx_word' id='word_1_64' title='bbox 384 1294 452 1377; x_wconf 88' lang='lat' dir='ltr'><strong>ipse</strong></span> <span class='ocrx_word' id='word_1_65' title='bbox 480 1297 618 1358; x_wconf 85' lang='lat' dir='ltr'><strong>testatur</strong></span> <span class='ocrx_word' id='word_1_66' title='bbox 644 1293 801 1359; x_wconf 78' lang='lat' dir='ltr'><strong>Eusebius</strong></span> <span class='ocrx_word' id='word_1_67' title='bbox 835 1317 906 1360; x_wconf 91' lang='lat' dir='ltr'><strong>cum</strong></span> <span class='ocrx_word' id='word_1_68' title='bbox 934 1319 965 1378; x_wconf 89' lang='lat' dir='ltr'><strong>p.</strong></span> <span class='ocrx_word' id='word_1_69' title='bbox 993 1296 1057 1359; x_wconf 84' lang='lat'><strong>314</strong></span> <span class='ocrx_word' id='word_1_70' title='bbox 1084 1295 1156 1358; x_wconf 87' lang='lat' dir='ltr'><strong>init.</strong></span> <span class='ocrx_word' id='word_1_71' title='bbox 1191 1299 1260 1359; x_wconf 86' lang='lat' dir='ltr'><strong>tum</strong></span> <span class='ocrx_word' id='word_1_72' title='bbox 1287 1318 1319 1379; x_wconf 91' lang='lat' dir='ltr'><strong>p.</strong></span> <span class='ocrx_word' id='word_1_73' title='bbox 1348 1295 1421 1360; x_wconf 87' lang='lat'>318.</span> 
     </span>
     <span class='ocr_line' id='line_1_10' title="bbox 283 1403 1423 1488; baseline 0 -20"><span class='ocrx_word' id='word_1_74' title='bbox 283 1404 363 1468; x_wconf 92' lang='lat' dir='ltr'><strong>Illuc</strong></span> <span class='ocrx_word' id='word_1_75' title='bbox 392 1407 545 1467; x_wconf 87' lang='lat' dir='ltr'><strong>revertor.</strong></span> <span class='ocrx_word' id='word_1_76' title='bbox 595 1403 697 1467; x_wconf 83' lang='lat' dir='ltr'><strong>Positi</strong></span> <span class='ocrx_word' id='word_1_77' title='bbox 725 1408 801 1468; x_wconf 86' lang='lat' dir='ltr'><strong>sunt</strong></span> <span class='ocrx_word' id='word_1_78' title='bbox 827 1405 863 1468; x_wconf 89' lang='lat' dir='ltr'><strong>in</strong></span> <span class='ocrx_word' id='word_1_79' title='bbox 890 1405 1073 1488; x_wconf 82' lang='lat' dir='ltr'><strong>fragmento</strong></span> <span class='ocrx_word' id='word_1_80' title='bbox 1103 1405 1180 1488; x_wconf 89' lang='lat' dir='ltr'><strong>isto,</strong></span> <span class='ocrx_word' id='word_1_81' title='bbox 1215 1408 1251 1468; x_wconf 84' lang='lat' dir='ltr'><strong>ut</strong></span> <span class='ocrx_word' id='word_1_82' title='bbox 1277 1405 1423 1468; x_wconf 84' lang='lat' dir='ltr'><strong>omittam</strong></span> 
     </span>
     <span class='ocr_line' id='line_1_11' title="bbox 282 1513 643 1597; baseline 0.003 -21"><span class='ocrx_word' id='word_1_83' title='bbox 282 1514 419 1597; x_wconf 79' lang='lat' dir='ltr'><strong>priores,</strong></span> <span class='ocrx_word' id='word_1_84' title='bbox 443 1533 535 1597; x_wconf 86' lang='lat' dir='ltr'><strong>reges</strong></span> <span class='ocrx_word' id='word_1_85' title='bbox 557 1513 643 1578; x_wconf 90' lang='lat' dir='ltr'><strong>hice:</strong></span> 
     </span>
     <span class='ocr_line' id='line_1_12' title="bbox 484 1621 1034 1710; baseline 0.007 -25"><span class='ocrx_word' id='word_1_86' title='bbox 484 1621 653 1688; x_wconf 78' lang='lat' dir='ltr'><strong>Perdiccas</strong></span> <span class='ocrx_word' id='word_1_87' title='bbox 676 1623 736 1710; x_wconf 86' lang='lat' dir='ltr'>(II)</span> <span class='ocrx_word' id='word_1_88' title='bbox 759 1645 917 1689; x_wconf 85' lang='lat' dir='ltr'><strong>annorum</strong></span> <span class='ocrx_word' id='word_1_89' title='bbox 940 1623 1034 1689; x_wconf 89' lang='lat' dir='ltr'>XXII</span> 
     </span>
     <span class='ocr_line' id='line_1_13' title="bbox 486 1731 1034 1819; baseline 0.005 -24"><span class='ocrx_word' id='word_1_90' title='bbox 486 1731 663 1796; x_wconf 81' lang='lat' dir='ltr'><strong>Archelaus</strong></span> <span class='ocrx_word' id='word_1_91' title='bbox 686 1733 730 1819; x_wconf 84' lang='grc' dir='ltr'><strong>(Ι)</strong></span> <span class='ocrx_word' id='word_1_92' title='bbox 939 1733 1034 1799; x_wconf 89' lang='lat' dir='ltr'>XVII</span> 
     </span>
     <span class='ocr_line' id='line_1_14' title="bbox 484 1841 1031 1927; baseline 0.004 -22"><span class='ocrx_word' id='word_1_93' title='bbox 484 1842 628 1925; x_wconf 71' lang='lat' dir='ltr'><strong>Aeropus</strong></span> <span class='ocrx_word' id='word_1_94' title='bbox 652 1841 712 1927; x_wconf 86' lang='lat' dir='ltr'>(II)</span> <span class='ocrx_word' id='word_1_95' title='bbox 986 1843 1031 1907; x_wconf 90' lang='lat' dir='ltr'><strong>VI</strong></span> 
     </span>
     <span class='ocr_line' id='line_1_15' title="bbox 486 1950 1034 2015; baseline 0.004 -2"><span class='ocrx_word' id='word_1_96' title='bbox 486 1950 663 2014; x_wconf 78' lang='lat' dir='ltr'><strong>Pausanias</strong></span> <span class='ocrx_word' id='word_1_97' title='bbox 1018 1952 1034 2015; x_wconf 97' lang='lat' dir='ltr'>I</span> 
     </span>
     <span class='ocr_line' id='line_1_16' title="bbox 484 2058 1033 2125; baseline 0.005 -3"><span class='ocrx_word' id='word_1_98' title='bbox 484 2058 686 2124; x_wconf 79' lang='lat' dir='ltr'><strong>Ptolemaeus</strong></span> <span class='ocrx_word' id='word_1_99' title='bbox 984 2061 1033 2125; x_wconf 93' lang='grc' dir='ltr'><strong>ΠΙ</strong></span> 
     </span>
     <span class='ocr_line' id='line_1_17' title="bbox 484 2167 1034 2254; baseline 0.005 -23"><span class='ocrx_word' id='word_1_100' title='bbox 484 2167 653 2233; x_wconf 87' lang='lat' dir='ltr'><strong>Perdiccas</strong></span> <span class='ocrx_word' id='word_1_101' title='bbox 676 2169 752 2254; x_wconf 83' lang='lat' dir='ltr'>(III)</span> <span class='ocrx_word' id='word_1_102' title='bbox 1003 2170 1034 2234; x_wconf 90' lang='lat' dir='ltr'><strong>V</strong></span> 
     </span>
     <span class='ocr_line' id='line_1_18' title="bbox 403 2277 1032 2365; baseline 0.005 -24"><span class='ocrx_word' id='word_1_103' title='bbox 403 2305 405 2310; x_wconf 95' lang='lat'>·</span> <span class='ocrx_word' id='word_1_104' title='bbox 483 2277 650 2363; x_wconf 87' lang='lat' dir='ltr'><strong>Philippus</strong></span> <span class='ocrx_word' id='word_1_105' title='bbox 674 2279 734 2365; x_wconf 81' lang='lat' dir='ltr'>(II)</span> <span class='ocrx_word' id='word_1_106' title='bbox 924 2279 1032 2344; x_wconf 86' lang='lat' dir='ltr'>XXIV</span> 
     </span>
     <span class='ocr_line' id='line_1_19' title="bbox 483 2389 1213 2455; baseline 0.004 -3"><span class='ocrx_word' id='word_1_107' title='bbox 483 2389 667 2453; x_wconf 81' lang='lat' dir='ltr'><strong>Alexander</strong></span> <span class='ocrx_word' id='word_1_108' title='bbox 688 2389 733 2452; x_wconf 94' lang='lat' dir='ltr'><strong>M.</strong></span> <span class='ocrx_word' id='word_1_109' title='bbox 967 2389 1031 2454; x_wconf 92' lang='lat' dir='ltr'><strong>XII</strong></span> <span class='ocrx_word' id='word_1_110' title='bbox 1052 2391 1101 2454; x_wconf 85' lang='lat' dir='ltr'><strong>vel</strong></span> <span class='ocrx_word' id='word_1_111' title='bbox 1124 2389 1213 2455; x_wconf 90' lang='lat' dir='ltr'>XIII.</span> 
     </span>
     <span class='ocr_line' id='line_1_20' title="bbox 281 2497 1422 2585; baseline 0 -22"><span class='ocrx_word' id='word_1_112' title='bbox 281 2500 382 2564; x_wconf 89' lang='lat' dir='ltr'><strong>Plane</strong></span> <span class='ocrx_word' id='word_1_113' title='bbox 398 2521 469 2563; x_wconf 91' lang='lat' dir='ltr'><strong>cum</strong></span> <span class='ocrx_word' id='word_1_114' title='bbox 483 2497 533 2562; x_wconf 89' lang='lat' dir='ltr'><strong>his</strong></span> <span class='ocrx_word' id='word_1_115' title='bbox 550 2499 699 2562; x_wconf 88' lang='lat' dir='ltr'><strong>convenit</strong></span> <span class='ocrx_word' id='word_1_116' title='bbox 713 2497 852 2563; x_wconf 89' lang='lat' dir='ltr'><strong>Diodoro</strong></span> <span class='ocrx_word' id='word_1_117' title='bbox 867 2499 907 2562; x_wconf 93' lang='lat' dir='ltr'><strong>de</strong></span> <span class='ocrx_word' id='word_1_118' title='bbox 923 2500 1064 2584; x_wconf 86' lang='lat' dir='ltr'><strong>A&#39;e&#39;ropo,</strong></span> <span class='ocrx_word' id='word_1_119' title='bbox 1087 2523 1180 2585; x_wconf 89' lang='lat' dir='ltr'><strong>quem</strong></span> <span class='ocrx_word' id='word_1_120' title='bbox 1201 2521 1353 2585; x_wconf 83' lang='lat' dir='ltr'><strong>regnasse</strong></span> <span class='ocrx_word' id='word_1_121' title='bbox 1375 2500 1422 2563; x_wconf 85' lang='lat' dir='ltr'><strong>ait</strong></span> 
     </span>
     <span class='ocr_line' id='line_1_21' title="bbox 282 2605 1420 2693; baseline -0.001 -19"><span class='ocrx_word' id='word_1_122' title='bbox 282 2611 324 2674; x_wconf 91' lang='lat' dir='ltr'><strong>ab</strong></span> <span class='ocrx_word' id='word_1_123' title='bbox 344 2609 385 2673; x_wconf 93' lang='lat' dir='ltr'><strong>ol.</strong></span> <span class='ocrx_word' id='word_1_124' title='bbox 408 2607 507 2690; x_wconf 78' lang='lat' dir='ltr'>XCV,</span> <span class='ocrx_word' id='word_1_125' title='bbox 531 2611 547 2671; x_wconf 88' lang='lat' dir='ltr'><strong>l</strong></span> <span class='ocrx_word' id='word_1_126' title='bbox 570 2609 610 2672; x_wconf 89' lang='lat' dir='ltr'><strong>ad</strong></span> <span class='ocrx_word' id='word_1_127' title='bbox 630 2607 782 2690; x_wconf 82' lang='lat' dir='ltr'>XCVI,3</span> <span class='ocrx_word' id='word_1_128' title='bbox 803 2609 859 2673; x_wconf 92' lang='lat' dir='ltr'><strong>lib.</strong></span> <span class='ocrx_word' id='word_1_129' title='bbox 882 2605 959 2672; x_wconf 87' lang='lat' dir='ltr'><strong>XIV</strong></span> <span class='ocrx_word' id='word_1_130' title='bbox 980 2632 1007 2674; x_wconf 90' lang='grc'><strong>1.</strong></span> <span class='ocrx_word' id='word_1_131' title='bbox 1029 2612 1086 2692; x_wconf 80' lang='lat'><strong>373</strong></span> <span class='ocrx_word' id='word_1_132' title='bbox 1108 2609 1147 2674; x_wconf 90' lang='lat' dir='ltr'><strong>de</strong></span> <span class='ocrx_word' id='word_1_133' title='bbox 1167 2610 1343 2693; x_wconf 84' lang='lat' dir='ltr'><strong>Pausania,</strong></span> <span class='ocrx_word' id='word_1_134' title='bbox 1371 2631 1420 2674; x_wconf 92' lang='lat' dir='ltr'><strong>eo·</strong></span> 
     </span>
     <span class='ocr_line' id='line_1_22' title="bbox 281 2717 1422 2804; baseline -0.001 -21"><span class='ocrx_word' id='word_1_135' title='bbox 281 2718 353 2784; x_wconf 91' lang='lat' dir='ltr'><strong>dem</strong></span> <span class='ocrx_word' id='word_1_136' title='bbox 375 2740 460 2782; x_wconf 91' lang='lat' dir='ltr'><strong>anno</strong></span> <span class='ocrx_word' id='word_1_137' title='bbox 480 2718 668 2800; x_wconf 87' lang='lat' dir='ltr'><strong>interfecto,</strong></span> <span class='ocrx_word' id='word_1_138' title='bbox 694 2719 749 2781; x_wconf 89' lang='lat' dir='ltr'><strong>lib.</strong></span> <span class='ocrx_word' id='word_1_139' title='bbox 773 2717 852 2782; x_wconf 92' lang='lat' dir='ltr'><strong>XIV</strong></span> <span class='ocrx_word' id='word_1_140' title='bbox 873 2740 899 2782; x_wconf 90' lang='lat' dir='ltr'><strong>c.</strong></span> <span class='ocrx_word' id='word_1_141' title='bbox 922 2719 977 2802; x_wconf 77' lang='lat'><strong>893</strong></span> <span class='ocrx_word' id='word_1_142' title='bbox 1008 2719 1047 2782; x_wconf 92' lang='lat' dir='ltr'><strong>de</strong></span> <span class='ocrx_word' id='word_1_143' title='bbox 1067 2719 1217 2803; x_wconf 92' lang='lat' dir='ltr'><strong>Philippo</strong></span> <span class='ocrx_word' id='word_1_144' title='bbox 1237 2742 1294 2804; x_wconf 89' lang='lat' dir='ltr'><strong>per</strong></span> <span class='ocrx_word' id='word_1_145' title='bbox 1313 2718 1422 2784; x_wconf 89' lang='lat' dir='ltr'>XXIV</span> 
     </span>
     <span class='ocr_line' id='line_1_23' title="bbox 282 2827 1420 2912; baseline 0.001 -19"><span class='ocrx_word' id='word_1_146' title='bbox 282 2851 385 2893; x_wconf 86' lang='lat' dir='ltr'><strong>annos</strong></span> <span class='ocrx_word' id='word_1_147' title='bbox 400 2832 560 2912; x_wconf 80' lang='lat' dir='ltr'><strong>regnanto</strong></span> <span class='ocrx_word' id='word_1_148' title='bbox 575 2827 649 2891; x_wconf 91' lang='lat' dir='ltr'><strong>inde</strong></span> <span class='ocrx_word' id='word_1_149' title='bbox 665 2828 706 2891; x_wconf 90' lang='lat' dir='ltr'><strong>ab</strong></span> <span class='ocrx_word' id='word_1_150' title='bbox 720 2828 761 2892; x_wconf 92' lang='grc'><strong>01.</strong></span> <span class='ocrx_word' id='word_1_151' title='bbox 779 2827 881 2909; x_wconf 85' lang='lat' dir='ltr'><strong>OV,l</strong></span> <span class='ocrx_word' id='word_1_152' title='bbox 905 2829 945 2892; x_wconf 91' lang='lat' dir='ltr'><strong>ad</strong></span> <span class='ocrx_word' id='word_1_153' title='bbox 961 2828 1043 2912; x_wconf 85' lang='lat' dir='ltr'>CXI,</span> <span class='ocrx_word' id='word_1_154' title='bbox 1063 2833 1079 2893; x_wconf 87' lang='grc'><strong>1</strong></span> <span class='ocrx_word' id='word_1_155' title='bbox 1103 2830 1157 2892; x_wconf 92' lang='lat' dir='ltr'><strong>lib.</strong></span> <span class='ocrx_word' id='word_1_156' title='bbox 1174 2828 1252 2894; x_wconf 89' lang='lat' dir='ltr'><strong>XVI</strong></span> <span class='ocrx_word' id='word_1_157' title='bbox 1268 2851 1295 2894; x_wconf 91' lang='lat' dir='ltr'><strong>c.</strong></span> <span class='ocrx_word' id='word_1_158' title='bbox 1312 2829 1332 2892; x_wconf 87' lang='lat'><em>2</em></span> <span class='ocrx_word' id='word_1_159' title='bbox 1348 2829 1420 2894; x_wconf 91' lang='lat' dir='ltr'><strong>coll.</strong></span> 
     </span>
     <span class='ocr_line' id='line_1_24' title="bbox 283 2937 1421 3021; baseline 0.001 -19"><span class='ocrx_word' id='word_1_160' title='bbox 283 2961 354 3002; x_wconf 89' lang='lat' dir='ltr'><strong>cnm</strong></span> <span class='ocrx_word' id='word_1_161' title='bbox 377 2937 465 3016; x_wconf 90' lang='lat' dir='ltr'>XVI,</span> <span class='ocrx_word' id='word_1_162' title='bbox 489 2937 545 3018; x_wconf 76' lang='lat'><strong>943</strong></span> <span class='ocrx_word' id='word_1_163' title='bbox 574 2937 712 3021; x_wconf 85' lang='lat' dir='ltr'><strong>itemque</strong></span> <span class='ocrx_word' id='word_1_164' title='bbox 734 2938 774 3001; x_wconf 89' lang='lat' dir='ltr'><strong>de</strong></span> <span class='ocrx_word' id='word_1_165' title='bbox 795 2938 988 3002; x_wconf 86' lang='lat' dir='ltr'><strong>Alexandro.</strong></span> <span class='ocrx_word' id='word_1_166' title='bbox 1033 2939 1079 3002; x_wconf 90' lang='lat' dir='ltr'><strong>At</strong></span> <span class='ocrx_word' id='word_1_167' title='bbox 1101 2961 1175 3003; x_wconf 87' lang='lat' dir='ltr'><strong>vero</strong></span> <span class='ocrx_word' id='word_1_168' title='bbox 1196 2940 1282 3004; x_wconf 85' lang='lat' dir='ltr'><strong>inter</strong></span> <span class='ocrx_word' id='word_1_169' title='bbox 1302 2939 1421 3004; x_wconf 90' lang='lat' dir='ltr'><strong>Pausa-</strong></span> 
     </span>
     <span class='ocr_line' id='line_1_25' title="bbox 281 3045 1420 3133; baseline 0.003 -23"><span class='ocrx_word' id='word_1_170' title='bbox 281 3048 355 3111; x_wconf 90' lang='lat' dir='ltr'><strong>niae</strong></span> <span class='ocrx_word' id='word_1_171' title='bbox 378 3051 410 3110; x_wconf 93' lang='lat' dir='ltr'><strong>et</strong></span> <span class='ocrx_word' id='word_1_172' title='bbox 432 3045 607 3110; x_wconf 84' lang='lat' dir='ltr'><strong>Ptolemaei</strong></span> <span class='ocrx_word' id='word_1_173' title='bbox 629 3069 730 3132; x_wconf 82' lang='lat' dir='ltr'><strong>regna</strong></span> <span class='ocrx_word' id='word_1_174' title='bbox 753 3047 910 3112; x_wconf 88' lang='lat' dir='ltr'><strong>Diodorus</strong></span> <span class='ocrx_word' id='word_1_175' title='bbox 932 3049 1059 3132; x_wconf 89' lang='lat' dir='ltr'><strong>quidem</strong></span> <span class='ocrx_word' id='word_1_176' title='bbox 1087 3049 1278 3133; x_wconf 77' lang='lat' dir='ltr'><strong>Interposuit</strong></span> <span class='ocrx_word' id='word_1_177' title='bbox 1300 3050 1420 3133; x_wconf 82' lang='lat' dir='ltr'><strong>Amyn·</strong></span> 
     </span>
     <span class='ocr_line' id='line_1_26' title="bbox 281 3155 1417 3242; baseline 0.004 -22"><span class='ocrx_word' id='word_1_178' title='bbox 281 3160 335 3220; x_wconf 88' lang='lat' dir='ltr'><strong>tae</strong></span> <span class='ocrx_word' id='word_1_179' title='bbox 361 3156 528 3240; x_wconf 88' lang='lat' dir='ltr'><strong>imperium</strong></span> <span class='ocrx_word' id='word_1_180' title='bbox 555 3155 664 3220; x_wconf 89' lang='lat' dir='ltr'>XXIV</span> <span class='ocrx_word' id='word_1_181' title='bbox 692 3179 863 3240; x_wconf 88' lang='lat' dir='ltr'><strong>annorum,</strong></span> <span class='ocrx_word' id='word_1_182' title='bbox 902 3158 943 3222; x_wconf 90' lang='lat' dir='ltr'><strong>ab</strong></span> <span class='ocrx_word' id='word_1_183' title='bbox 970 3159 1012 3222; x_wconf 91' lang='lat' dir='ltr'><strong>ol.</strong></span> <span class='ocrx_word' id='word_1_184' title='bbox 1036 3157 1155 3242; x_wconf 73' lang='lat' dir='ltr'>XCVI,</span> <span class='ocrx_word' id='word_1_185' title='bbox 1179 3160 1199 3223; x_wconf 88' lang='grc'><strong>3</strong></span> <span class='ocrx_word' id='word_1_186' title='bbox 1227 3159 1267 3222; x_wconf 92' lang='lat' dir='ltr'><strong>ad</strong></span> <span class='ocrx_word' id='word_1_187' title='bbox 1295 3157 1363 3240; x_wconf 82' lang='lat' dir='ltr'>CII,</span> <span class='ocrx_word' id='word_1_188' title='bbox 1387 3160 1417 3240; x_wconf 88' lang='lat'><strong>3,</strong></span> 
     </span>
     <span class='ocr_line' id='line_1_27' title="bbox 282 3265 1419 3351; baseline 0.002 -22"><span class='ocrx_word' id='word_1_189' title='bbox 282 3266 338 3330; x_wconf 89' lang='lat' dir='ltr'><strong>lib.</strong></span> <span class='ocrx_word' id='word_1_190' title='bbox 366 3265 445 3330; x_wconf 89' lang='lat' dir='ltr'><strong>XIV</strong></span> <span class='ocrx_word' id='word_1_191' title='bbox 473 3289 499 3330; x_wconf 90' lang='lat' dir='ltr'><strong>c.</strong></span> <span class='ocrx_word' id='word_1_192' title='bbox 529 3266 570 3330; x_wconf 80' lang='lat'><strong>89</strong></span> <span class='ocrx_word' id='word_1_193' title='bbox 608 3267 678 3330; x_wconf 88' lang='grc'><strong>1011.</strong></span> <span class='ocrx_word' id='word_1_194' title='bbox 709 3289 780 3332; x_wconf 89' lang='lat' dir='ltr'><strong>cnm</strong></span> <span class='ocrx_word' id='word_1_195' title='bbox 807 3266 884 3351; x_wconf 88' lang='lat' dir='ltr'><strong>XV,</strong></span> <span class='ocrx_word' id='word_1_196' title='bbox 908 3269 965 3351; x_wconf 83' lang='lat'><strong>60,</strong></span> <span class='ocrx_word' id='word_1_197' title='bbox 1012 3289 1214 3351; x_wconf 86' lang='lat' dir='ltr'><strong>annuumque</strong></span> <span class='ocrx_word' id='word_1_198' title='bbox 1243 3267 1419 3331; x_wconf 86' lang='lat' dir='ltr'><strong>Alexandri</strong></span> 
     </span>
     <span class='ocr_line' id='line_1_28' title="bbox 280 3374 1419 3461; baseline 0.001 -22"><span class='ocrx_word' id='word_1_199' title='bbox 280 3397 417 3461; x_wconf 85' lang='lat' dir='ltr'><strong>regnum</strong></span> <span class='ocrx_word' id='word_1_200' title='bbox 438 3375 494 3440; x_wconf 87' lang='lat' dir='ltr'><strong>lib.</strong></span> <span class='ocrx_word' id='word_1_201' title='bbox 511 3374 572 3439; x_wconf 92' lang='lat' dir='ltr'><strong>XV</strong></span> <span class='ocrx_word' id='word_1_202' title='bbox 595 3377 689 3440; x_wconf 81' lang='grc'><strong>1.(10.</strong></span> <span class='ocrx_word' id='word_1_203' title='bbox 735 3376 874 3451; x_wconf 78' lang='lat' dir='ltr'><strong>Quorum</strong></span> <span class='ocrx_word' id='word_1_204' title='bbox 895 3378 1027 3442; x_wconf 88' lang='lat' dir='ltr'><strong>nomina</strong></span> <span class='ocrx_word' id='word_1_205' title='bbox 1049 3377 1188 3441; x_wconf 89' lang='lat' dir='ltr'><strong>dubitari</strong></span> <span class='ocrx_word' id='word_1_206' title='bbox 1210 3377 1321 3460; x_wconf 89' lang='lat' dir='ltr'><strong>nequit</strong></span> <span class='ocrx_word' id='word_1_207' title='bbox 1342 3377 1419 3461; x_wconf 90' lang='lat' dir='ltr'><strong>quin</strong></span> 
     </span>
     <span class='ocr_line' id='line_1_29' title="bbox 281 3485 1418 3570; baseline 0.002 -22"><span class='ocrx_word' id='word_1_208' title='bbox 281 3485 316 3549; x_wconf 93' lang='lat' dir='ltr'><strong>in</strong></span> <span class='ocrx_word' id='word_1_209' title='bbox 342 3485 474 3550; x_wconf 82' lang='lat' dir='ltr'><strong>Eusebii</strong></span> <span class='ocrx_word' id='word_1_210' title='bbox 502 3485 607 3550; x_wconf 90' lang='lat' dir='ltr'><strong>indice</strong></span> <span class='ocrx_word' id='word_1_211' title='bbox 635 3485 867 3550; x_wconf 84' lang='lat' dir='ltr'><strong>interciderint.</strong></span> <span class='ocrx_word' id='word_1_212' title='bbox 924 3486 1014 3561; x_wconf 73' lang='lat' dir='ltr'><strong>Quod</strong></span> <span class='ocrx_word' id='word_1_213' title='bbox 1043 3486 1169 3570; x_wconf 87' lang='lat' dir='ltr'><strong>quidem</strong></span> <span class='ocrx_word' id='word_1_214' title='bbox 1196 3487 1242 3550; x_wconf 86' lang='lat' dir='ltr'><strong>ita</strong></span> <span class='ocrx_word' id='word_1_215' title='bbox 1271 3507 1339 3552; x_wconf 86' lang='lat' dir='ltr'><strong>esse</strong></span> <span class='ocrx_word' id='word_1_216' title='bbox 1367 3485 1418 3550; x_wconf 89' lang='lat' dir='ltr'><strong>de-</strong></span> 
     </span>
     <span class='ocr_line' id='line_1_30' title="bbox 281 3595 1419 3680; baseline -0.001 -22"><span class='ocrx_word' id='word_1_217' title='bbox 281 3595 355 3658; x_wconf 88' lang='lat' dir='ltr'><strong>bere</strong></span> <span class='ocrx_word' id='word_1_218' title='bbox 379 3617 450 3659; x_wconf 90' lang='lat' dir='ltr'><strong>cum</strong></span> <span class='ocrx_word' id='word_1_219' title='bbox 472 3595 543 3658; x_wconf 80' lang='lat' dir='ltr'><strong>aliia</strong></span> <span class='ocrx_word' id='word_1_220' title='bbox 566 3595 604 3658; x_wconf 90' lang='lat' dir='ltr'><strong>de</strong></span> <span class='ocrx_word' id='word_1_221' title='bbox 628 3595 746 3658; x_wconf 88' lang='lat' dir='ltr'><strong>caussis</strong></span> <span class='ocrx_word' id='word_1_222' title='bbox 774 3595 943 3679; x_wconf 84' lang='lat' dir='ltr'><strong>apparebit</strong></span> <span class='ocrx_word' id='word_1_223' title='bbox 964 3599 1091 3678; x_wconf 88' lang='lat' dir='ltr'><strong>postea,</strong></span> <span class='ocrx_word' id='word_1_224' title='bbox 1122 3598 1190 3659; x_wconf 88' lang='lat' dir='ltr'><strong>tum</strong></span> <span class='ocrx_word' id='word_1_225' title='bbox 1219 3595 1419 3680; x_wconf 84' lang='lat' dir='ltr'><strong>intellegitur</strong></span> 
     </span>
     <span class='ocr_line' id='line_1_31' title="bbox 282 3703 1418 3789; baseline -0.001 -21"><span class='ocrx_word' id='word_1_226' title='bbox 282 3725 319 3768; x_wconf 84' lang='lat' dir='ltr'><strong>ex</strong></span> <span class='ocrx_word' id='word_1_227' title='bbox 342 3704 474 3768; x_wconf 88' lang='lat' dir='ltr'><strong>indice</strong></span> <span class='ocrx_word' id='word_1_228' title='bbox 496 3703 990 3788; x_wconf 79' lang='lat' dir='ltr'><strong>regumMaccdonicornm</strong></span> <span class='ocrx_word' id='word_1_229' title='bbox 1013 3705 1054 3767; x_wconf 92' lang='lat' dir='ltr'><strong>ab</strong></span> <span class='ocrx_word' id='word_1_230' title='bbox 1069 3703 1207 3768; x_wconf 83' lang='lat' dir='ltr'><strong>Eusebio</strong></span> <span class='ocrx_word' id='word_1_231' title='bbox 1222 3704 1331 3768; x_wconf 88' lang='lat' dir='ltr'><strong>statim</strong></span> <span class='ocrx_word' id='word_1_232' title='bbox 1346 3707 1418 3789; x_wconf 85' lang='lat' dir='ltr'><strong>post</strong></span> 
     </span>
     <span class='ocr_line' id='line_1_32' title="bbox 281 3813 1418 3898; baseline 0 -22"><span class='ocrx_word' id='word_1_233' title='bbox 281 3813 412 3877; x_wconf 90' lang='lat' dir='ltr'><strong>Diodori</strong></span> <span class='ocrx_word' id='word_1_234' title='bbox 440 3815 657 3898; x_wconf 82' lang='lat' dir='ltr'><strong>fragmentum</strong></span> <span class='ocrx_word' id='word_1_235' title='bbox 684 3814 788 3896; x_wconf 83' lang='lat' dir='ltr'><strong>posito</strong></span> <span class='ocrx_word' id='word_1_236' title='bbox 816 3837 847 3896; x_wconf 87' lang='lat' dir='ltr'><strong>p.</strong></span> <span class='ocrx_word' id='word_1_237' title='bbox 871 3816 933 3878; x_wconf 81' lang='lat'><strong>324</strong></span> <span class='ocrx_word' id='word_1_238' title='bbox 960 3836 1025 3898; x_wconf 87' lang='lat' dir='ltr'><strong>sq.,</strong></span> <span class='ocrx_word' id='word_1_239' title='bbox 1054 3815 1234 3898; x_wconf 89' lang='lat' dir='ltr'><strong>quoquasi</strong></span> <span class='ocrx_word' id='word_1_240' title='bbox 1263 3834 1418 3878; x_wconf 89' lang='lat' dir='ltr'><strong>summam</strong></span> 
     </span>
     <span class='ocr_line' id='line_1_33' title="bbox 281 3923 1417 4008; baseline 0 -20"><span class='ocrx_word' id='word_1_241' title='bbox 281 3923 521 4008; x_wconf 85' lang='lat' dir='ltr'><strong>comprehendit</strong></span> <span class='ocrx_word' id='word_1_242' title='bbox 548 3927 644 3987; x_wconf 82' lang='lat' dir='ltr'><strong>antea</strong></span> <span class='ocrx_word' id='word_1_243' title='bbox 665 3926 882 4006; x_wconf 71' lang='lat' dir='ltr'><strong>narratorum,</strong></span> <span class='ocrx_word' id='word_1_244' title='bbox 914 3924 1001 3988; x_wconf 89' lang='lat' dir='ltr'><strong>cuius</strong></span> <span class='ocrx_word' id='word_1_245' title='bbox 1023 3923 1153 4005; x_wconf 89' lang='lat' dir='ltr'><strong>indicis,</strong></span> <span class='ocrx_word' id='word_1_246' title='bbox 1182 3923 1258 3988; x_wconf 88' lang='lat' dir='ltr'><strong>licet</strong></span> <span class='ocrx_word' id='word_1_247' title='bbox 1281 3923 1417 4007; x_wconf 90' lang='lat' dir='ltr'><strong>complu·</strong></span> 
     </span>
     <span class='ocr_line' id='line_1_34' title="bbox 280 4032 1417 4118; baseline -0.003 -20"><span class='ocrx_word' id='word_1_248' title='bbox 280 4034 366 4098; x_wconf 90' lang='lat' dir='ltr'><strong>riens</strong></span> <span class='ocrx_word' id='word_1_249' title='bbox 381 4033 592 4117; x_wconf 87' lang='lat' dir='ltr'><strong>discrepantis</strong></span> <span class='ocrx_word' id='word_1_250' title='bbox 615 4033 656 4096; x_wconf 92' lang='lat' dir='ltr'><strong>ab</strong></span> <span class='ocrx_word' id='word_1_251' title='bbox 678 4033 778 4115; x_wconf 87' lang='lat' dir='ltr'><strong>ipsius</strong></span> <span class='ocrx_word' id='word_1_252' title='bbox 793 4033 969 4118; x_wconf 81' lang='lat' dir='ltr'><strong>fragmenti</strong></span> <span class='ocrx_word' id='word_1_253' title='bbox 984 4033 1147 4114; x_wconf 87' lang='lat' dir='ltr'><strong>memoria,</strong></span> <span class='ocrx_word' id='word_1_254' title='bbox 1170 4036 1280 4098; x_wconf 84' lang='lat' dir='ltr'><strong>tamen</strong></span> <span class='ocrx_word' id='word_1_255' title='bbox 1303 4032 1417 4116; x_wconf 87' lang='lat' dir='ltr'><strong>aliquis</strong></span> 
     </span>
     <span class='ocr_line' id='line_1_35' title="bbox 280 4141 1416 4230; baseline -0.002 -24"><span class='ocrx_word' id='word_1_256' title='bbox 280 4165 355 4208; x_wconf 87' lang='lat' dir='ltr'><strong>usus</strong></span> <span class='ocrx_word' id='word_1_257' title='bbox 383 4165 451 4207; x_wconf 85' lang='lat' dir='ltr'><strong>esse</strong></span> <span class='ocrx_word' id='word_1_258' title='bbox 473 4146 579 4226; x_wconf 85' lang='lat' dir='ltr'><strong>potest</strong></span> <span class='ocrx_word' id='word_1_259' title='bbox 605 4142 646 4206; x_wconf 90' lang='lat' dir='ltr'><strong>ad</strong></span> <span class='ocrx_word' id='word_1_260' title='bbox 668 4143 843 4226; x_wconf 84' lang='lat' dir='ltr'><strong>fragmenti</strong></span> <span class='ocrx_word' id='word_1_261' title='bbox 870 4143 968 4207; x_wconf 86' lang='lat' dir='ltr'><strong>verba</strong></span> <span class='ocrx_word' id='word_1_262' title='bbox 995 4141 1044 4206; x_wconf 88' lang='lat' dir='ltr'><strong>vel</strong></span> <span class='ocrx_word' id='word_1_263' title='bbox 1067 4142 1244 4230; x_wconf 89' lang='lat' dir='ltr'><strong>supplenda</strong></span> <span class='ocrx_word' id='word_1_264' title='bbox 1272 4142 1323 4206; x_wconf 88' lang='lat' dir='ltr'><strong>vel</strong></span> <span class='ocrx_word' id='word_1_265' title='bbox 1351 4161 1416 4205; x_wconf 89' lang='lat' dir='ltr'><strong>cor-</strong></span> 
     </span>
     <span class='ocr_line' id='line_1_36' title="bbox 280 4250 1416 4336; baseline -0.004 -20"><span class='ocrx_word' id='word_1_266' title='bbox 280 4252 425 4336; x_wconf 85' lang='lat' dir='ltr'><strong>rigenda.</strong></span> <span class='ocrx_word' id='word_1_267' title='bbox 456 4251 681 4335; x_wconf 84' lang='lat' dir='ltr'><strong>Discrcpantia</strong></span> <span class='ocrx_word' id='word_1_268' title='bbox 704 4255 810 4316; x_wconf 87' lang='lat' dir='ltr'><strong>autem</strong></span> <span class='ocrx_word' id='word_1_269' title='bbox 833 4253 905 4334; x_wconf 88' lang='lat' dir='ltr'><strong>ista,</strong></span> <span class='ocrx_word' id='word_1_270' title='bbox 929 4273 1010 4336; x_wconf 91' lang='lat' dir='ltr'><strong>quae</strong></span> <span class='ocrx_word' id='word_1_271' title='bbox 1032 4251 1065 4314; x_wconf 91' lang='lat' dir='ltr'><strong>in</strong></span> <span class='ocrx_word' id='word_1_272' title='bbox 1082 4250 1143 4314; x_wconf 91' lang='lat' dir='ltr'><strong>hac</strong></span> <span class='ocrx_word' id='word_1_273' title='bbox 1165 4251 1235 4334; x_wconf 90' lang='lat' dir='ltr'><strong>ipsa</strong></span> <span class='ocrx_word' id='word_1_274' title='bbox 1256 4254 1416 4334; x_wconf 85' lang='lat' dir='ltr'><strong>postrema</strong></span> 
     </span>
     <span class='ocr_line' id='line_1_37' title="bbox 281 4359 1415 4446; baseline 0.004 -23"><span class='ocrx_word' id='word_1_275' title='bbox 281 4365 373 4446; x_wconf 85' lang='lat' dir='ltr'><strong>parte</strong></span> <span class='ocrx_word' id='word_1_276' title='bbox 407 4381 516 4444; x_wconf 80' lang='lat' dir='ltr'><strong>regum</strong></span> <span class='ocrx_word' id='word_1_277' title='bbox 552 4361 830 4425; x_wconf 83' lang='lat' dir='ltr'><strong>Macedonicorum</strong></span> <span class='ocrx_word' id='word_1_278' title='bbox 861 4360 1060 4444; x_wconf 86' lang='lat' dir='ltr'><strong>potissimum</strong></span> <span class='ocrx_word' id='word_1_279' title='bbox 1096 4360 1251 4444; x_wconf 80' lang='lat' dir='ltr'><strong>cernitur,</strong></span> <span class='ocrx_word' id='word_1_280' title='bbox 1285 4359 1415 4428; x_wconf 83' lang='lat' dir='ltr'><strong>minime</strong></span> 
     </span>
    </p>
   </div>
   <div class='ocr_carea' id='block_1_3' title="bbox 0 0 1640 5088">
    <p class='ocr_par' dir='ltr' id='par_1_3' title="bbox 0 0 1640 5088">
     <span class='ocr_line' id='line_1_38' title="bbox 0 0 1640 5088; baseline 0 1"><span class='ocrx_word' id='word_1_281' title='bbox 0 0 1640 5088; x_wconf 95' lang='lat' dir='ltr'><strong> </strong></span> 
     </span>
    </p>
   </div>
  </div>
 </body>
</html>
