3254 5092
635 348 753 406 nnova
777 349 995 398 nnnronoao.
1323 335 1380 398 181

240 501 362 564 athenis
378 521 457 583 quae
474 503 612 562 aetatem
628 521 693 562 non
708 498 885 584 tulerint.*)
901 539 942 548 -
960 499 1175 586 [Enumeratis
1196 525 1291 586 supra
1306 503 1382 566 scri-

239 611 382 694 ptoribus
405 631 490 674 nune
512 609 569 672 hos
592 608 695 672 habeo
717 627 794 692 quos
818 610 949 692 addam,
978 631 1016 673 ex
1038 615 1129 692 parte
1153 611 1191 675 G.
1216 611 1383 676 Dindorfio

240 721 341 783 amice
370 718 605 802 suppeditante.
661 717 804 781 Primum
834 720 908 803 114)
936 719 1195 802 Herodotum,
1230 721 1264 784 in
1294 721 1381 786 auius

240 829 347 894 codice
374 828 547 892 Passioneo
579 828 793 910 subscriptum
822 833 871 891 est
903 829 984 892 libro
1018 832 1131 913 quarto
1160 829 1381 908 ΧΧΧΗΗΗΙΙΙ,

239 939 351 1022 quinto
379 938 532 1016 ΧΧΧΗΗ,
561 939 674 1000 octavo
703 938 944 1016 ΧΧΗΗΗΔΔΙΙ,
972 938 1007 1001 in
1034 937 1206 1002 Passioneo
1234 939 1382 1003 simulet

239 1048 382 1112 Medioeo
409 1047 491 1111 libro
519 1068 605 1110 nono
633 1047 784 1112 ΧΧΗΗΙΙΙ.
827 1046 871 1111 Hi
894 1051 1000 1111 autem
1022 1047 1146 1112 numeri
1167 1048 1310 1111 notabile
1333 1053 1382 1112 est

238 1180 334 1242 quam
362 1161 395 1220 et
423 1157 538 1241 exiguo
566 1160 598 1219 et
625 1157 783 1240 aequabili
813 1157 982 1220 intervallo
1011 1158 1052 1220 ab
1074 1158 1119 1221 eis
1139 1157 1273 1240 distent,
1304 1180 1381 1241 quos

238 1268 272 1330 in
294 1269 444 1349 promptu
466 1269 515 1331 est
536 1267 622 1330 velut
644 1287 661 1330 e
684 1266 841 1332 Dindorfii
863 1266 1007 1350 exemplo
1021 1266 1195 1332 Didotiano
1216 1267 1267 1332 vel
1295 1290 1381 1332 nuno

241 1457 442 1466 —a--n-—u

306 1581 330 1646 *)
350 1581 400 1648 [De
418 1581 522 1646 (τίχων
538 1580 646 1633 ratione
665 1579 746 1632 aliter
764 1582 847 1646 atque
867 1595 919 1647 ego
938 1579 1060 1634 sentiens
1076 1579 1233 1635 Voemelius
1247 1598 1308 1634 oum
1326 1582 1380 1636 dis-

238 1671 458 1741 putatiunculam
482 1673 622 1740 quandam
645 1689 723 1725 suam
746 1671 782 1726 ad
807 1689 857 1725 nos
884 1671 1005 1726 misisset
1027 1672 1123 1726 Museo
1149 1673 1216 1742 phil.
1244 1674 1379 1729 Rhenano

238 1764 426 1830 inserendam,
453 1765 516 1818 huic
542 1783 576 1818 ea
597 1763 751 1834 praefanda
773 1763 900 1817 duximus
922 1765 976 1817 vol.
1003 1764 1029 1817 II
1053 1765 1139 1830 (1843)
1166 1782 1193 1833 p.
1217 1771 1279 1830 453,
1308 1783 1379 1833 quae

154 1855 156 1860 ’
238 1856 310 1911 infra
327 1857 430 1912 iterata
446 1858 542 1912 habes.

306 1949 489 2004 ‘Hoffentlich
514 1949 627 2018 vergibt
652 1949 705 2003 mir
732 1950 803 2004 Herr
830 1951 862 2003 H.
888 1949 998 2019 Sauppe
1027 1950 1072 2004 die
1098 1951 1276 2020 Mittheilung
1303 1950 1380 2007 siner

238 2043 460 2112 gelegentdiohen
481 2042 645 2098 brieflichen
667 2044 844 2111 Aeusserung
867 2061 920 2097 von
941 2043 1011 2110 ihm,
1039 2043 1083 2097 die
1109 2043 1170 2098 hier
1191 2061 1237 2097 am
1264 2044 1378 2099 rechten

238 2137 304 2188 Orto
328 2135 425 2189 steheu
442 2135 519 2188 wird.
555 2136 749 2201 „Interessant
771 2135 808 2188 ist
830 2153 872 2202 es,
894 2135 959 2188 dass
983 2134 1039 2188 sich
1062 2135 1090 2188 in
1113 2135 1378 2191 Demosthenisohen

237 2228 333 2281 Reden
351 2245 401 2281 ans
420 2228 474 2281 den
492 2228 608 2292 Zahlen,
627 2227 670 2280 die
688 2226 727 2280 irn
741 2227 1004 2282 Zuntersehrieben
1023 2227 1097 2293 sind,
1115 2228 1288 2283 naohweisen
1299 2230 1378 2296 litsst,

238 2320 301 2372 dass
325 2319 369 2374 dio
387 2321 574 2373 Actenstdcke
596 2319 624 2372 in
647 2319 711 2374 dem
730 2319 834 2385 Codex,
856 2319 884 2371 in
909 2319 973 2374 dem
994 2321 1085 2373 zuerst
1107 2319 1151 2373 die
1170 2320 1296 2390 Zahlung
1318 2339 1378 2376 vor·

237 2429 402 2480 genommen
420 2413 527 2478 wurde,
550 2412 627 2465 nicht
650 2413 777 2466 standan.
814 2412 857 2466 Da
878 2429 935 2465 nun
958 2411 1033 2466 dieso
1052 2412 1156 2466 Zahlen
1177 2413 1249 2466 ohne
1267 2414 1378 2468 Zweifel

236 2504 279 2557 bis
296 2505 368 2558 nach
380 2504 548 2559 Alexandria
566 2504 633 2558 oder
647 2505 800 2572 Pergamus
818 2505 1024 2573 zmr'iekgehen,
1043 2522 1074 2559 so
1092 2504 1181 2560 bildet
1199 2505 1257 2558 siah
1275 2505 1376 2560 daraus

237 2597 297 2651 eine
315 2597 490 2652 bedentende
508 2598 619 2651 tustani
637 2614 729 2666 gagen
747 2596 791 2650 die
808 2585 939 2652 dohtheit
957 2598 1006 2651 der
1025 2597 1222 2651 Documente.“
1241 2627 1273 2634 -
1285 2596 1376 2652 Wenn

236 2690 306 2743 auch
324 2689 368 2744 die
386 2690 584 2759 Bohauptung,
602 2689 667 2743 dass
679 2692 761 2744 unter
772 2691 858 2756 (τίχοι
875 2689 928 2744 nie
942 2689 1167 2744 Sinnabschnitte
1184 2708 1217 2743 zu
1230 2690 1376 2744 verstehen

237 2781 323 2849 seien,
342 2781 403 2836 eine
415 2781 647 2850 Einschrbnkung
659 2781 776 2847 ersahrt,
794 2784 904 2836 worauf
918 2782 1003 2837 sehon
1021 2783 1115 2837 frtiher
1126 2781 1238 2851 Einiges
1252 2782 1376 2850 bezogen

236 2874 361 2940 worden,
389 2890 419 2927 so
441 2874 478 2928 ist
504 2875 576 2928 doch
597 2891 652 2927 von
675 2874 712 2928 da
737 2874 780 2927 bis
802 2893 835 2928 zu
857 2875 922 2929 dem
944 2873 1084 2941 Schlnsse,
1111 2875 1175 2928 dass
1202 2891 1231 2928 es
1259 2874 1376 2929 immor

236 2965 462 3021 Sinnabschnitte
485 2983 625 3036 genesen,
647 2967 720 3020 noch
742 2966 787 3020 ein
809 2965 932 3035 Spnmg,
961 2967 1014 3020 deri
1036 2967 1166 3021 niemand
1188 2968 1254 3022 eher
1277 2985 1376 3036 wagen

236 3058 315 3126 wird,
334 3060 375 3113 als
393 3059 436 3112 bis
454 3059 498 3114 die
516 3059 614 3114 innern
632 3059 745 3114 Grdnde
762 3059 819 3112 und
837 3064 951 3113 {iussero
969 3059 1145 3114 'l'hatsaehen
1169 3060 1289 3128 ertedigt
1306 3059 1376 3126 sind,

236 3151 280 3206 dio
297 3153 342 3205 far
359 3153 536 3207 Raumzeilen
554 3152 761 3206 unbestreitbar
784 3152 930 3220 spreehen,
949 3153 982 3220 ja
1004 3151 1092 3206 selbst
1109 3169 1145 3206 an
1168 3152 1232 3206 dem
1251 3152 1375 3208 weitver-

236 3244 374 3300 breiteten
391 3245 538 3299 Gebrauch
557 3244 633 3299 einer
650 3244 777 3312 Zithlung
794 3245 866 3298 nach
883 3244 967 3298 ihnen
985 3244 1062 3298 nicht
1078 3244 1203 3299 zweifetn
1221 3245 1335 3300 lassem’

301 3337 359 3392 Nec
383 3337 459 3392 aliud
480 3339 524 3391 vel
545 3337 612 3390 mihi
633 3338 677 3391 vel
696 3337 907 3391 Wachsmuthio
930 3355 992 3392 meo
1015 3337 1113 3391 Philol.
1136 3337 1200 3391 XV]
1221 3356 1248 3407 p.
1268 3343 1319 3392 654
1342 3355 1376 3393 ea

235 3433 444 3498 persuaserunt,
464 3447 534 3496 quas
552 3429 588 3483 ab
607 3430 706 3484 eodem
727 3429 869 3483 Voemelio
888 3429 1031 3498 disputata
1049 3432 1113 3483 sunt
1133 3429 1162 3483 in
1180 3429 1375 3484 Demosthenis

236 3521 416 3576 Contionibus
434 3522 512 3576 Halia
531 3527 634 3578 a.185'1
652 3539 669 3576 a
687 3541 716 3576 se
734 3521 815 3576 editis
833 3541 860 3591 p.
874 3529 924 3576 220
939 3539 998 3589 sqq.
1013 3529 1070 3577 ³72.
1085 3528 1134 3577 548
1147 3539 1187 3589 sq.
1212 3522 1267 3575 Vbi
1279 3523 1375 3576 tamen

235 3613 341 3667 numeri
364 3613 476 3681 quidam
499 3615 601 3680 nostri,
628 3616 675 3682 qui
696 3615 820 3682 priorum
841 3613 978 3668 editorum
1000 3613 1165 3669 testimoniis
1193 3614 1375 3680 debebantur,

235 3707 267 3760 G.
286 3706 423 3762 Dindorfii
444 3707 497 3760 fido
520 3707 661 3761 emendati
683 3707 833 3773 habentur,
856 3705 952 3761 addita
974 3710 1068 3762 autem
1091 3725 1105 3761 e
1129 3705 1222 3762 codiee
1239 3706 1373 3762 Bavarieo

235 3800 368 3854 orationis
381 3803 446 3866 περὶ
460 3802 629 3866 Ἁλοννήεου
642 3799 809 3868 subscriptio
821 3800 891 3854 haec
903 3801 959 3853 est:
971 3801 1064 3865 Τόμος
1078 3801 1107 3854 Α.
1120 3801 1282 3853 Φιλιππικοὶ
1295 3802 1374 3864 λόγοι

235 3908 258 3950 ς.
276 3893 500 3947 ΧΧΗΗΓΔΔΔΠ
519 3892 835 3960 (11.9.ΧΧΗΗΡΙΔΔΠ)ι
854 3892 929 3945 ouius
948 3891 971 3945 si
988 3892 1068 3946 nobis
1087 3891 1153 3946 olim
1171 3891 1252 3960 copia
1267 3891 1374 3958 ausser,

234 4002 290 4038 non
318 3985 552 4038 contemnendum
586 3985 675 4038 omnis
703 3983 874 4054 computatio
902 3987 998 4039 nostra
1024 3984 1213 4038 adiumentum
1242 3983 1373 4038 habitura

234 4078 302 4131 erat.
322 4109 354 4115 -
373 4076 502 4131 Ceterum
520 4078 553 4132 de
571 4078 837 4132 Demostheneorum
856 4078 959 4144 ετίχων
975 4075 1129 4130 rationibus
1151 4075 1276 4146 pluribus
1300 4075 1372 4130 dixe-

234 4173 298 4222 runt
316 4170 443 4223 Baiterus
467 4169 658 4238 Sauppinsque
676 4169 824 4224 Oratorum
846 4169 1000 4223 Atticorum
1019 4169 1111 4222 Turioi
1132 4168 1270 4223 editorum
1287 4169 1341 4223 vol.
1360 4169 1372 4222 I

233 4263 321 4329 praet.
346 4262 424 4316 Deru.
447 4281 475 4331 p.
498 4263 536 4315 ΙΙΙ
561 4279 602 4328 sq.
626 4263 669 4328 (cf.
693 4265 780 4331 praef.
804 4263 885 4316 Isocr.
910 4281 937 4330 p.
960 4263 1023 4330 ΙΙΙ),
1045 4261 1144 4329 paucis·
1163 4261 1320 4330 Droysenns
1342 4263 1372 4315 in

234 4352 449 4410 Zimmermanni
465 4354 541 4408 Diar.
561 4354 647 4422 antiq.
666 4354 738 4408 stud.
756 4355 878 4409 Darmst.
897 4371 922 4408 a.
942 4359 1008 4410 1846
1025 4367 1052 4422 p.
1073 4355 1123 4424 15.]
