3184 5100
530 391 677 444 concors
700 391 848 444 carneis
872 392 1053 445 aerarum.
1302 373 1363 441 765

225 546 327 613 video.
372 546 455 623 Quid
488 548 582 615 enim.
607 547 712 612 rufam
744 547 879 612 barbam
911 547 946 614 in
982 551 1090 614 statua
1127 545 1364 612 commemorari

228 657 413 723 attinebat?
433 658 536 722 Immo
563 658 776 742 intelligenda
803 663 852 723 est
873 679 1027 742 persona,
1055 679 1151 742 quam
1172 656 1285 722 Pollux
1307 656 1401 722 lV.v

228 767 288 832 142
310 769 454 849 (άτυρον
477 768 624 844 ἀγένειον
646 772 795 832 vocatam
816 767 913 851 dicit,
942 769 977 832 in
1003 788 1099 852 quam
1121 767 1264 850 apprime
1287 765 1365 830 illud

225 899 244 940 a
274 877 407 942 iuvenili
434 877 566 942 lascivia
593 877 724 942 ductum
751 899 869 943 nomen
897 879 1020 958 εκίμτοε
1047 876 1192 962 quadrat.
1236 877 1366 964 Πυρῤὸε

225 987 312 1052 enim
327 987 454 1069 dieitur,
479 989 531 1052 cui
552 988 657 1072 prima
672 988 792 1073 lanugo
815 988 940 1053 crescit.
963 987 1046 1052 Vide
1059 985 1309 1052 Valckenarium
1325 985 1366 1050 ad

225 1095 358 1162 Theocr.
388 1098 494 1162 Adon.
530 1120 562 1182 p.
591 1098 665 1162 409.
713 1097 762 1161 De
795 1097 924 1182 reliquis
951 1096 1194 1181 epigrammatis
1224 1095 1366 1160 versibus

225 1206 308 1272 idem
331 1207 409 1272 mihi
431 1207 466 1271 in
488 1207 552 1271 tuis
576 1208 766 1274 coniecturis
789 1207 922 1290 accidit,
952 1206 1035 1291 quod
1056 1206 1117 1270 tibi
1139 1206 1174 1270 in
1195 1206 1291 1271 meis:
1317 1205 1365 1270 ui-

226 1315 273 1380 hil
294 1321 399 1400 muto,
423 1317 494 1400 sed,
518 1321 555 1382 ut
576 1317 730 1401 arbitror,
759 1318 828 1381 iura
849 1316 983 1381 meliori.
1028 1315 1112 1380 Nam
1141 1319 1173 1380 et
1201 1316 1366 1400 aliquanto

225 1427 393 1510 pauciora,
417 1426 611 1509 et‘leniora,
640 1431 673 1490 et
699 1427 734 1490 in
757 1427 872 1510 quibus
894 1425 975 1490 nihil
997 1424 1156 1509 offendas,
1180 1447 1200 1490 a
1221 1447 1272 1490 me
1294 1448 1365 1510 pro-

226 1536 331 1620 posita
353 1539 438 1599 sunt.
476 1536 549 1620 Ipse
570 1535 690 1602 videas.
721 1538 860 1614 Ἠγαγεν
883 1535 926 1602 εἰε
948 1538 1070 1616 μνήμην
1093 1555 1192 1619 quare
1213 1538 1364 1618 mutetur,

226 1645 315 1708 nulla
337 1666 451 1710 caussa
477 1649 536 1728 cst,
571 1649 605 1709 et
631 1647 700 1730 ipse
726 1649 801 1710 tuae
831 1647 1032 1711 coniecturae
1063 1644 1208 1709 diffidere
1229 1645 1363 1710 'videris

224 1753 314 1818 Idem
335 1754 488 1819 fateberis
510 1754 550 1818 de
571 1756 731 1839 particula
752 1757 798 1821 τέ.
842 1753 924 1818 Tum
951 1754 1034 1838 quod
1063 1758 1100 1818 tu
1121 1755 1260 1839 reponis,
1293 1756 1365 1821 εὔα-

225 1869 281 1930 δεν
303 1865 423 1945 ἡρώων
444 1866 546 1930 τύποι
569 1865 630 1945 οὐχ
653 1865 711 1946 ἑνί,
733 1864 783 1930 vel
798 1867 968 1949 propterea
984 1863 1177 1928 dubitationi
1192 1865 1365 1930 obnoxium

226 1977 290 2058 est,
318 1975 393 2058 quia
420 1995 473 2054 por
502 1977 664 2038 extnrsum
692 1978 755 2058 cst,
783 1973 888 2058 magis
915 1977 1022 2038 autem
1050 1976 1181 2057 propter
1213 1976 1274 2054 οὐχ
1306 1975 1363 2042 ἑνί.

225 2082 311 2148 Nam
338 2085 376 2148 ut
403 2085 464 2148 hoc
491 2087 610 2168 totum,
638 2084 756 2168 populo
783 2083 941 2168 placuisse
969 2081 1108 2148 Sosithei
1134 2083 1278 2168 fabulas,
1312 2085 1365 2150 hio

226 2197 301 2276 apte
324 2197 587 2258 commemoretur
593 2243 602 2277 ,
627 2193 710 2277 quod
725 2192 871 2277 equidem
886 2213 986 2278 nego,
1010 2193 1096 2277 quis,
1115 2193 1257 2276 obsecro,
1281 2195 1364 2278 quod

226 2302 414 2387 simpliciter
435 2303 622 2388 infinitaque
645 2304 738 2370 εὔαδε
760 2302 928 2366 dicendum
955 2305 1040 2384 erat,
1070 2302 1153 2366 male
1180 2307 1287 2366 autem
1314 2305 1365 2368 vel
1411 2289 1416 2299 Χ

226 2411 334 2476 addito
363 2416 437 2480 πᾶα
464 2413 639 2497 diceretur,
673 2412 706 2477 id
739 2413 837 2477 etiam
868 2412 928 2492 οὐχ
961 2413 1008 2478 ἑνὶ
1037 2412 1132 2477 εὔαδε
1159 2412 1261 2496 dicat,
1304 2435 1365 2496 quo

226 2542 277 2584 mc
307 2520 411 2586 iudice
439 2522 521 2586 nibil
553 2522 659 2606 potuit
688 2522 837 2607 frigidius
870 2520 1019 2586 inveniri.
1069 2521 1190 2586 Contra
1222 2521 1297 2605 quid
1330 2521 1365 2586 in

225 2629 287 2692 hoc
317 2631 588 2715 reprehendatur,
622 2633 716 2699 εὔαδέ
754 2652 808 2711 μοι
839 2632 965 2712 coprus
997 2630 1098 2696 τύποε
1125 2631 1161 2698 ἐν
1188 2631 1272 2712 χερί,
1299 2652 1365 2696 non

227 2737 329 2803 video.

309 2848 347 2913 P.
371 2851 401 2914 7.
425 2851 513 2926 Quae
536 2852 575 2916 de
598 2851 790 2916 Alexandria
797 2901 807 2934 ,
830 2849 970 2936 Ephesio
993 2854 1026 2916 et
1046 2849 1174 2936 Aetolo,
1197 2850 1288 2934 diois,
1306 2851 1363 2935 sio,

226 2961 262 3022 ut
291 2957 387 3043 diois,
415 2961 647 3044 quodammodo
680 2961 826 3026 interae
852 2965 1012 3046 pugnant.
1056 2960 1144 3036 Quae
1176 2960 1216 3025 dc
1249 2961 1366 3026 Aetolo

226 3069 336 3152 affers,
360 3070 427 3132 veri
449 3070 551 3134 simile
573 3070 713 3155 faciunt,
737 3091 794 3155 pro
817 3069 958 3155 Ephesio
980 3093 1053 3136 eum
1075 3071 1274 3135 nominatum
1297 3093 1364 3136 csse

226 3177 260 3241 in
283 3177 339 3260 iis,
362 3179 418 3262 qui
441 3179 476 3242 in
497 3181 865 3265 Aratumsoripsenmt.

311 3287 348 3350 P.
375 3290 424 3352 11.
463 3287 564 3353 Valde
586 3291 701 3375 probo,
725 3313 807 3374 quae
829 3290 1002 3376 diligenter
1016 3294 1227 3375 accurateque
1249 3290 1288 3354 de
1311 3313 1363 3356 vo-

226 3396 339 3462 cabulo
361 3398 477 3477 κόεμα(
504 3399 633 3483 scribis,
660 3399 716 3464 sed
744 3400 944 3466 Parmenidis
976 3401 1081 3466 locum
1116 3401 1267 3466 audacius
1295 3405 1364 3466 ten-

226 3505 319 3590 tasti,
347 3527 449 3591 neque
476 3509 585 3572 omisit
612 3509 850 3594 lullebornius,
884 3510 966 3594 quod
999 3533 1071 3576 eum
1103 3511 1182 3576 dicis
1210 3511 1363 3576 omisisse.

226 3615 308 3690 Quid
330 3621 438 3680 autem
461 3617 533 3700 illa,
556 3619 637 3700 ἀτὰρ
659 3620 786 3688 κάκεῖνο
808 3622 881 3686 κατ’
902 3621 1006 3686 adro?
1042 3621 1124 3685 Puto
1150 3625 1183 3686 te
1204 3622 1300 3707 haec,
1329 3625 1366 3686 ut
1460 3669 1466 3682 .

226 3747 286 3809 par
309 3730 393 3810 erat,
418 3749 488 3792 cum
511 3729 716 3812 sequentibus
745 3729 901 3813 iunxisse,
930 3730 1013 3814 quod
1040 3735 1150 3796 tamen
1179 3731 1283 3798 dicere
1312 3732 1363 3798 de-

226 3835 340 3901 bebas:
363 3837 458 3902 aliter
480 3838 565 3902 anim
587 3837 736 3923 mirarer,
759 3839 843 3924 quod
865 3861 930 3904 non
953 3841 1133 3924 scripsisses
1155 3843 1247 3909 ἀντία
1267 3845 1302 3908 δ’
1323 3843 1364 3908 αὖ

225 3948 340 4014 νυκτὸς
361 3949 497 4014 πυκινὸν
518 3950 629 4029 δέμαεε
657 3949 712 4014 sed
738 3971 836 4034 quum
857 3949 924 4014 sint
949 3931 1130 4035 iringcnda,
1157 3951 1258 4016 multo
1285 3952 1364 4016 faei-

226 4055 286 4119 lior
308 4057 489 4122 emendatio
511 4059 545 4122 in
568 4063 717 4144 promptu
739 4061 823 4123 crat:

735 4279 817 4362 ἀτὰρ
838 4281 965 4347 κάκεῖνο
987 4283 1060 4346 κατ’
1081 4283 1162 4348 αὐτὸ

377 4387 470 4457 ἀντία
491 4391 589 4459 νύκτα
612 4393 674 4458 διαὶ
695 4394 831 4458 πυκινὸν
853 4394 948 4472 δέμας
970 4392 1112 4474 ἐμβριθές
1134 4413 1176 4458 τε.
