3218 5094
575 339 622 384 nn
646 338 716 386 ono
739 339 783 384 ar
806 338 948 386 oriona.
1272 319 1334 384 587

194 511 322 556 monem
337 513 368 574 p.
393 491 456 556 305
477 492 527 556 vel
550 493 650 558 multo
672 492 737 556 illis
759 492 846 574 prior
867 490 1064 557 Villoisonus
1079 490 1335 575 Prolegomenon

194 601 228 666 in
251 601 385 668 Iliadem
407 625 439 685 p.
463 601 566 666 XXX.

728 747 802 828 cr.

279 881 432 948 Oaussanr
466 883 667 968 significavi,
702 883 802 963 Ὠροτ
836 885 868 946 et
895 882 1011 964 Ὠρίων
1042 882 1173 946 nomina
1207 903 1261 945 cur
1294 903 1335 944 ne

83 1023 90 1030 ·
194 993 375 1078 potuissent
397 994 540 1077 quidem,
570 993 696 1057 etiamsi
719 993 885 1077 vellemne,
914 993 1053 1058 invicem
1082 993 1123 1056 ab
1152 1014 1185 1056 se
1208 992 1336 1076 seiungi

196 1104 455 1170 commentando:
495 1107 588 1168 tanta
617 1105 703 1168 enirn
731 1126 840 1168 eorum
869 1105 917 1168 cst
946 1103 1168 1188 propinquitas
1192 1105 1224 1165 ct
1245 1101 1335 1185 quasi

196 1215 355 1280 consortio
378 1215 543 1298 quaedam,
567 1219 603 1278 ut
625 1216 722 1279 etiarn
745 1217 977 1298 posteaquam,
1001 1217 1078 1298 quot
1099 1213 1199 1297 etqui
1215 1211 1336 1275 suerint

194 1326 415 1410 grammatici,
441 1326 637 1408 constiterit,
667 1325 700 1388 id
722 1312 805 1410 quod
828 1325 970 1389 omnium
993 1327 1043 1389 est
1064 1323 1333 1406 obscurissimum,

195 1436 354 1500 communi
377 1437 513 1520 quodam
529 1436 691 1500 societatis
707 1435 834 1500 vinculo
858 1435 1094 1500 contineantur.
1126 1435 1176 1498 Ac
1197 1433 1335 1517 primum

195 1545 236 1638 ab
259 1545 356 1611 Suida
377 1549 443 1610 tres
466 1550 673 1611 recensentur
695 1545 899 1630 grammatici
921 1545 1009 1610 hice:

237 1657 354 1738 Ὠρίων
383 1659 524 1738 Θηβαῑοτ
551 1662 607 1737 τῆς
636 1658 812 1734 Αἰγύπτου·
848 1657 1037 1735 τυναγωγὴν
1064 1659 1205 1734 γνωμῶν
1233 1656 1335 1734 ἤγουν

279 1768 472 1845 ἀνθολόγιον
495 1769 577 1848 πρὸ(
606 1767 759 1833 Εὐδοκίαν
786 1770 845 1848 τὴν
869 1768 1021 1848 pacatae
1051 1765 1158 1850 [immo
1183 1759 1361 1849 βα(ιλίοα]’

279 1882 413 1955 γυναῖκα
436 1879 612 1944 Θεοδοτίου
640 1882 698 1944 τοῦ
720 1883 842 1958 μικροῦ,
866 1879 968 1958 βιβλία
989 1877 1068 1958 τρία.

237 1989 354 2069 Ὠρίων
392 1990 635 2070 Ἀλεξανδρεία,
677 1989 902 2068 γραμματικότ·
940 1989 1149 2066 ἀνθολόγιον,
1187 1987 1334 2051 Ἀττικῶν

200 2133 204 2142 .
279 2101 398 2166 λέξεων
422 2101 622 2182 τυναγωγήν,
647 2101 718 2180 περὶ
741 2099 959 2178 ἐτυμολογίας,
986 2097 1144 2176 ἐγκώμιον
1167 2098 1335 2177 Ἀδριανοῦ

279 2216 337 2275 rot
359 2210 516 2291 καίταροτ.

233 2319 333 2402 Ὠροε
348 2321 582 2402 Ἀλεξανδρεύς,
605 2321 827 2404 γραμματικός,
853 2321 1023 2386 παιδεύτατ
1043 2319 1079 2385 ἐν
1097 2318 1336 2386 Κωντταντίνου

279 2432 387 2498 πόλει·
420 2431 542 2512 ἔγραψε
565 2433 637 2511 περὶ
659 2433 837 2512 διχρόνων,
873 2429 964 2494 ὅπως
991 2431 1031 2495 τὰ
1059 2429 1166 2495 ἐθνικὰ
1194 2430 1335 2506 λεκτέον,

203 2555 205 2558 ’
280 2543 382 2607 λιίεειτ
417 2542 603 2622 προτάτεων
634 2549 700 2608 τῶν
722 2544 940 2622 Ἡρωδιανοῦ,
968 2535 1084 2606 πίνακα
1112 2546 1178 2604 τῶν
1207 2539 1335 2617 ἑαυτοῦ,

279 2653 351 2733 περὶ
368 2651 550 2730 ἐγκλιτικῶν
573 2653 706 2735 μορίων,
729 2651 954 2733 ὀρθογραφίαν
977 2651 1056 2715 κατὰ
1074 2653 1242 2729 ττοιχεῑον,
1264 2652 1336 2730 περὶ

278 2767 333 2843 τῆ(
361 2784 388 2828 ει
416 2763 612 2845 διφθόγγου,
647 2763 869 2844 ὀρθογραφίαν
898 2763 970 2840 περὶ
997 2765 1053 2840 τῆ(
1080 2782 1112 2825 αι
1145 2761 1334 2842 διφθόγγου,

279 2875 358 2940 κατὰ
385 2874 547 2954 Φρυνίχου
576 2875 655 2938 κατὰ
683 2877 851 2952 ττοιχεῑον,
874 2871 1069 2950 ἀνθολόγιον
1092 2873 1163 2953 περὶ
1184 2877 1334 2949 γνωμῶν.

279 3034 394 3100 Suidae
417 3035 527 3099 statim
549 3034 703 3120 iungendi
727 3037 803 3098 sunt
817 3032 1113 3118 Etymologicorum
1128 3055 1199 3098 cum
1221 3032 1335 3118 Magni

181 3149 262 3208 turn
285 3145 425 3210 Gudiani
454 3149 599 3212 auctores
626 3167 691 3209 una
714 3167 786 3208 cum
808 3143 943 3208 Zonara.
989 3145 1155 3229 aquibus
1179 3167 1250 3208 cum
1272 3166 1335 3208 ses-

195 3256 422 3319 contionatum
438 3255 492 3320 Ori
510 3255 666 3319 excitetur
680 3259 749 3319 tum
764 3254 892 3320 Orionis
908 3255 1136 3338 testimonium,
1154 3277 1211 3338 per
1224 3259 1334 3318 tamen

194 3366 309 3429 mirum
332 3365 410 3428 illud
434 3365 561 3447 accidit,
586 3366 668 3449 quod
691 3387 732 3429 ne
755 3365 852 3430 semel
875 3365 1001 3449 quidem
1023 3365 1262 3429 Alexandrinus
1283 3365 1333 3430 vel

195 3475 276 3540 Orus
305 3475 355 3538 vel
379 3475 455 3540 Orio
483 3476 682 3559 appellatur,
718 3479 829 3540 contra
858 3497 952 3559 saepe
980 3497 1113 3540 nurnero
1141 3479 1334 3539 memoratur

194 3585 324 3671 ignotus
348 3584 463 3650 Suidae
486 3585 586 3650 Oru's
610 3585 806 3668 Milesius,
837 3589 1004 3669 praeterea
1032 3589 1139 3650 autem
1168 3609 1234 3651 non
1257 3586 1333 3651 Orio

194 3699 321 3760 tantum
336 3695 518 3782 Thebanus
542 3697 596 3760 sed
613 3696 804 3780 aliquotiens
828 3697 925 3760 etiam
939 3696 1111 3762 Thebanus
1127 3697 1220 3779 Orus,
1244 3697 1335 3762 item-

194 3828 254 3890 que
277 3806 329 3871 hio
352 3807 419 3870 illic
441 3808 517 3871 Orio
540 3808 668 3892 quidam
697 3807 849 3872 Milesius.
895 3807 1031 3872 Accedit
1063 3807 1163 3892 quod,
1198 3808 1225 3871 si
1253 3831 1335 3892 quae

195 3939 302 3982 eorum
324 3918 444 4001 scripto
468 3919 618 4001 citantur,
644 3921 704 3982 hoc
725 3917 857 3983 minime
876 3921 1091 4002 congruenter
1107 3917 1223 3984 Suidae
1245 3919 1335 3982 testi-

194 4029 308 4092 moniis
336 4029 459 4092 factum
487 4032 552 4111 est,
582 4051 620 4092 ac
641 4051 682 4093 ne
705 4029 751 4094 ita
774 4029 915 4113 quidem,
944 4032 980 4092 ut
1007 4029 1058 4093 vel
1085 4029 1221 4114 singulis
1249 4029 1334 4094 inter

195 4158 228 4200 se
256 4139 427 4202 conveniat
453 4137 684 4224 Etymologicia
718 4141 769 4204 vel
797 4162 873 4204 arrae
901 4139 1000 4224 ipsius
1032 4141 1202 4204 memoriae
1236 4161 1334 4204 unum

194 4246 339 4331 idemque
368 4248 505 4312 lexicuru
538 4252 617 4314 satis
652 4254 785 4315 constet.
832 4249 972 4326 Quarum
1005 4271 1111 4314 rerum
1143 4251 1333 4316 documenta

196 4379 267 4420 oum
289 4379 308 4421 u
331 4357 455 4422 Sturrio
484 4361 729 4443 suppeditantur
752 4362 772 4424 l.
798 4383 825 4425 o.
849 4364 917 4426 tum
940 4383 959 4424 a
981 4359 1152 4445 Sylburgio
1174 4361 1332 4426 Tittman-
