3184 5100
284 341 344 406 736
489 368 492 376 ·
676 359 837 408 sennnan
860 361 1032 410 carmem.

280 532 350 576 rrum
372 523 511 577 avertens
533 513 640 576 vocari
663 514 807 597 luppiter
829 515 914 578 visus
937 519 985 579 est
1008 514 1217 579 Blomfielclio.
1247 515 1333 590 Quae
1355 515 1415 598 qui·

278 621 350 683 clem
373 621 567 706 significatio
595 624 655 687 etsi
679 624 873 688 alienissima
902 629 951 688 est
979 625 1020 689 ab
1049 626 1302 709 Agamemnonis
1330 646 1414 689 versu

280 731 362 794 1314
384 733 494 816 [1301]
517 733 563 796 sie
584 733 722 797 fortasse
744 735 912 799 scribendo
936 757 1007 798 cum
1029 734 1199 819 proximis:

430 890 490 951 νῦν
513 887 546 952 δ’
568 887 594 953 εἰ
616 889 787 968 προτέρων
811 887 878 968 αἷμ’
901 889 1057 965 (luorico,

429 998 479 1060 καί
500 1000 578 1062 τοῑτι
600 1001 731 1063 θανοῦα
753 1001 862 1065 θανὼν
885 999 995 1065 ἄλλων

479 1108 594 1172 ποινάε
616 1109 766 1175 θανάτων
788 1109 976 1190 ἐπικραίνει,

430 1217 484 1281 ric
508 1217 606 1294 ἄγαν
628 1218 753 1284 εὔξαιτο
776 1223 920 1301 βροτῶν,
944 1219 1043 1284 ἀεινεῑ

478 1327 603 1406 δαίμονι
625 1332 740 1408 φῦναι,
763 1329 835 1392 τάδ’
858 1328 1041 1412 ἀκούων;*)

228 1497 261 1546 39
280 1478 335 1564 (cf.
352 1478 532 1564 Reisigium
549 1502 661 1544 comm.
679 1481 718 1543 de
733 1490 791 1544 'AN
816 1480 975 1564 particula
990 1503 1022 1563 p.
1042 1481 1101 1545 133
1117 1481 1197 1566 sq.):
1219 1481 1337 1565 quippe
1356 1480 1416 1544 illic

276 1590 383 1669 ἀτινὴε
404 1590 526 1668 δαίμων
554 1612 620 1654 non
649 1591 747 1655 aliam
769 1591 802 1655 in
825 1595 950 1674 partem
972 1591 1058 1654 valet
1080 1593 1176 1674 atque
1191 1591 1235 1654 -in
1258 1589 1416 1674 Choepho·

277 1700 319 1763 ris
345 1723 374 1763 v.
403 1700 482 1764 1018
512 1701 619 1779 ἀεινὴε
646 1702 764 1783 βίοτοε,
794 1705 827 1766 et
854 1701 962 1779 ἀεινὴε
990 1701 1058 1782 βίοε
1089 1700 1174 1783 apud
1202 1700 1416 1764 Dioscoridem

276 1809 309 1872 in
332 1809 487 1874 Brunclrii
510 1810 607 1874 Anal.
632 1810 647 1873 Ι
669 1835 700 1894 p.
724 1811 957 1895 502[Anth01.
980 1809 1050 1874 Pal.
1074 1808 1149 1892 VH,
1175 1810 1262 1893 178]‚
1286 1811 1337 1874 vel
1359 1810 1416 1874 ἀει-

276 1921 334 1999 vec
356 1920 452 2003 αἰών,
487 1919 538 1983 cui
571 1920 684 1983 affinia
716 1925 792 1985 sunt
819 1921 916 1986 verba
944 1918 1157 1984 Eumenidum
1179 1942 1209 1984 v.
1233 1920 1297 1986 305
1332 1919 1416 2004 [313]

276 2030 384 2109 ἀεινὴε
406 2031 440 2094 δ’
461 2030 564 2095 αἰῶνα
586 2034 732 2111 διοιχνεῖι
759 2033 870 2094 tamen
892 2030 1017 2094 ratione
1040 2029 1177 2114 quadam
1199 2029 1315 2092 nititur
1344 2027 1417 2092 satis

275 2138 399 2202 idonea.
445 2137 544 2203 Velut
565 2139 701 2221 ἀβλαβὲς
725 2141 813 2220 ὕδωρ
834 2140 895 2203 hoc
922 2144 1018 2223 pacto
1045 2139 1211 2222 usurpavit
1232 2138 1418 2204 Theocritio

276 2246 394 2330 XXIV,
419 2249 460 2311 96
483 2253 515 2312 et
536 2251 731 2330 περιπάτου(
746 2250 974 2331 ἀκοπωτέρουε
986 2249 1080 2313 Plato
1090 2249 1236 2312 Phaedro
1258 2271 1290 2331 p.
1304 2249 1367 2318 221
1385 2254 1417 2329 Α,

275 2357 329 2421 ubi
351 2358 423 2421 vide
439 2358 524 2422 Astii
548 2358 587 2421 ad
603 2359 758 2423 notataad
781 2359 1027 2423 translationem
1049 2380 1176 2422 vernac.
1194 2381 1225 2442 p.
1246 2358 1319 2422 191.
1343 2355 1417 2441 [Atl-

275 2467 356 2531 didit
379 2489 491 2533 censor
517 2491 548 2552 p.
574 2469 637 2534 939
664 2471 835 2536 ἀνώδυνον
860 2492 876 2533 c
899 2468 1032 2532 Luciani
1055 2467 1368 2554 Tragodopodagrae
1389 2489 1417 2530 ν.

274 2579 358 2661 322,
388 2578 588 2663 latinumque
611 2581 790 2663 exemplum
818 2585 1036 2644 immortalibus
1063 2583 1163 2642 herbis
1185 2575 1355 2642 Claudiani
1382 2575 1418 2639 de

275 2689 396 2771 nuptiis
421 2688 558 2753 Honorii
585 2693 617 2752 et
634 2689 757 2753 Mariae
783 2687 1065 2773 158.]-Verum
1087 2692 1212 2770 tamen,
1236 2691 1273 2752 ut
1295 2693 1418 2752 taceam

275 2799 355 2879 alia,
379 2799 418 2862 de
441 2798 515 2864 love
538 2787 573 2862 ut
596 2799 708 2863 salutis
730 2803 859 2864 auctore
886 2800 940 2882 qui
964 2798 1114 2864 credibile
1142 2801 1191 2862 est
1218 2798 1306 2882 prius
1338 2797 1419 2882 cogi·

274 2905 359 2972 tasse
382 2909 525 2994 virgines
547 2931 643 2993 quam
665 2909 704 2972 de
736 2909 839 2974 salute
860 2910 956 2994 ipsa‘l
999 2908 1070 2973 Ηιιο
1098 2907 1222 2973 accedit
1247 2911 1420 2972 metrorum

274 3019 373 3102 ratio,
411 3041 473 3102 qua
510 3019 568 3082 etsi
607 3019 861 3102 persentiscebat
896 3019 1097 3084 Wellauerus
1133 3018 1222 3081 illam
1259 3017 1420 3101 repudiari

274 3127 481 3212 scripturam,
506 3133 615 3193 tamen
638 3130 869 3194 demonstravit
894 3129 1034 3194 minime.
1080 3127 1305 3192 Definieudum
1335 3128 1419 3192 enim

275 3240 334 3301 hoc
356 3260 458 3323 genus
481 3239 527 3302 sic
550 3243 670 3323 estut,
701 3241 798 3304 etiam
820 3241 847 3304 si
870 3243 1030 3304 extremae
1053 3237 1245 3322 paroemiaci
1277 3237 1420 3320 syllabae

276 3352 391 3412 natura
415 3350 574 3433 ceteroqui
598 3349 641 3414 sit
662 3350 833 3415 arbitraria
862 3351 912 3434 (ut
939 3349 1001 3414 hoc
1023 3370 1108 3414 nunc
1137 3351 1210 3412 utar
1237 3347 1418 3430 vocabulo),

278 3547 386 3556 ᾖ..
419 3551 480 3558 ..--

342 3675 367 3738 *)
392 3673 532 3742 [aOblr'tus
552 3692 611 3727 sum
629 3673 682 3728 hac
700 3674 845 3728 occasione
863 3676 898 3728 ἂν
917 3675 945 3729 et
963 3674 1014 3729 οὖν
1032 3671 1184 3743 particulas
1197 3671 1332 3726 librorum
1352 3687 1416 3724 mss.

274 3766 313 3820 sio
331 3767 404 3820 inter
422 3785 451 3820 se
470 3765 617 3821 conciliare
636 3784 717 3820 versu
734 3768 882 3835 Aeschylio
901 3767 1014 3836 Septem
1033 3766 1068 3820 od
1087 3765 1138 3818 Th.
1160 3771 1224 3819 105⁷
1244 3765 1346 3834 [1031]

584 3889 647 3940 elci·
666 3887 708 3940 τί(
727 3889 778 3940 οὖν
797 3893 888 3941 ταῦτα
906 3887 1014 3941 πίθοιτ’
1031 3887 1104 3950 ἄν»

274 4017 331 4080 (Eae
348 4017 485 4068 Addendis
500 4035 527 4082 p.
549 4016 602 4080 44.)
637 4013 693 4066 Vbi
709 4017 805 4068 tamen
824 4013 897 4068 haud
916 4015 973 4070 scio
992 4031 1028 4068 an
1045 4011 1159 4083 propius
1178 4011 1214 4065 ad
1231 4010 1316 4066 fidem
1335 4011 1421 4066 Medi·

274 4106 315 4158 eoi
334 4106 436 4160 codicis
454 4106 631 4160 scribendum
650 4107 686 4160 sit
705 4109 763 4160 rto.
786 4110 828 4161 τί(
847 4109 899 4162 οῦν
918 4111 952 4160 ἂν
970 4110 1005 4161 τὰ
1024 4108 1147 4170 πίθοιτο;
1166 4135 1198 4146 —-
1221 4105 1252 4157 ln
1271 4107 1421 4172 Agamem-

274 4199 353 4252 nonio
371 4201 465 4253 autem
485 4217 565 4253 vernn
589 4199 663 4266 quod
687 4200 751 4253 olim
775 4199 967 4254 commendavi
991 4201 1118 4268 ‘Itcisigii
1141 4199 1260 4252 decretis
1279 4197 1421 4252 addictus'

275 4291 437 4356 illermanni
455 4293 541 4346 verba
559 4296 647 4361 sunt),
675 4293 754 4348 facile
772 4311 845 4347 nnnc
867 4294 960 4363 patior
978 4293 1024 4347 alii
1043 4291 1230 4347 cruentationi
1250 4291 1364 4344 cadero:
1394 4291 1421 4342 in

275 4403 329 4450 qno
350 4403 451 4450 genero
471 4384 538 4439 satis
558 4387 632 4439 trux
652 4386 826 4440 irnumtorurn
846 4389 924 4438 aretas
943 4386 1014 4454 fnit]
