3184 5100
602 405 725 454 rruuvls
749 405 938 454 unuanrro.
1278 389 1339 451 1191

205 560 328 613 καθόλου
347 560 458 623 putem(
470 557 555 612 BKM.
569 559 692 612 καθόλου
711 559 821 623 putrore
834 559 987 625 avenarios
1000 557 1024 611 V
1086 559 1247 626 nannetum
1266 559 1341 624 παρὰ

205 657 265 705 τῶν
284 653 408 718 ἀρχαίων
420 649 474 704 AC.
486 653 561 720 ,παρὰ
574 655 634 704 τῶν
647 652 771 718 ἀρχαίων
790 653 952 719 αονηθέντα
970 651 1046 704 ΒΚΜ
1059 652 1096 716 et,
1115 651 1168 705 nisi
1181 649 1255 718 quod
1267 653 1340 717 περὶ,
1354 643 1358 651 ’

204 744 228 795 V
310 746 467 812 brnopdon
487 744 519 796 V.
540 746 688 811 (ποράδων
706 745 730 798 Κ
749 762 789 812 pr.
872 747 902 798 ἐν
920 763 937 800 α
957 786 962 798 .
982 787 987 798 .
1006 785 1011 800 .
1031 786 1035 797 .
1054 753 1127 798 ‘curn
1146 744 1272 798 hiatuC’

204 839 383 902 concoenare
401 841 445 891 καί
465 855 518 892 om.
537 837 562 890 V
649 840 870 906 ἐτυμολογικαῑε]
890 836 1025 906 imprimis
1044 836 1143 892 Sorani
1162 841 1225 904 περὶ
1244 838 1341 902 ἐτυμο-

204 934 309 996 λογιῶν
327 936 378 984 τοῦ
399 909 527 996 (ώματοε
545 937 597 985 τοῦ
615 931 769 999 ἀνθρώπου
781 931 861 984 libro.
878 930 918 985 Of.
932 931 1141 985 Bachmannum
1152 950 1179 1000 p.
1195 936 1225 982 12
1244 931 1273 982 et
1290 946 1340 983 nos

205 1041 306 1078 comm.
330 1025 364 1078 de
383 1025 438 1078 Oro
462 1025 490 1078 et
508 1024 610 1078 Orione
633 1042 659 1093 p.
681 1029 772 1091 ⁸281q.
798 1025 892 1093 [snpra
909 1041 936 1093 p.
955 1027 1015 1094 612]
1118 1029 1134 1076 6
1161 1025 1340 1091 ἐφικτὸνκαί

204 1118 382 1183 ἐκλεξάμενοι
400 1117 425 1170 V
511 1120 677 1189 κατάξωμεν
695 1118 726 1171 Α.
751 1120 952 1184 κατατάξωμεν
973 1118 1010 1170 M.
1033 1119 1225 1183 κατατάξομεν
1246 1115 1341 1170 13ch

272 1216 287 1262 ’1
306 1212 417 1277 ἔχοιμεν
436 1227 489 1264 0111.
508 1211 586 1264 BKM
666 1214 865 1279 χμιετοτέχνην
882 1211 910 1264 Μ
993 1216 1008 1263 8
1027 1216 1096 1264 υοᾱν
1116 1211 1299 1276 ἐθαυμαεώθη
1318 1209 1341 1262 Κ

277 1309 306 1356 111
324 1305 414 1357 αὐτὸν
431 1306 485 1358 τὸν
503 1306 621 1372 Χμιετὸν
639 1309 684 1359 καὶ
703 1306 771 1359 θεὸν
789 1303 835 1356 CV
917 1311 946 1357 11
967 1306 1013 1358 ἐπὶ
1031 1306 1065 1360 τὸ
1084 1304 1138 1357 ΑΒ.
1157 1305 1203 1358 ἐπὶ
1221 1309 1263 1371 τῷ
1282 1302 1342 1354 ΚΜ.

205 1398 276 1462 πρὸ(
294 1375 328 1450 {a
348 1395 394 1450 CV
463 1402 620 1463 (υμβιβᾱεαι
638 1398 686 1450 ΒΚ
757 1405 787 1450 12
812 1397 1048 1464 πορευεόμεθαΚ
1117 1398 1204 1450 αὐτὸ(
1223 1397 1279 1449 tert
1298 1399 1342 1450 καί

204 1494 253 1555 τῆς
273 1491 385 1555 ocreae
403 1493 570 1558 δημιουργὸι
589 1494 634 1544 καί
647 1496 697 1558 τῆ(
716 1492 814 1558 (opine
834 1492 953 1558 χορηγὸς
972 1489 1051 1543 ACV.
1071 1491 1157 1544 αὐτὸ(
1176 1490 1342 1556 δημιουργὸς

204 1585 248 1636 καί
267 1587 318 1650 τῆ(
337 1585 448 1649 φὺεεωι
468 1585 523 1637 tert
542 1586 663 1652 χορηγὸς
687 1587 731 1637 καί
755 1589 806 1650 τῆ(
825 1584 923 1650 <optat
942 1583 1019 1637 BKM
1041 1583 1104 1648 (nisi
1122 1581 1196 1650 qnod
1214 1583 1342 1648 ἐπίχορη-

203 1677 253 1740 γὸ(
271 1675 306 1742 Κ)
366 1683 397 1730 13
415 1677 533 1744 ἀεὸφων
551 1677 604 1730 AC.
623 1681 720 1742 (οφῶν
737 1676 839 1730 BKMV
900 1683 930 1730 14
943 1679 974 1730 ἐν
991 1679 1045 1743 γὰρ
1062 1675 1171 1729 ΑΒΚΜ.
1191 1677 1234 1729 δτι
1252 1676 1283 1729 ἐν
1296 1673 1342 1728 CV

288 1828 348 1893 Vel
371 1851 409 1892 ex
432 1830 481 1893 his
504 1852 584 1914 quae
611 1831 832 1914 proposuimus
860 1831 938 1894 satis
962 1833 1111 1913 apparet,
1147 1851 1242 1913 quam
1270 1850 1340 1911 pro-

203 1939 322 2023 pinquo
352 1940 438 2004 inter
465 1961 499 2003 se
526 1940 653 2004 vinculo
682 1939 902 2004 Cracoviensis
930 1940 1011 2003 liber
1039 1944 1071 2003 et
1098 1939 1290 2002 Bodleiauus
1314 1944 1343 2002 B
1369 1979 1377 1991 ι

206 2049 447 2132 contineantur,
478 2049 556 2113 adeo
583 2055 620 2112 ut
647 2050 685 2113 de
716 2051 824 2113 eodem
854 2050 1015 2134 utriusque
1044 2051 1133 2113 sonte
1162 2049 1251 2112 nulla
1275 2071 1342 2112 esse

205 2158 363 2222 dubitatio
384 2159 496 2243 possit.
528 2159 623 2223 Ouius
646 2160 692 2223 rei
715 2160 811 2223 etiam
834 2161 975 2244 graviori
993 2159 1183 2223 documento
1206 2159 1266 2222 hoc
1282 2162 1340 2240 est,
1375 2157 1379 2164 ’

204 2269 287 2352 quod
314 2269 477 2354 utriusque
506 2271 681 2334 eommunis
710 2291 829 2354 magua
857 2269 912 2334 illa
934 2270 1051 2334 lacuna
1074 2273 1123 2332 est
1144 2293 1161 2331 a
1185 2291 1216 2351 p.
1241 2269 1297 2350 33,
1322 2270 1342 2331 2

205 2378 246 2440 ad
268 2378 320 2460 35,
342 2379 364 2442 3
387 2379 601 2464 pertinens*)
640 2379 709 2444 Nec
731 2379 798 2443 fere
820 2380 925 2443 minus
948 2381 1028 2443 latet
1050 2400 1130 2462 quae
1153 2379 1238 2442 inter
1261 2377 1341 2440 Bod-

204 2487 345 2550 leiauum
369 2493 394 2551 C
414 2493 446 2552 et
468 2489 694 2554 Monacensem
722 2512 912 2573 quamquam
941 2489 1105 2574 aliquanto
1132 2488 1236 2551 minor
1258 2487 1343 2550 simi·

205 2597 305 2660 litudo
334 2598 514 2662 intercedit.
560 2600 679 2665 Verum
706 2599 806 2663 multo
835 2604 944 2664 tamen
972 2600 1125 2662 maiorem
1146 2598 1212 2661 vim
1235 2619 1272 2660 ea
1294 2620 1343 2660 ra·

204 2707 371 2771 tiocinatio
398 2708 512 2792 habet,
546 2732 641 2793 quam
674 2710 930 2774 testimoniorum
958 2731 1107 2772 numerus
1140 2729 1157 2771 e
1184 2707 1342 2771 veteribus

204 2819 411 2902 scriptoribus
434 2820 606 2902 petitorum
629 2821 822 2903 suppeditat.
868 2820 906 2883 ln
935 2843 997 2903 quo
1024 2841 1142 2904 genere
1166 2840 1236 2882 cum
1260 2817 1342 2880 codi-

205 2929 292 2992 cibus
316 2929 370 3013 qui
399 2929 501 2992 adhuc
530 2930 740 2994 innotuerunt
769 2930 914 2992 omnibus
942 2931 1068 2993 uberior·
1095 2931 1122 2992 is
1145 2929 1225 2993 liber
1248 2927 1342 2991 cisti-

203 3039 295 3120 terit,
327 3061 343 3102 e
371 3061 432 3122 quo
464 3040 687 3123 interpretatio
716 3041 821 3103 Petrei
850 3041 952 3104 latina
975 3041 1082 3122 fluxit,
1111 3043 1180 3102 tum
1211 3041 1291 3101 Bet
1313 3043 1345 3102 K

204 3170 375 3231 numquam
398 3149 483 3212 inter
505 3172 538 3212 se
561 3149 747 3232 discedunt,
779 3159 805 3214 A
828 3155 936 3214 autem
957 3151 1091 3214 multum
1115 3150 1206 3213 abest
1227 3152 1263 3211 111
1285 3171 1342 3211 sua

205 3257 312 3340 aliqua
335 3259 453 3322 virtute
476 3260 633 3344 singulari
656 3263 777 3324 ceteros
800 3261 979 3324 antecedat.
1012 3261 1071 3334 Qui
1087 3260 1157 3342 etsi,
1181 3263 1217 3322 ut
1239 3280 1342 3338 exem-

203 3365 266 3449 plis
289 3371 379 3450 utar,
405 3390 475 3432 cum
497 3393 561 3434 uno
584 3375 620 3434 M
639 3370 811 3435 Pindarico
833 3393 865 3454 p.
890 3371 946 3453 89,
971 3371 1012 3434 29
1039 3369 1179 3434 servavit
1201 3369 1235 3431 in
1258 3373 1344 3432 Bul(

204 3475 335 3558 omissa,
361 3499 432 3541 eum
456 3485 515 3544 CM
535 3479 724 3546 Callimachi
747 3485 841 3565 atque
865 3481 1091 3564 Aristophanis
1114 3479 1210 3544 verba
1232 3500 1264 3561 p.
1289 3479 1340 3562 83,

204 3653 407 3662 Ἥ

271 3766 296 3834 *)
321 3766 363 3820 De
380 3767 434 3821 hac
452 3768 496 3821 vix
515 3767 612 3823 dubito
631 3768 697 3836 quin
714 3786 770 3823 non
789 3773 833 3823 sat
856 3771 985 3823 accurate
1004 3768 1150 3823 Cramerue
1167 3769 1286 3821 testatus
1304 3765 1342 3820 sit

106 3934 109 3942 ,
203 3876 230 3927 p.
249 3865 297 3926 33,
321 3859 369 3913 ubi
387 3861 480 3914 verbis
499 3877 570 3928 quae
589 3869 652 3915 sunt
671 3867 715 3916 καί
738 3865 791 3930 γὰρ
810 3863 834 3916 el
858 3865 903 3916 καὶ
927 3865 1055 3917 (κυταλίε
1079 3861 1173 3926 (etiam
1196 3859 1224 3913 in
1247 3860 1341 3914 Mona-

203 3955 288 4022 cenei)
306 3954 379 4008 hanc
397 3953 608 4010 adnotationem
626 3955 754 4010 subiecit:
774 3958 878 4022 «μέροι
897 3973 923 4008 τι
936 3957 1033 4020 ὀλίγον
1044 3955 1074 4008 B.
1094 3961 1159 4024 post
1176 3955 1245 4008 haec
1262 3953 1342 4008 deest

203 4063 286 4101 unum
304 4050 354 4102 ant
373 4049 491 4103 alterum
511 4049 557 4102 1ο1.
575 4048 605 4102 iu
618 4049 677 4102 cod.
690 4049 744 4103 B.»
766 4050 796 4102 ln
810 4047 984 4102 Cracovienri
1003 4048 1075 4102 euim
1094 4048 1163 4103 haec
1181 4047 1219 4100 sic
1238 4046 1341 4116 scripta

204 4143 280 4194 sunt:
311 4146 356 4195 καὶ
379 4144 432 4209 γὰρ
456 4143 480 4196 et
503 4146 548 4196 καὶ
572 4145 654 4208 μέρος
677 4160 703 4196 τι
727 4143 824 4208 ὀλίγον
847 4147 898 4195 τοῦ
923 4144 1061 4195 δακτύλου
1084 4143 1114 4195 ἐν
1138 4144 1202 4195 uoti
1224 4147 1339 4204 κινοῖτο,

203 4249 274 4298 quae
291 4233 354 4302 ipsa
372 4235 484 4288 demum
502 4235 588 4289 verba
606 4235 706 4289 lacuna
724 4235 838 4305 excipit,
863 4251 918 4301 qua
940 4233 1067 4304 proxima
1089 4233 1181 4288 omnio
1205 4235 1340 4303 absorpta

138 4353 142 4360 ·
203 4327 268 4378 sunt
285 4343 372 4392 usque
390 4327 426 4380 ad
444 4331 494 4382 τὰ(
515 4329 582 4382 lotar
602 4329 751 4396 ἐνεργείαε,
770 4329 835 4397 post
848 4343 919 4394 quao
937 4327 1063 4396 pergitur
1080 4330 1247 4394 κινουμένην
1267 4335 1339 4382 ποιεῖ

201 4419 301 4473 verbis.
