3222 5104
470 1425 525 1517 lle
556 1425 734 1540 ruptore
764 1423 988 1517 Golossiooo
1019 1423 1238 1541 illudar)

782 1665 880 1672 ..n—...n
892 1665 933 1671 -..-

571 1820 642 1888 (Huc
660 1822 769 1889 spectat
785 1820 885 1874 tabula
901 1820 1082 1889 lithographa
1099 1821 1132 1888 l.)

219 1981 266 2028 133
369 1957 586 2022 Memorabilis
615 1977 686 2020 eum
713 1959 844 2040 propter
870 1956 1014 2038 picturae
1042 1961 1266 2041 argumentum
1294 1980 1312 2022 e
1339 1960 1428 2024 vitae

283 2066 464 2131 cotidianae
502 2066 731 2132 consuetudine
769 2067 906 2150 petitum
938 2069 1007 2130 tom
1040 2071 1170 2150 propter
1203 2067 1427 2153 inscriptionis

283 2177 370 2241 haud
392 2177 470 2242 adeo
492 2177 657 2262 vulgarem
667 2169 712 2240 'et
734 2177 889 2241 curbitum
911 2178 944 2238 et
965 2176 1123 2240 rationem
1139 2199 1175 2240 ea
1190 2179 1345 2260 amphora
1363 2184 1425 2258 est,

284 2288 372 2351 cuius
401 2287 542 2374 effigiem
569 2287 690 2372 insigni
719 2286 908 2371 possessoris
937 2285 1148 2370 liberalitate,
1182 2287 1361 2352 felicissimi
1389 2289 1425 2354 in

282 2397 475 2483 indagandis
505 2397 707 2482 antiquitatis
729 2396 871 2481 reliquiis
894 2395 1047 2478 Golassii‚
1082 2397 1116 2460 in
1144 2396 1427 2462 Monumentorum

281 2507 362 2571 lnst.
379 2509 467 2572 arch.
484 2508 577 2572 Rom.
600 2508 662 2572 vol.
680 2507 712 2571 ΙΙ
726 2506 837 2570 tabula
852 2505 972 2571 XLIVb
997 2503 1101 2592 [huius
1115 2507 1285 2572 voluminis
1309 2509 1374 2571 tsb.
1392 2509 1420 2596 l]

282 2639 458 2702 proponere
492 2619 583 2682 licuit
595 2621 632 2701 ,Ὗ
644 2617 757 2681 effossa
783 2617 840 2680 illa
873 2638 911 2681 ex
943 2620 1029 2680 terra
1057 2639 1156 2700 prope
1188 2617 1298 2680 urbem
1323 2617 1426 2683 Caere

281 2751 362 2812 quoe
388 2729 483 2793 hodie
510 2727 671 2793 (lerveteri
698 2726 894 2811 appellatur,
928 2726 1016 2809 picta
1050 2729 1157 2790 autem
1186 2727 1289 2791 colore
1316 2728 1425 2812 nigre,

281 2861 342 2922 quo
364 2839 453 2903 fulva
475 2838 657 2923 superficies
679 2838 831 2902 distincta
854 2837 968 2922 est.**)

277 3021 282 3028 ¹
365 2949 518 3032 Aequod
542 2949 581 3012 ad
605 2951 829 3034 argumentum
851 2947 979 3028 attinet,
1002 2968 1068 3011 non
1084 2947 1270 3030 ignoramus
1293 2947 1421 3032 quidem

281 3059 436 3142 grandem
459 3063 583 3124 exstare
604 3059 640 3123 in
666 3059 761 3142 pictis
805 3057 888 3122 vasis
915 3079 1024 3121 earum
1046 3077 1152 3120 rerum
1172 3057 1424 3140 multitudinem,

282 3189 362 3252 quae
385 3190 423 3232 ex
446 3169 531 3233 vitae
553 3191 612 3232 usu
636 3169 795 3233 commrmi
817 3167 951 3232 haustae
973 3167 1048 3230 sint.
1088 3165 1148 3230 Sed
1175 3169 1286 3230 tamen
1308 3166 1425 3232 harum

281 3300 441 3362 unapars
470 3301 541 3344 cum
563 3280 692 3343 deorum
720 3278 912 3361 heroumque
940 3276 1111 3360 religione,
1139 3275 1236 3360 longe
1263 3276 1425 3340 uberrimo

281 3389 378 3453 etiam
412 3389 525 3453 horum
559 3391 836 3453 monumentorum
868 3387 974 3469 fonte,
1009 3388 1096 3450 certo
1126 3384 1263 3469 quodam
1295 3386 1425 3450 vinculo

281 3499 479 3564 continetur:
502 3521 564 3584 quo
587 3499 751 3562 referimus
774 3497 919 3561 ludorum
935 3496 1218 3579 exercitiorumque
1238 3517 1427 3578 repraesen-

280 3611 436 3673 tationem
474 3611 539 3674 sive
572 3609 836 3693 palaestricorum
870 3606 937 3670 sive.
968 3605 1172 3687 militariom3
1209 3605 1310 3669 altera
1346 3629 1425 3690 pars

281 3718 454 3803 quaedam,
478 3719 582 3804 magis
606 3741 642 3784 ee
666 3719 838 3782 coniuncta
861 3739 932 3781 cum
947 3715 1073 3799 privata
1093 3715 1329 3799 domesticaque
1344 3715 1424 3800 vita,

346 3957 371 4025 ¹⁸)
395 3957 446 4025 [Ex
467 3955 620 4010 Annalibus
642 3953 765 4009 instituti
789 3951 993 4021 archaeologici
1011 3951 1130 4006 Itomani
1152 3949 1205 4005 vol.
1229 3949 1266 4004 IX
1286 3953 1320 4016 (a.
1343 3957 1422 4022 1837)

289 4067 306 4102 r.
327 4055 469 4104 183—189.

279 4066 290 4119 l
346 4144 386 4210 **)
407 4051 572 4212 [Trairsiisse
591 4159 654 4196 eam
671 4142 835 4211 amphoram
852 4140 880 4192 in
898 4139 1024 4194 Museum
1042 4137 1116 4206 quod
1128 4137 1233 4192 Romae
1252 4138 1295 4191 est
1314 4137 1422 4207 Grego-

278 4235 386 4291 riunum
415 4236 539 4290 intellexi
557 4255 572 4290 e
590 4235 732 4290 Panolkuc
758 4233 829 4288 libro
853 4233 961 4286 ‘Bilder
988 4231 1101 4285 antiken
1127 4229 1251 4284 Lebens’
1282 4229 1420 4300 inscripto

279 4329 332 4396 (ed.
346 4329 468 4385 Beroliui
480 4347 504 4384 a.
526 4333 600 4398 1843)
618 4347 646 4398 p.
665 4333 706 4394 38,
724 4328 770 4382 ubi
788 4325 1018 4395 ichnographiam
1036 4325 1164 4378 nostram
1180 4323 1312 4378 iteratam
1330 4324 1421 4380 habes

279 4421 307 4476 iu
325 4423 383 4478 tab.
402 4423 486 4491 XVII,
506 4429 521 4478 Β
539 4424 567 4477 et
585 4425 619 4491 9.]
