3270 5094
475 353 511 404 ιν
534 354 669 406 seman
691 355 774 408 nov.
798 355 934 409 rnnsrs
956 341 1147 410 nse-261.
1320 341 1382 411 371

245 509 347 574 ἐετίαε
362 509 586 594 corrigendum
601 533 679 576 esse.
717 511 745 576 Ε
768 533 830 596 quo
850 511 941 576 fonte
963 514 1209 579 constructionis
1223 514 1384 598 perversio

244 619 435 704 gravissima
456 623 610 686 manavit.

329 729 381 792 Ad
402 731 547 814 proxima
569 733 731 816 pergimus
753 736 804 815 ut,
833 733 908 817 quid
930 733 1061 798 tandem
1082 734 1125 798 sit
1151 735 1234 819 quod
1255 733 1384 800 effeetu-

244 860 314 903 rum
329 861 363 904 se
378 839 526 906 Eteocles
540 841 745 926 polliceatur,
767 844 911 927 patefiat.
946 843 1106 908 Nimirum
1126 844 1263 928 primum
1278 848 1383 926 θήεειν

244 951 396 1033 τρόπαια,
435 955 601 1035 praeterea
634 956 741 1017 autem
774 953 877 1037 spolia
907 955 1013 1038 opima
1049 955 1177 1038 templis
1214 955 1384 1020 affirurum

244 1059 382 1142 hostium
408 1061 609 1126 vestimenta.
660 1061 704 1126 Et
736 1061 775 1126 de
807 1065 947 1147 tropaeis
980 1063 1141 1128 intellexit
1172 1065 1270 1129 etiem
1301 1088 1383 1131 unus

244 1169 502 1236 scholiastarnm:
530 1174 773 1252 παρατηρητέον
802 1173 850 1239 ὅτι
872 1175 1002 1240 οὐδέπω
1025 1175 1064 1254 ἦν
1086 1176 1106 1254 ἡ
1128 1179 1195 1242 τῶν
1217 1177 1384 1256 τροπαίων

244 1281 397 1362 ὀνομαεία
428 1284 507 1346 κατὰ
540 1284 598 1348 τὸν
626 1284 804 1348 Ἐτεοκλέα·
836 1283 916 1350 ὥετε
944 1285 1109 1366 ἀνεβίβαεε
1141 1289 1181 1352 τὰ
1213 1289 1293 1352 κατὰ
1325 1289 1383 1354 τὸν

243 1392 365 1470 χρόνον
388 1391 582 1472 ὁΑἰεχύλοε.
627 1391 689 1456 Sed
710 1414 748 1456 ea
769 1395 878 1457 tamen
900 1393 1124 1478 interpretatio
1139 1395 1243 1459 omnis
1264 1397 1383 1480 quomi-

243 1523 303 1564 nus
325 1500 420 1565 fidem
447 1501 608 1584 inveniat,
639 1525 768 1566 caussae
791 1503 921 1566 obstant
950 1504 1170 1588 gravissimae.
1214 1483 1299 1570 Nani
1320 1505 1383 1590 pri-

243 1632 330 1674 mum
356 1611 483 1695 quidem
511 1633 583 1676 cum
604 1612 702 1675 etiam
727 1617 860 1695 tropaea
887 1634 954 1676 non
981 1613 1109 1678 aliunde
1138 1613 1201 1678 nisi
1229 1637 1246 1676 e
1273 1615 1383 1698 spoliis

243 1720 411 1785 hostilibus
433 1721 529 1804 fiant,
556 1721 672 1785 mirum
694 1726 743 1786 est
764 1721 877 1786 horum
899 1722 1110 1806 mentionem,
1141 1723 1319 1788 seiunctam
1341 1725 1383 1788 ab

243 1829 383 1914 ipsorum
418 1834 622 1915 tropaeorum
658 1831 884 1915 promissione,
922 1833 956 1896 in
990 1833 1091 1896 altera
1126 1836 1271 1901 tantum¹
1290 1837 1383 1918 parte

243 1940 413 2024 bipertitae
435 1941 667 2006 enuntiationis
688 1941 768 2024 fieri,
792 1943 984 2028 omninoque
1007 1944 1086 2006 satis
1107 1947 1241 2008 ornatae
1264 1943 1298 2007 in
1320 1943 1382 2008 hac

243 2053 335 2134 parte
362 2051 500 2115 orationi
533 2051 696 2135 praemitti
728 2055 796 2116 tam
829 2053 963 2116 exilibus
989 2053 1093 2117 verbis
1126 2053 1244 2118 elatam
1277 2056 1382 2134 θήεειν
1453 2115 1459 2124 .

242 2162 379 2240 τρόπαια
400 2161 574 2226 notionem.
620 2161 695 2226 Non
717 2162 822 2226 minus
845 2166 951 2226 autem
974 2166 1102 2246 praeter
1123 2163 1298 2246 rationem,
1328 2165 1383 2228 ubi

243 2273 344 2338 δαῖιυν
377 2273 411 2336 δ’
445 2273 601 2351 ἐεθήματα
634 2271 738 2336 verbis
771 2273 811 2336 ad
845 2273 981 2336 alterum
1013 2273 1190 2338 membrum
1222 2273 1383 2338 enuntiati

243 2380 414 2463 transitur,
452 2404 472 2444 a
504 2381 677 2464 spoliorum
712 2383 747 2445 in
783 2382 912 2466 templis
948 2382 1149 2467 figendorum
1186 2383 1382 2468 cogitatione

243 2491 387 2556 seiuncta
403 2493 452 2554 est
474 2491 701 2556 sacrificiorum
723 2491 867 2576 sponsio,
892 2513 973 2575 quae
994 2495 1104 2556 tamen
1127 2495 1262 2576 apparet
1283 2493 1383 2558 multo

244 2601 341 2666 etiam
364 2603 470 2684 aptius
503 2601 579 2665 illuc
601 2624 697 2686 quam
724 2605 764 2666 ad
791 2607 924 2686 tropaea
956 2601 1117 2686 pertinere
1149 2601 1208 2666 sub
1235 2601 1286 2666 dio
1313 2602 1383 2667 fieri

243 2711 337 2776 solite
360 2711 395 2776 in
418 2733 531 2795 campo
560 2715 681 2796 aperto.
725 2711 770 2776 Et
791 2716 827 2775 ut
854 2712 915 2776 hoc
941 2711 1175 2777 incommodum
1201 2713 1325 2776 mutata
1347 2715 1383 2779 δὲ

242 2821 278 2886 in
305 2842 339 2887 τε
366 2821 526 2906 particula
557 2821 654 2886 facile
681 2821 815 2904 vitetur,
849 2826 959 2887 tamen
986 2823 1083 2908 longe
1111 2822 1383 2888 evidentissimum

243 2933 467 3016 argumentum
481 2931 542 2996 hoc
557 2935 673 3014 restat,
690 2931 773 3016 quod
789 2933 952 2997 constanti
967 2931 1116 3017 loquendi
1131 2935 1383 3026 mug‘tropaeum

243 3043 394 3106 statuere'
416 3063 488 3104 cnm
510 3041 623 3106 ceteris
646 3041 853 3126 scriptoribus
869 3043 967 3107 etiam
988 3045 1102 3126 poetae
1123 3042 1241 3128 tragici
1262 3043 1382 3110 ἱετάναι

241 3155 398 3230 τροπαῖον
420 3151 570 3215 dixerunt
592 3151 643 3234 (ut
664 3151 791 3216 mittam
814 3153 950 3232 ὀρθοῦν,
973 3153 1137 3240 ἐγείρειν),
1164 3175 1230 3218 non
1251 3156 1380 3220 τιθέναι.

242 3261 481 3326 Animadvertit
506 3260 568 3325 hoc
590 3261 798 3326 Marklandue
824 3261 859 3326 in
881 3261 1046 3346 Supplices
1068 3261 1231 3348 Euripidis
1252 3285 1283 3327 ν.
1307 3265 1380 3348 657,

241 3371 344 3435 tribus
360 3371 387 3435 is
402 3371 528 3455 quidem
543 3373 662 3438 τιθέναι
677 3371 766 3436 verbi
782 3371 934 3456 exemplis
949 3372 1148 3455 memoratis,
1172 3371 1227 3436 sed
1249 3395 1382 3456 quorum

242 3481 380 3564 primum
401 3481 538 3564 petitum
561 3503 578 3544 c
600 3479 796 3565 Choephoris
824 3504 854 3545 v.
879 3482 941 3547 762
963 3483 1037 3547 ἀλλ’
1066 3481 1092 3547 εἰ
1120 3482 1277 3560 τροπαίαν
1299 3483 1381 3547 Ζεὺε

242 3595 349 3656 κακῶν
372 3592 456 3670 θήεει
477 3593 575 3670 ποτέ,
602 3591 656 3654 ubi
679 3591 729 3655 vel
751 3593 906 3672 τρόπαιον
929 3592 979 3655 vel
1000 3592 1140 3671 τρόπαια
1161 3591 1244 3656 male
1271 3591 1381 3655 suade-

243 3701 299 3764 bat
319 3699 494 3783 Porsonus,
523 3722 651 3785 prorsus
680 3700 756 3766 hine
785 3701 924 3766 alienum
951 3701 1008 3765 sit:
1038 3701 1174 3765 alterum
1200 3699 1235 3764 in
1255 3699 1381 3764 Helena

242 3809 404 3894 Euripidis
425 3832 456 3874 ν.
483 3811 565 3875 1380
592 3812 637 3876 ὼε
666 3813 836 3892 βαρβάρων
865 3812 1003 3891 τρόπαια
1029 3812 1151 3891 μυρίων
1180 3812 1248 3890 χερί
1275 3811 1380 3890 θήειιιν

243 3917 350 3984 addito
373 3921 440 4000 χερί
462 3919 604 3985 differat:
627 3921 757 3984 tertium
779 3919 1007 4004 Aristophanis
1029 3919 1064 3983 in
1078 3919 1257 4004 Lysistrats
1273 3942 1301 3984 v.
1318 3919 1381 3984 318

242 4050 307 4092 non
336 4033 437 4096 θεῖναι
464 4029 518 4094 sed
547 4033 652 4096 θέεθαι
679 4033 824 4114 praestat
857 4029 1015 4116 genetiuis
1044 4029 1200 4094 sociatum
1227 4032 1380 4095 δέεποινα

243 4139 319 4219 Νίκη
343 4145 496 4217 ξυγγενοῦ
519 4146 585 4206 τῶν
607 4143 641 4205 τ’
665 4142 699 4207 ἐν
715 4141 808 4206 πόλει
830 4145 991 4217 γυναικῶν
1015 4143 1073 4206 τοῦ
1095 4143 1155 4205 νῦν
1177 4144 1380 4219 παρεετῶτοε

241 4249 377 4329 θράεουε
404 4251 509 4315 θέεθαι
535 4254 693 4330 τροπαῖον
726 4251 815 4329 ἡμᾶε.
863 4249 951 4326 Quae
978 4271 1050 4314 cum
1082 4249 1128 4312 ita
1161 4249 1242 4331 sint,
1277 4249 1381 4313 denuo

241 4361 370 4442 praesto
392 4362 441 4422 est
462 4359 575 4424 salutis
597 4359 784 4425 administer
806 4359 996 4442 scholiasta,
1024 4381 1090 4424 non
1119 4359 1152 4423 is·
1174 4359 1228 4443 qni
1256 4358 1295 4423 de
1316 4361 1380 4422 tro·

1112 4460 1178 4524 24*
