3270 5094
234 314 297 378 384
474 367 478 374 .
557 329 587 377 o.
611 329 756 378 animan
779 327 1051 378 annunnrrouns

235 482 357 546 alienus
380 503 465 564 esse,
494 483 547 566 qui
574 483 736 546 verissimo
766 505 837 557 cum
864 481 962 547 Asiae
990 486 1023 546 et
1044 481 1191 566 Europae
1218 481 1372 547 terminos

234 592 446 674 constituerit,
469 596 538 655 tum
560 593 602 657 ab
624 592 766 658 Caucaso
787 593 951 657 meridiem
974 615 1082 656 versus
1104 592 1286 656 Amazonas
1310 594 1371 657 col-

233 701 357 784 locarit,
381 725 534 786 quemque
550 705 695 787 apertum
718 707 766 766 est
788 704 823 767 in
838 703 917 766 Asia
934 703 1087 786 cogitare,
1111 725 1177 766 non
1192 702 1228 766 in
1243 701 1371 785 Europa

233 811 329 875 situm
353 802 533 876 'Caucasum
566 815 599 876 et
627 811 820 877 Colchidem.
866 810 1024 887 Quoniam
1051 815 1158 875 autem
1191 834 1271 896 quae
1299 812 1370 875 aliis

233 921 271 984 de
295 922 413 985 caussis
435 926 512 1005 post
531 945 559 985 v.
585 923 646 986 793
676 923 847 987 statuenda
874 925 922 986 est
949 923 1065 986 lacuna
1087 921 1167 985 facit
1188 923 1224 986 ut
1246 921 1285 985 de
1307 944 1370 985 uno

233 1031 349 1095 codicis
370 1032 447 1096 folio
468 1031 573 1095 lacero
596 1033 644 1095 vel
660 1054 721 1115 quo
744 1030 837 1096 modo
853 1053 984 1114 cumque
1001 1035 1148 1114 corrupto
1164 1030 1370 1116 cogitandum

232 1141 274 1204 sit
296 1143 491 1224 necessario,
526 1143 593 1205 veri
620 1163 687 1205 non
715 1145 763 1204 est
790 1141 959 1223 dissimile,
984 1141 1089 1204 alieno
1111 1142 1146 1204 in
1173 1141 1259 1224 locu,
1299 1164 1370 1205 cum

232 1251 335 1314 denuo
358 1251 616 1336 compingeretur
638 1251 692 1313 ille
714 1249 811 1334 liber,
844 1251 1001 1314 insertum
1033 1251 1111 1314 illud
1144 1251 1256 1314 folium
1289 1273 1367 1315 esse.

230 1359 270 1423 ln
292 1383 354 1444 quo
376 1361 403 1425 si
426 1383 463 1424 ea
485 1359 663 1445 perscripta
686 1364 802 1444 essent,
827 1383 907 1445 quae
929 1383 1016 1424 nunc
1037 1360 1189 1445 leguntur
1211 1383 1229 1424 a
1252 1383 1281 1424 v.
1308 1361 1369 1426 719

232 1470 271 1533 ad
310 1493 339 1534 ν.
371 1471 448 1554 730,
487 1471 688 1554 planissime,
729 1492 791 1554 quo
828 1469 921 1534 modo
958 1491 996 1533 ex
1037 1471 1166 1554 proprio
1202 1471 1272 1534 loco
1313 1493 1369 1534 suo

230 1578 293 1643 huc
315 1581 478 1662 potuerint
505 1579 690 1665 transferri,
724 1579 932 1664 intellegitur.
977 1578 1137 1644 Pristinus
1164 1579 1265 1666 igitur
1292 1582 1369 1644 ordo

230 1687 283 1753 hic
304 1688 381 1755 fuit:

146 1849 213 1898 xxv!
336 1879 339 1886 ·
381 1835 531 1915 ἀνήμεροι
553 1837 615 1915 γὰρ
637 1836 714 1900 οὐδὲ
736 1837 935 1916 πρόεπλατοι
956 1837 1068 1903 ξένοις.
1318 1846 1368 1897 718

383 1945 490 2022 ἰεθμόν
512 1947 544 2008 δ’
568 1945 621 2008 ἐπ’
645 1945 754 2010 αὐταῑ(
777 1947 983 2025 ετενοπόροιε
1006 1945 1114 2024 λίμνη(
1136 1946 1250 2011 πύλαι(
1317 1955 1363 2006 731

383 2055 566 2133 Κιμμερικὸν
589 2054 672 2131 ἥξειε
692 2092 745 2137 —,

228 2187 281 2250 hic
304 2190 410 2252 autem
432 2187 506 2252 inde
529 2210 547 2251 a
569 2211 599 2252 v.
624 2189 702 2253 792:

380 2324 459 2390 όταν
481 2325 619 2408 περάτῃ(
643 2326 769 2405 ῥεῖθρον
791 2325 933 2404 ἠπείρων
956 2325 1037 2404 όρον

379 2436 461 2514 πρὸ(
483 2434 622 2500 ἀντολὰς
644 2438 825 2540 plorasset
847 2436 1047 2517 ἡλιοετιβεῑε,

378 2545 460 2622 ἥξει(
483 2547 516 2608 δ’
538 2545 684 2625 ὑβριετὴν
707 2546 853 2624 ποταμὸν
877 2546 917 2610 οὐ
939 2546 1165 2625 ψευδώνυμον,

379 2763 472 2828 αι’ποιί
494 2765 525 2829 ε’
548 2764 736 2843 ὁδηγήεουει
757 2765 808 2828 καὶ
829 2766 906 2843 μόλ>
928 2765 1080 2843 eunuc.

686 2874 703 2912 *
890 2873 908 2910 *

788 2922 806 2960 *

378 2985 501 3050 πόντου
523 2988 653 3065 περῶεα
674 2987 844 3065 φλοῐεβον,
867 2986 934 3050 ἔπ’
957 2985 997 3050 ἂν
1020 2985 1103 3069 ἐξίκῃ
1120 3005 1147 3047 e.
1164 3007 1194 3068 q.
1212 3007 1236 3048 s.
1313 2995 1364 3046 τοι

225 3119 277 3186 Ita
298 3119 413 3184 itinero
435 3119 660 3204 geographicis
688 3119 865 3183 rationibus
893 3140 1020 3202 prorsus
1050 3122 1265 3183 consentaneo
1286 3119 1322 3184 Io
1344 3143 1363 3182 a

225 3229 415 3294 Prometheo
446 3229 594 3312 pervenit
621 3229 660 3292 ad
691 3227 826 3312 Scythas
859 3250 917 3312 per
950 3227 1127 3313 Bosporum
1160 3227 1362 3294 Cimmerium

224 3339 379 3424 usquein
402 3337 593 3404 Caucasum:
621 3359 683 3422 quo
705 3342 892 3402 transcenso
917 3336 1080 3402 meridiem
1103 3359 1210 3402 versus
1233 3360 1362 3423 progre-

182 3533 188 3543 .
225 3450 311 3513 ditm
332 3449 366 3512 in
389 3448 573 3515 Colchidem
596 3448 794 3512 Amazonum
815 3451 951 3530 terram,
981 3471 1000 3510 a
1023 3447 1136 3532 quibus
1160 3469 1254 3532 porro
1276 3448 1362 3512 duci-

225 3563 278 3623 tur
309 3559 345 3622 in
373 3581 427 3623 eas
458 3561 579 3640 terras,
619 3579 752 3641 quarum
781 3557 912 3621 nomina
940 3561 1071 3641 propter
1098 3557 1246 3621 lacunam
1273 3557 1361 3622 illam

224 3668 472 3733 interciderunt:
495 3667 643 3731 videntur
664 3672 774 3732 tamen
788 3689 844 3731 eae
860 3668 957 3731 Asiae
979 3667 1127 3751 regiones
1148 3667 1257 3752 fuisse,
1281 3689 1361 3752 quae

224 3779 259 3843 in
281 3779 392 3844 eadem
413 3800 447 3842 re
470 3781 757 3843 commemorantur
778 3777 813 3841 in
833 3778 1044 3861 Supplioibus.
1076 3777 1232 3852 Quoniam
1255 3781 1361 3841 autem

224 3888 285 3954 duo
308 3892 383 3953 sunt
405 3887 537 3972 Bospori
566 3889 607 3951 ab
628 3888 706 3952 lone
727 3887 901 3971 appellati,
934 3887 1064 3952 Thracii
1092 3887 1219 3970 quidem
1240 3887 1360 3951 mentio

223 3998 260 4062 fit
282 4021 319 4064 eo
341 4019 450 4079 versu,
479 3999 533 4081 qui
561 4001 634 4081 post
661 3997 808 4062 lacunam
838 3997 957 4081 primus
980 4000 1042 4062 est:
1086 3998 1209 4062 πόντου
1231 4001 1360 4078 περῶεοι

223 4113 390 4191 φλοῑεβον,
417 4107 449 4170 id
471 4107 554 4192 quod
573 4107 696 4192 pridem
718 4107 797 4172 vidit
815 4107 842 4172 I.
858 4107 901 4172 H.
919 4107 1060 4173 Vossius.
1093 4107 1256 4172 Immerito
1273 4107 1359 4171 enim

222 4217 411 4282 Welclrerus
439 4216 635 4301 obloquitur,
670 4218 718 4282 cui
748 4241 813 4282 non
834 4218 913 4282 satis
935 4221 1012 4302 apta
1033 4217 1158 4283 πόντου
1186 4216 1359 4301 appellatio

223 4325 359 4392 videtur.
394 4325 480 4390 Nam
501 4349 595 4410 quem
617 4327 657 4391 ad
680 4327 806 4392 modum
830 4327 933 4411 ipsum
956 4326 1133 4410 Bosporum
1155 4325 1359 4392 Cimmerium
