3270 5094
659 359 780 416 oanan·
803 359 967 417 ociorum.
1317 347 1377 417 401

243 509 322 582 dior.
356 517 425 594 Qua
447 517 574 602 quidem
595 519 689 583 laude
711 519 909 604 propositum
931 519 1209 586 aSchneidewino
1230 525 1380 602 νεώρης

243 627 354 713 (vulgo
376 631 514 714 νεωρής)
537 650 738 714 nequaquam
758 651 919 713 ornamus,
943 631 1026 714 quod
1048 630 1091 714 id,
1114 631 1168 694 vix
1190 630 1339 696 differens
1361 655 1381 695 a

241 739 385 821 νέορτος,
409 738 630 802 tantummodo
652 739 691 802 de
705 740 799 803 rebus
822 740 942 804 dietum
965 761 1033 804 esse
1055 739 1179 804 videtur
1201 745 1236 804 ut
1258 743 1381 822 νεώρης

243 849 433 928 βόςτρυχος,
461 849 566 929 φόβος
593 851 731 929 νεώρης,
760 856 880 929 νεῶρες
909 854 1012 928 πῆμα,
1046 849 1084 913 de
1111 849 1292 915 hominibus
1316 875 1381 917 non

242 957 330 1040 item,
354 957 496 1022 omnium
511 961 617 1022 autem
640 959 771 1023 minime
793 959 832 1022 de
854 959 1036 1023 hominibus
1058 959 1223 1023 iuventute
1245 955 1380 1020 valenti-

242 1067 311 1130 bus.
356 1066 446 1130 Idem
473 1067 558 1130 haud
587 1068 681 1131 dubie
703 1067 738 1131 in
760 1070 930 1150 νεοχμός
954 1069 1050 1151 cadit,
1074 1069 1109 1132 in
1131 1068 1214 1152 quod
1235 1051 1381 1132 novimus

242 1175 296 1260 qui
323 1175 495 1240 incideret:
531 1199 607 1240 nam
635 1179 730 1258 Ἄρης
752 1179 890 1258 νεοχμὸς
911 1181 1056 1258 ἐμπεςὼν
1079 1185 1202 1262 ςτρατῷ
1229 1177 1317 1241 Ionis
1338 1177 1379 1240 fr.

242 1287 283 1350 63
305 1309 337 1369 ρ.
360 1286 422 1352 517
445 1285 487 1350 N.
516 1307 583 1350 non
611 1290 659 1350 est
687 1287 831 1370 profecto
859 1287 940 1350 alius
967 1287 1030 1351 nisi
1058 1289 1133 1354 νέος
1161 1289 1317 1370 πόλεμος,
1347 1287 1381 1349 in

244 1395 412 1480 Antigona
434 1399 541 1459 autem
564 1395 730 1479 Sophoclis
753 1396 807 1480 qui
828 1395 992 1460 ferebatur
1014 1419 1043 1460 v.
1071 1397 1130 1462 156
1153 1399 1295 1478 βαςιλεὺς
1317 1399 1380 1476 χώ-

243 1526 300 1584 ρας
325 1506 435 1586 Κρέων
458 1506 679 1572 ὁΜενοικέως
700 1507 839 1584 νεοχμὸς
861 1510 1002 1586 νεοραῑςι
1024 1511 1108 1572 θεῶν
1131 1507 1183 1570 ἐπὶ
1204 1507 1381 1586 ςυντυχίαις

243 1620 371 1698 χωρῶν,
396 1619 428 1679 et
450 1637 561 1680 recens
583 1613 689 1698 potius
711 1635 807 1698 quam
829 1615 952 1678 iuvenis
975 1615 1234 1698 interpretandus
1258 1619 1327 1678 erat
1349 1619 1381 1678 et

244 1725 339 1788 cessit
359 1745 446 1788 nunc
469 1723 628 1808 probabili
650 1723 807 1788 Dindorfii
831 1723 1048 1788 emendationi
1071 1729 1233 1804 νεοχμοῑςι
1255 1751 1286 1758 -
1310 1746 1380 1791 ςυν-

242 1835 376 1914 τυχίαις,
414 1835 446 1897 id
483 1834 565 1918 quod
603 1834 672 1917 ipso
708 1837 848 1914 νεαραῑςι
891 1833 1082 1918 glossemate
1119 1835 1285 1917 expulsum
1321 1837 1379 1897 est.
1400 1847 1448 1896 νιιι

244 1941 412 2008 Simillimo
434 1947 601 2027 perspecto
624 1942 816 2027 glossemate
839 1945 983 2029 (νεαρᾶς)
1012 1943 1053 2006 ab
1085 1943 1194 2008 eodem
1215 1943 1382 2008 Dindorfio

244 2053 277 2116 in
300 2053 378 2117 Oed.
403 2052 470 2118 (bl.
493 2075 523 2116 v.
545 2053 609 2118 475
631 2053 813 2116 restitutum
837 2053 905 2118 οἰὸς
927 2057 1065 2118 νεαλοῦς
1087 2074 1216 2117 monere
1238 2053 1278 2117 de
1299 2074 1381 2120 νεα-

244 2165 309 2242 λής
331 2183 409 2227 voce
431 2166 547 2246 potest.
592 2161 677 2226 Nam
700 2162 759 2226 etsi
782 2162 848 2225 illio
870 2185 949 2226 sane
970 2184 1036 2226 non
1059 2162 1123 2226 alia
1146 2163 1209 2226 nisi
1230 2163 1380 2227 ‘novella'

244 2273 310 2335 ovis
326 2272 497 2356 cogitatur,
521 2292 581 2335 nee
603 2271 679 2336 alibi
703 2271 788 2335 aliud
811 2272 873 2335 nisi
896 2277 1067 2335 ‘recenset
1085 2272 1270 2358 integrum,
1293 2273 1381 2336 velut

245 2403 314 2446 cum
335 2381 431 2446 ἵπποι
452 2381 501 2444 vel
529 2383 676 2460 πολέμιοι
704 2379 770 2445 sive
798 2385 983 2461 ςτρατιῶτοι
1009 2385 1133 2448 νεαλεῖς
1161 2384 1211 2446 καὶ
1239 2383 1381 2462 ἀκέραιοι

244 2493 294 2554 vel
333 2493 481 2572 ἀήττητοι
518 2490 668 2554 dicuntur
702 2491 778 2575 (quo
811 2490 909 2553 etiam
942 2489 1165 2574 Xenophontis
1202 2491 1382 2574 exemplum

244 2601 358 2684 Cyrop.
374 2599 465 2683 VIII,
485 2601 515 2682 o,
536 2601 573 2664 17
596 2600 747 2683 pertinet,
772 2622 837 2665 non
859 2604 945 2664 reete
968 2599 1008 2664 ad
1030 2606 1090 2666 τοῦ
1112 2602 1190 2667 νέου
1213 2602 1263 2666 καὶ
1284 2599 1378 2681 ἀκμά·

243 2717 358 2776 ζοντος
392 2709 556 2773 notionem
585 2709 768 2774 traductum
795 2733 813 2773 a
837 2709 978 2794 Bergkio
1005 2710 1040 2774 in
1068 2710 1234 2794 Aristoph.
1262 2710 1380 2795 fragm.

243 2840 275 2903 p.
301 2820 414 2904 1101):
447 2823 557 2882 tamen
578 2819 632 2882 vix
655 2819 754 2882 ullum
781 2819 977 2883 dubitationi
1004 2819 1109 2884 locum
1136 2818 1289 2903 relinquit
1311 2819 1382 2882 Ari-

123 3008 130 3019 .
243 2929 410 3013 stophanis
438 2929 473 2992 in
495 2929 635 2992 Lemniis
663 2951 771 2992 versus
799 2929 882 3012 apud
910 2928 1060 2992 Photium
1088 2951 1119 3012 p.
1143 2929 1221 3013 290,
1252 2929 1291 2994 16
1319 2931 1382 2996 ἕως
1472 2953 1475 2960 “

243 3041 359 3120 νεολής
387 3039 468 3104 ἐςτιν
491 3039 591 3119 αὐτὴν
618 3041 676 3118 τὴν
704 3039 821 3118 ἀκμήν,
854 3059 916 3122 quo
948 3037 1013 3102 iam
1040 3039 1217 3103 Lobeokius
1245 3061 1319 3103 usus
1347 3041 1382 3102 in

244 3149 364 3232 Phryn.
387 3172 419 3232 p.
443 3149 516 3214 375.
562 3145 608 3213 Vt
629 3149 730 3211 multo
752 3147 867 3212 saltem
888 3147 1085 3230 probabilius
1109 3149 1148 3212 de
1169 3148 1230 3213 hoo
1253 3147 1381 3213 nomine

244 3281 339 3342 quam
361 3259 400 3322 de
415 3260 569 3326 νεάζων
593 3257 763 3341 participio
787 3279 857 3321 eum
873 3257 1116 3322 Schneidewino
1133 3259 1265 3343 cogites.
1297 3259 1382 3323 Nam

244 3371 370 3432 etcum
397 3371 435 3434 τὸ
457 3370 573 3436 νεάζον
601 3367 754 3431 Deianira
783 3367 862 3430 dicit
889 3366 1041 3430 Trachin.
1068 3367 1130 3430 114
1155 3367 1188 3431 h.
1218 3389 1244 3432 e.
1274 3371 1293 3448 ἡ
1323 3373 1382 3435 νέα

243 3479 346 3558 ἡλικία
369 3457 542 3542 scholiasta
565 3477 751 3560 interprete,
781 3479 813 3540 et
836 3498 907 3540 cum
929 3475 1107 3540 Menander
1130 3477 1175 3541 ὡς
1196 3479 1255 3557 ἡδὺ
1278 3485 1381 3562 πρᾷος

243 3591 294 3652 καὶ
321 3589 447 3656 νεάζων
474 3594 522 3674 τῷ
550 3587 662 3671 τρόπῳ
691 3589 794 3666 πατήρ
821 3586 862 3649 fr.
890 3586 950 3650 190
978 3585 1086 3670 (191),
1123 3585 1382 3652 'invenesoendi’

244 3697 333 3761 notio
354 3698 463 3761 subest
484 3696 534 3760 vel
557 3695 794 3760 ‘adulescendi'
825 3695 934 3779 (atque
959 3693 1206 3758 ‘adulescentem
1229 3689 1381 3754 moribus'

244 3807 278 3870 in
301 3806 397 3870 simili
419 3805 628 3870 Menandrico
650 3805 812 3869 sententia
834 3804 967 3868 Plautus
990 3803 1071 3867 dixit
1093 3803 1161 3866 Mil.
1186 3801 1267 3886 glor.
1289 3799 1381 3883 661)ι

244 3915 327 3980 unde
354 3917 449 3980 litut
475 3916 718 3996 perpendissent
745 3916 842 3979 verbo
869 3917 992 3978 veteres
1020 3913 1211 3996 interpretes
1238 3911 1380 3988 utantur,

244 4047 417 4110 numquam
449 4024 494 4088 eis
522 4025 634 4108 quibua
663 4027 778 4108 vegeta
806 4028 839 4087 et
866 4024 995 4088 robusta
1025 4023 1173 4086 iuventus
1202 4020 1383 4084 declaratur

244 4133 275 4198 h.
301 4155 328 4198 e.
356 4135 407 4200 vel
434 4136 516 4216 ἡβᾶν
544 4135 594 4198 νο1
623 4135 781 4214 ἀκμάζειν.
827 4132 909 4196 Eam
943 4135 1049 4196 autem
1082 4129 1186 4215 ipsam
1218 4129 1382 4193 notionem

244 4245 361 4327 requiri
388 4249 424 4308 ut
446 4244 530 4328 quod
551 4243 689 4307 maxime
711 4243 895 4306 Dindorfius
924 4242 1025 4306 sensit
1052 4240 1225 4304 verissime.
1270 4239 1382 4322 Itaque

245 4375 355 4416 omnes
388 4354 462 4418 huie
491 4375 640 4417 numeros
668 4353 813 4416 veritatis
841 4352 958 4415 habere
991 4350 1071 4414 haec
1104 4349 1284 4414 emendatio
1315 4349 1382 4411 visa

296 4473 339 4508 ra.
361 4473 526 4509 ιιιιοοιιοοιι
546 4471 693 4508 ornacum
714 4473 732 4510 ι,
1139 4453 1180 4514 ‘2ss
