3184 5100
700 1160 938 1273 XXVII.

328 1375 522 1472 Gotolrell
551 1375 747 1470 Hermann
778 1375 822 1470 te
854 1377 895 1470 t.
927 1377 968 1470 F.
1000 1377 1127 1472 Naekil
1157 1377 1310 1472 Soletis

309 1541 310 1544 ‘
627 1544 760 1639 criticis
790 1545 1010 1666 epistulae

200 1897 231 1945 ιιι
335 1881 450 1945 Lexica
484 1885 517 1946 et
545 1881 684 1966 catalogi
717 1883 1012 1967 quorumquam
1044 1884 1256 1948 necessarium
1286 1908 1391 1969 usum,

250 1995 317 2054 tam
339 1993 407 2055 fere
429 1991 551 2056 aridam
574 1991 744 2059 lectionem
766 1989 904 2075 habent,
935 2015 1006 2057 cum
1029 1993 1148 2078 aliquid
1170 1993 1232 2058 loci
1253 1995 1393 2059 floridio

251 2102 294 2165 ris
318 2101 630 2185 circumspiceremus
653 2100 735 2184 qnod
757 2099 807 2166 his
828 2123 910 2186 quae
931 2101 1141 2186 insequuntur
1156 2104 1291 2188 pagellis
1307 2128 1392 2170 eom·

252 2209 450 2274 mendationi
474 2213 572 2293 esset,
597 2210 759 2275 commode
787 2211 821 2275 in
837 2233 952 2276 manus
975 2211 1088 2277 incidit
1109 2211 1258 2278 volumen
1273 2215 1393 2298 epistu-

217 2445 219 2453 “
316 2441 341 2506 *)
360 2439 527 2508 [Praenrisea
544 2439 747 2508 programmati
765 2437 924 2494 academico
938 2439 1079 2494 Bonnensi
1098 2439 1271 2495 celebrandis
1290 2441 1392 2496 natali-

249 2533 298 2586 ciis
316 2531 513 2602 Augrmtissimi
531 2531 616 2600 Regis
628 2529 761 2586 Friderici
774 2530 904 2586 Guilelmi
917 2531 954 2586 IV
973 2533 1104 2602 evulgato
1116 2551 1140 2587 a.
1156 2531 1391 2588 crolocccmx:

250 2644 304 2694 quo
323 2625 468 2680 fascienlus
487 2625 512 2678 II
531 2624 688 2680 continetur
701 2623 844 2679 Antonii
861 2624 988 2680 Klettii
1005 2624 1097 2680 studio
1115 2625 1233 2680 confecti
1251 2627 1393 2698 ‘catalogi

250 2718 499 2788 chirographorum
521 2716 549 2770 in
567 2716 739 2772 bibliotheca
761 2717 922 2772 acederniea
939 2717 1079 2774 Bonnensi
1097 2719 1289 2774 servetomm’.
1325 2719 1392 2774 Eius

251 2811 380 2880 Cetalogi
402 2809 533 2864 fasciculo
556 2810 582 2876 l,
609 2825 704 2877 quem,
736 2812 767 2863 nt
794 2810 903 2866 muneri
928 2810 1093 2880 professoris
1117 2812 1293 2880 eloquentiae
1323 2813 1392 2867 sctis

250 2903 379 2970 facerem,
397 2921 448 2973 per
466 2902 583 2958 eandem
601 2902 775 2957 occasionem
793 2918 865 2958 anno
885 2901 1130 2958 clolocecnvnl
1149 2903 1300 2970 edideram,
1319 2922 1392 2972 quae

251 2997 310 3049 tnm
328 2996 472 3064 praefatus
491 3013 560 3062 sum,
578 2995 652 3050 infre
669 2995 801 3064 ponenda
818 2996 892 3050 duxi.

319 3088 525 3158 ‘cogitantibus
543 3087 636 3154 nobis,
655 3087 806 3156 quentillae
825 3088 882 3143 sint
898 3089 927 3144 in
946 3107 979 3144 eo
998 3106 1100 3159 genere
1119 3090 1194 3158 quod
1211 3089 1289 3145 libris
1307 3109 1391 3146 manu

253 3183 363 3253 scriptis
387 3181 544 3238 continetur
567 3182 692 3252 copiolae
714 3184 827 3237 noemae
850 3183 1025 3250 Bounomos,
1048 3185 1227 3254 comparatae
1250 3184 1314 3239 illae
1332 3185 1392 3252 qui-

252 3277 316 3331 dem
334 3277 371 3331 ad
393 3275 510 3331 aliarum
528 3275 761 3330 bibliothecarum
783 3275 827 3330 vel
844 3275 954 3331 felicem
977 3276 1136 3332 ubertatem
1157 3277 1201 3332 vel
1223 3276 1393 3332 mediocrem
1419 3295 1429 3311 .

253 3372 405 3434 fortunam,
433 3386 489 3424 non
510 3371 636 3438 profecto
659 3370 771 3438 praeter
798 3368 1034 3438 exspectationem
1052 3369 1173 3436 accidet,
1196 3369 1219 3423 si
1242 3369 1289 3438 qui
1311 3369 1393 3425 huius

253 3479 324 3530 qnae
343 3462 469 3517 subiecta
487 3463 530 3516 eet
547 3461 655 3531 opellae
672 3461 840 3516 tenuitatem
857 3460 947 3530 primo
965 3461 1100 3531 adspectu
1122 3462 1166 3516 vel
1187 3461 1288 3516 leniter
1306 3461 1394 3516 subri-

253 3556 340 3610 ‹leant
356 3556 400 3610 vel
419 3553 563 3609 fastidiose
581 3555 753 3610 miserentur.
785 3551 859 3619 Quos
878 3557 973 3610 temen
991 3553 1134 3620 aliquanto
1153 3553 1255 3609 rectius
1273 3554 1395 3610 instituti

253 3647 342 3704 nostri
361 3647 504 3703 consilium
522 3650 551 3702 et
567 3647 800 3716 interpretaturos
818 3650 848 3702 et
865 3645 1061 3703 aestimaturos
1080 3635 1254 3713 confidimu's,
1272 3647 1308 3714 si,
1327 3645 1395 3715 quid

254 3759 298 3796 res
320 3741 383 3811 ipsa
400 3741 511 3810 flagitet
532 3743 561 3794 et
578 3757 648 3796 seua
669 3740 743 3794 ratio
761 3739 889 3806 suadeat,
912 3739 1006 3810 paullo
1028 3738 1159 3808 aequiore
1183 3725 1277 3795 animo
1300 3755 1394 3795 secum

254 3833 446 3904 reputaverint
462 3833 585 3901 nihilque
603 3851 653 3890 noe
671 3833 787 3889 alienius
805 3833 908 3888 hahere
921 3849 1005 3900 quam
1022 3833 1187 3888 ambitiosae
1200 3833 1395 3890 seminationis

254 3928 400 3983 ridiculam
418 3927 625 3984 contentionem
642 3925 842 3996 perspexerint
867 3924 947 3990 Quod
964 3924 1038 3980 enim
1056 3926 1140 3994 vulgo
1158 3928 1246 3982 fertur
1263 3925 1396 3996 pauperis

256 4037 317 4078 esse
333 4037 480 4076 numerare
498 4037 596 4089 pecus,
619 4019 649 4073 id
667 4019 719 4074 etsi
736 4019 765 4072 in
782 4036 833 4073 nos
852 4017 975 4073 caditat
993 4017 1068 4086 qnod
1085 4018 1218 4086 mexirne,
1237 4021 1332 4074 tamen
1350 4019 1396 4074 vel

256 4115 371 4184 exiguus
390 4129 459 4182 grex
477 4129 539 4167 cum
557 4115 619 4182 plus
638 4111 766 4167 utilitatis
789 4113 950 4167 numeratus
969 4113 998 4165 et
1015 4109 1170 4180 descriptus
1188 4111 1293 4166 habeat
1310 4127 1395 4178 quam

256 4207 400 4276 neglectus
419 4207 448 4261 et
465 4205 644 4272 delitescens,
666 4221 702 4261 ne
719 4205 748 4260 in
765 4205 819 4259 hac
840 4203 952 4272 quidem
974 4205 1056 4273 parte
1075 4204 1100 4259 ei
1117 4221 1168 4258 nos
1187 4203 1278 4259 officio
1296 4203 1395 4258 deesse

256 4319 307 4370 par
325 4300 386 4367 luit,
405 4299 480 4368 quod
502 4297 561 4354 iure
579 4298 700 4354 ereditur
718 4315 781 4354 eum
797 4296 989 4353 bibliothecari
1006 4311 1120 4352 munero
1138 4299 1284 4364 tamquam
1300 4311 1395 4351 necee-

257 4393 330 4450 sario
354 4393 462 4449 vinomo
485 4391 661 4449 coniunctum
689 4409 758 4449 esse.
794 4391 825 4446 In
847 4391 949 4448 litteris
973 4391 1068 4447 autem
1089 4390 1220 4459 qnoniam
1242 4387 1310 4444 nihil
1332 4405 1394 4444 esse
