3218 5094
615 373 661 420 ns
685 373 755 422 ono
778 374 822 421 ur
845 374 986 423 osronn.
1306 357 1369 422 597

230 529 354 610 Κλειτή,
385 527 525 610 Κλίειον,
551 528 709 610 Κόβαλοι,
746 529 867 611 Κοιμῶ,
900 529 1105 609 Κομμαγήνη,
1134 529 1255 610 Κράδη,
1292 529 1369 607 Κρα-

226 644 317 722 vute,
343 638 491 720 Κρὰνιον,
517 637 666 721 [Κρεῖον,]
693 639 825 719 Κρειῶν,
850 638 1023 720 Κρόταφοι,
1048 638 1197 717 Κρότωνι
1220 640 1255 700 ut
1270 637 1369 721 ipsius

229 749 345 813 codicis
373 747 565 832 scripturam
592 768 724 811 servem.
769 746 820 810 Ex
847 747 960 830 quibus
988 748 1219 812 consectarium
1245 748 1370 813 videtur

228 880 313 942 esse,
344 881 404 923 nec
430 858 589 922 diversam
617 878 685 921 esse
713 857 748 921 in
775 857 910 942 singulis
937 857 1015 921 locis
1038 855 1138 939 Ὠρο(
1159 859 1298 922 nominis
1320 881 1368 922 ru-

226 970 362 1052 tionem,
392 972 424 1032 et
454 990 528 1032 casu
555 968 678 1032 factum
706 989 774 1031 esse
803 990 874 1032 cum
902 967 984 1051 quod
1011 967 1082 1051 ipsa
1110 968 1166 1033 illc
1188 968 1227 1032 de
1251 969 1369 1049 Καλχη-

227 1082 295 1146 δών
317 1079 442 1144 notetio
465 1078 506 1142 ab
526 1077 743 1162 Etymologici
767 1077 812 1142 M.
820 1078 851 1164 *)
875 1081 1004 1142 auctore
1026 1077 1211 1163 Zonureque
1233 1101 1299 1144 nou
1322 1083 1370 1143 est

229 1191 392 1273 suscepte:
417 1188 499 1272 quod
522 1189 548 1252 si
572 1210 661 1252 secus
684 1191 783 1271 esset,
806 1187 892 1251 haud
914 1188 1009 1252 dubie
1023 1188 1182 1252 Milesium
1205 1190 1288 1274 apud
1310 1188 1368 1253 hos

228 1300 454 1384 reperiremus:
488 1301 556 1362 tum
578 1297 661 1382 quod
683 1298 718 1363 in
741 1297 851 1362 ecdem
873 1298 1039 1363 notatione
1062 1299 1129 1362 sola
1150 1299 1185 1363 in
1207 1299 1368 1383 Etymolo-

226 1412 335 1495 gicurn
365 1409 548 1474 Gudianum
575 1409 706 1473 transiit
733 1408 854 1493 gentile
883 1429 1010 1472 nomen.
1055 1408 1234 1473 Transiisse
1263 1414 1368 1474 eutem

227 1521 351 1604 opinor,
376 1519 459 1604 quod
478 1519 661 1583 etiamtum
681 1518 890 1601 depravatum
912 1540 978 1582 uon
992 1518 1233 1604 intellegeretur
1255 1520 1297 1584 ab
1318 1542 1366 1604 ec,

226 1651 320 1714 quem
347 1629 490 1694 videmus
518 1629 553 1692 in
582 1628 806 1693 concinnando
829 1628 976 1692 Gudiano
1003 1629 1171 1693 omittendi
1198 1630 1284 1694 illius
1312 1652 1366 1695 no·
1485 1643 1487 1650 ’

226 1741 323 1804 minis
352 1739 519 1804 concilim
547 1739 697 1803 tenuisse.
743 1737 833 1802 Licet
861 1738 963 1822 enim,
999 1739 1025 1802 si
1052 1741 1232 1804 necessario
1259 1740 1366 1805 defen-

227 1849 331 1914 denda
361 1852 444 1913 esset
477 1850 610 1934 vulgatu
638 1849 810 1932 scriptura,
840 1849 971 1913 minime
1000 1849 1242 1914 destitueremur
1264 1872 1366 1915 erem-

225 1960 304 2044 plis,
342 1960 454 2043 quibus
483 1959 659 2044 permutari
687 1961 844 2022 terrarum
872 1959 1003 2024 nomina
1035 1961 1222 2025 coeuntibus
1249 1961 1366 2025 finibus

224 2070 403 2134 vicinarum
424 2070 712 2134 demonstraretur:
741 2069 820 2133 adeo
840 2072 950 2133 tumen
973 2070 1145 2155 singularis
1167 2070 1284 2134 Milesii
1312 2071 1365 2137 ho-

224 2180 320 2244 minis
342 2179 538 2264 significatio
560 2183 609 2244 est
630 2179 649 2245 ὁ
673 2180 788 2245 Μαίων
810 2179 916 2243 verbis
938 2179 1042 2262 fucta,
1074 2185 1109 2244 ut
1136 2181 1171 2244 in
1193 2180 1254 2245 huc
1276 2203 1365 2265 prce-

224 2291 335 2354 sertim
357 2290 538 2374 frequentia
560 2289 741 2354 iunctorum
764 2288 863 2371 Ὠροε
892 2289 910 2354 ὁ
934 2291 1086 2369 Μιλήειοε
1112 2291 1278 2355 nominum
1300 2313 1366 2356 non

223 2400 332 2484 possit.
354 2400 393 2464 de
422 2404 570 2484 corrupta
598 2401 633 2464 in
659 2400 762 2481 μαίων
784 2400 909 2464 litteras
931 2401 1071 2480 μιλήειοε
1097 2400 1201 2466 forma
1223 2401 1288 2466 ulla
1310 2401 1364 2465 du-

222 2510 338 2575 bitatio
361 2532 441 2575 esse.

757 2647 831 2728 sc,

307 2783 353 2847 Vt
374 2805 460 2847 nunc
482 2782 521 2846 de
549 2781 676 2866 scriptis
705 2786 822 2866 agatur
849 2779 1011 2866 utriusque
1038 2783 1258 2866 grammatici:
1285 2804 1364 2848 uon·

221 2893 296 2956 dum
323 2871 433 2957 tamen
460 2892 629 2976 seiungere
655 2891 756 2971 Ὠροε
783 2895 816 2955 et
842 2887 959 2972 Ὠρίων
986 2892 1118 2956 nominc
1146 2893 1231 2958 licet.
1276 2891 1364 2968 Ques

224 3024 295 3066 cum
329 3003 473 3066 centiens
509 3001 684 3084 permutari
718 3003 738 3082 ξ
771 3002 791 3065 3
824 3001 1011 3085 dixerimus,
1050 3023 1087 3065 ec
1123 3003 1363 3087 permutatio

222 3133 334 3194 quam
361 3111 561 3195 duplicem
589 3111 664 3175 vim
691 3110 838 3174 hebeat
864 3115 993 3194 praeter
1019 3115 1125 3175 cetere
1147 3133 1233 3176 nune
1255 3113 1363 3178 viden-

223 3219 298 3284 dum
320 3226 384 3305 est,
408 3221 673 3304 proficiscendum
695 3225 801 3285 cutem
823 3221 864 3284 ab
887 3220 1015 3286 Orionis
1036 3221 1149 3287 lexico.

307 3329 484 3414 Receptum
511 3334 560 3395 est
582 3333 689 3394 eutem
715 3333 819 3394 totum
842 3330 970 3397 Orionis
997 3331 1133 3396 lexicum
1161 3335 1194 3395 et
1220 3352 1277 3415 per
1299 3332 1362 3396 sin-

221 3441 314 3525 gulus
344 3441 526 3506 notationes
566 3440 797 3524 transcriptum
832 3441 866 3504 in
904 3441 1071 3524 utrumque
1104 3463 1175 3504 cum
1206 3439 1361 3524 Magnum

221 3549 479 3634 Etymologicum
506 3554 575 3614 tum
604 3549 800 3614 Gudianum:
833 3550 915 3634 quod
946 3549 1071 3634 quidem
1105 3551 1151 3613 its
1183 3571 1252 3615 esse
1280 3571 1361 3615 com-

221 3659 403 3724 modissime
426 3660 472 3724 sic
494 3661 571 3724 licet
594 3680 801 3744 cognoscere,
831 3662 867 3722 ut
895 3681 911 3722 e
934 3660 1130 3724 brevioribus
1157 3659 1274 3724 litteris
1296 3682 1361 3725 una

221 3771 316 3854 atque
339 3769 440 3834 altera
463 3791 519 3852 per
541 3769 669 3854 singula
691 3769 793 3833 lexicu
814 3769 966 3833 lustretur
994 3774 1026 3833 ct
1053 3770 1190 3834 invicem
1218 3770 1360 3834 confera-

220 3881 273 3942 tur
299 3880 442 3964 integrs,
471 3879 570 3943 veluti
598 3879 626 3943 Ξ
653 3878 704 3942 vel
730 3881 762 3948 ,Ψ
789 3879 908 3942 littere.
952 3879 1070 3943 Differt
1098 3883 1205 3943 eutem
1229 3879 1360 3944 omniuo

220 3989 383 4074 utriusque
417 3986 631 4073 Etymologici
665 3989 697 4052 et
729 3987 868 4051 instituti
906 3988 1073 4053 consilium
1105 3993 1137 4052 et
1169 3988 1359 4072 disponendi

221 4118 322 4181 genus
355 4099 402 4163 ite
431 4099 649 4182 potissimum,
682 4099 718 4161 ut
749 4097 784 4161 iu
817 4097 938 4182 Magno
967 4101 999 4162 et
1026 4099 1126 4163 multo
1160 4099 1359 4164 constantius

305 4299 329 4367 “)
353 4299 446 4370 [Fugit
467 4317 511 4356 me
535 4303 689 4369 Καλχηδών
710 4315 807 4356 vocem
827 4299 857 4354 in
877 4299 969 4370 Etyrn.
991 4299 1027 4354 M.
1053 4317 1078 4369 p.
1102 4305 1165 4368 486,
1184 4307 1216 4356 35
1240 4303 1356 4357 exstare.

221 4395 278 4462 (cx
295 4395 430 4449 accendo
444 4413 471 4462 p.
492 4395 555 4465 sor]
