3184 5100
601 376 724 425 anavm
748 376 935 422 nnnnn'no.
1275 359 1337 420 ulla

199 531 293 613 deris,
318 531 509 614 aliquotiens
531 533 655 610 autem,
684 531 720 591 ut
743 550 780 592 ex
803 528 904 591 latina
927 527 1191 610 interpretatione
1214 527 1336 590 intelle-

198 640 303 724 gitur,
328 640 425 704 etiam
447 640 576 724 integra
599 639 783 720 enuntiata,
812 639 911 703 semel
935 636 965 724 [a
988 661 1019 721 p.
1044 638 1101 720 33,
1131 637 1151 700 2
1174 635 1214 700 ad
1236 637 1293 718 35,
1316 638 1336 700 3

199 751 335 834 exempli
358 749 567 837 Crameriani]
590 752 693 813 totum
716 749 794 813 adeo
816 748 943 832 folium,
972 748 1033 812 hoc
1055 747 1183 831 quidem
1205 746 1336 810 aduerso

200 861 286 924 casui
315 860 520 924 tribuendum
548 881 615 924 esse
643 863 794 944 apparet,
827 858 905 922 illud
935 861 1042 922 autem
1069 879 1134 920 non
1161 857 1337 922 breviantis

200 971 347 1054 consiliu,
382 971 437 1034 sed
464 970 666 1034 festinationi
694 973 821 1033 tantum
851 969 983 1033 librarii.
1030 968 1125 1033 Cuius
1153 968 1261 1050 lapsus
1289 971 1335 1048 ut,

198 1085 353 1163 quantum
386 1103 443 1164 per
476 1081 533 1144 otii
563 1080 729 1164 penuriam
758 1080 885 1162 liceret,
920 1079 1102 1143 tolleremus
1136 1077 1337 1142 coniecturae

198 1211 274 1273 ope,
305 1191 506 1254 adhibuimus
533 1195 697 1274 tamquam
725 1190 856 1253 alterius
885 1188 1002 1252 codicis
1029 1189 1123 1252 latini
1150 1188 1337 1270 interpretis

198 1301 308 1383 fidem3
332 1304 498 1384 praeterea
521 1300 642 1384 aliquot
664 1300 830 1383 seripturis
853 1300 902 1364 usi
925 1321 1032 1363 sumus
1055 1321 1071 1362 e
1093 1298 1337 1362 Vindobonensi

197 1409 280 1474 libro
302 1433 335 1474 n.
359 1409 454 1493 VllI,
484 1413 539 1494 qui
566 1415 615 1474 est
642 1410 798 1474 secundus
823 1411 879 1495 (B)
903 1408 1116 1492 Bachmanni,
1140 1409 1260 1492 aliquot
1281 1431 1336 1491 pa-

198 1521 349 1604 ginarum
377 1521 577 1604 marginibus
605 1522 646 1585 ab
671 1519 713 1584 D.
738 1519 884 1584 Schulzio
917 1520 1101 1603 adscriptis3
1135 1519 1270 1603 denique
1299 1540 1336 1582 ex

197 1629 290 1694 huius
312 1631 412 1715 ipsius
441 1631 717 1696 emendationibus
740 1652 818 1713 quas
841 1630 1046 1712 probaremus
1069 1629 1258 1694 adscivimus
1282 1651 1335 1711 ap-

199 1741 302 1822 posito
325 1740 464 1805 auctoris
487 1741 626 1805 nomine.

583 2300 951 2374 Auctarium.

286 2506 371 2594 [Non
393 2509 592 2592 repetiissem
615 2511 759 2595 profecto
782 2531 861 2595 quae
884 2530 979 2594 supra
1002 2508 1107 2591 quesita
1130 2508 1243 2591 habea,
1273 2509 1336 2572 nisi

197 2620 322 2702 tamen,
352 2618 426 2702 quid
454 2620 586 2685 tandem
613 2623 851 2706 programmate
877 2619 1059 2684 academico
1081 2619 1135 2683 illo
1159 2619 1335 2684 continere·

196 2731 264 2812 tur,
288 2729 438 2813 ignorare
466 2751 519 2793 eos
541 2731 730 2814 noluissem,
755 2731 782 2795 si
809 2731 862 2814 qui
889 2730 955 2794 eius
976 2728 1171 2792 mentionem
1194 2729 1246 2792 hie
1269 2728 1334 2792 illic

196 2838 317 2902 factam
339 2839 495 2904 viderent.
527 2839 651 2924 Quippe
673 2841 793 2926 integri
815 2840 937 2904 hleletii
959 2839 1102 2922 opusculi
1126 2838 1238 2902 edendi
1262 2860 1335 2902 con-

198 2948 304 3012 silium
331 2972 397 3014 non
419 2953 565 3034 poteram
587 2973 653 3014 non
676 2951 817 3034 abicere,
847 2951 940 3014 simul
963 2953 1057 3033 atque
1080 2949 1265 3012 breuissima
1288 2949 1335 3012 in-

197 3061 352 3142 terposito
379 3061 532 3144 temporis
559 3061 663 3144 spatio
698 3061 813 3126 Oxonii
842 3085 870 3125 a.
902 3061 983 3126 1836
1016 3059 1050 3123 in
1082 3060 1186 3122 lucem
1217 3059 1336 3142 prodiit

196 3167 222 3230 I.
251 3169 292 3233 Α.
323 3169 465 3252 Crameri
498 3171 645 3236 volumen
673 3171 722 3235 Ill
756 3171 959 3235 ‘Anecdotcn
985 3191 1172 3254 graecorum
1199 3192 1216 3234 e
1244 3170 1333 3234 codd.

196 3299 270 3340 mse.
306 3279 571 3345 bibliothecarum
602 3281 834 3348 Oxoniensium
866 3281 1118 3364 descriptorum',
1153 3280 1236 3363 (qnod
1269 3281 1335 3364 qui·

198 3386 270 3450 dem
298 3388 446 3454 volumen
474 3391 597 3455 Meletii
624 3392 663 3455 de
691 3397 807 3456 natura
835 3391 972 3455 hominis
1001 3389 1265 3454 commentarium
1287 3391 1335 3454 in-

196 3499 323 3581 tegrum
346 3521 363 3563 e
385 3500 486 3564 tribus
513 3502 673 3567 codicibus
696 3501 879 3566 Bodleianis
906 3501 1044 3585 primum
1072 3522 1186 3584 graece
1215 3499 1334 3564 editum

197 3607 368 3672 exhibebat
395 3633 414 3672 a
435 3634 467 3693 p.
496 3614 509 3674 l
534 3613 574 3676 ad
599 3615 668 3677 157.
714 3613 825 3697 ltaque
853 3633 894 3675 ne
922 3633 1007 3674 nunc
1035 3610 1162 3694 quidem
1190 3611 1334 3674 iteranda

197 3739 234 3780 ea
256 3722 364 3802 parte,
388 3743 483 3803 quam
504 3722 573 3806 ipse
595 3723 671 3786 olim
694 3723 947 3807 publicaveram,
971 3720 1071 3784 videri
1092 3721 1198 3804 potuit
1219 3743 1354 3806 operae·

196 3828 336 3910 pretinm
358 3831 437 3894 fieri.
482 3831 601 3896 Verum
628 3836 737 3897 tamen
760 3833 910 3915 quoniam
937 3834 1065 3915 praeter
1093 3832 1333 3896 Crotoniensem

196 3937 312 4003 librum
335 3941 434 4004 etiam
454 3941 657 4006 Monacensis
680 3947 713 4007 et
739 3965 797 4026 per
819 3943 939 4025 aliquot
961 3945 1074 4006 saltem
1097 3942 1233 4026 paginas
1255 3942 1333 4006 Vin-

196 4047 387 4115 dobonensis
417 4053 541 4135 copiam
569 4051 648 4114 mihi
680 4074 883 4136 paraveram,
918 4074 985 4116 non
1011 4052 1169 4116 inutiliter
1194 4051 1255 4115 hac
1283 4075 1333 4116 me

196 4161 436 4242 opportunitate
466 4163 514 4225 nti
543 4183 635 4246 posse
656 4164 782 4246 putavi,
812 4185 873 4247 qno
896 4166 929 4226 et
950 4163 1080 4227 omnino
1108 4162 1251 4228 codicum
1279 4163 1333 4246 qni

196 4267 299 4333 adhuc
322 4272 440 4336 conlati
462 4276 538 4336 sunt
559 4277 685 4337 mutuas
707 4273 848 4338 rationes
877 4274 987 4356 paucis
1010 4278 1085 4336 ante
1107 4274 1214 4338 oeulos
1236 4295 1332 4356 pone·

195 4401 273 4464 rem,
298 4385 330 4446 et
351 4385 515 4465 tamquam
536 4383 629 4446 flores
645 4383 860 4469 decerperem,
883 4384 997 4468 quibus
1013 4387 1064 4448 sat
1086 4384 1191 4448 aridas
1214 4388 1332 4449 oetero-
