3218 5094
262 398 325 462 650
644 413 691 460 na
714 412 784 459 ono
808 414 852 459 ar
874 413 1015 460 omoua.

261 569 390 631 notatas
412 569 579 629 revocatur
602 564 712 647 putida
735 565 872 649 quadam
896 566 1074 649 diligentia.
1106 565 1191 630 Nam
1214 587 1295 648 cum,
1319 589 1402 649 quae

262 676 456 740 aveteribus
479 678 563 755 πάθη
586 676 793 758 vocabantur,
818 678 863 739 eis
879 676 1115 758 contineantur,
1139 699 1217 758 quas
1234 697 1291 740 nos
1307 676 1401 740 hodie

259 795 377 865 fiemus
398 793 613 866 etymoloqicos
636 785 849 868 appellamus:
887 787 1097 869 nequeenim
1120 763 1247 868 πάθειι,
1272 787 1311 850 de
1333 787 1400 869 qui·

263 897 320 960 bus
348 896 400 960 hio
428 896 569 980 agimus,
598 896 650 958 vel
678 896 873 978 syntecticus
897 899 929 959 et
951 896 1126 960 rhetoricas
1154 897 1273 980 figuras
1301 896 1401 960 adnu-

262 1007 445 1089 merahant,
483 1028 564 1089 quae
593 1009 669 1069 sunt
696 1007 827 1087 τρόποι,
861 1006 911 1068 vel
939 1005 1011 1069 illas
1045 1006 1271 1070 vocabulorum
1298 1010 1401 1069 muta-

262 1117 382 1198 tioueS,
407 1137 488 1199 quae
510 1137 567 1198 per
590 1119 834 1199 apostrophum,
862 1116 992 1199 hyphen
1015 1119 1048 1179 et
1069 1117 1313 1200 hypodiastolen
1334 1117 1416 1180 fac--

260 1232 314 1292 tae
337 1228 415 1291 item
437 1228 521 1305 πάθη
544 1227 704 1308 dicuntur,
728 1227 782 1290 sed
805 1248 879 1308 pars
894 1230 970 1289 sunt
992 1227 1175 1312 apocqrbiuc
1199 1226 1255 1310 (of.
1272 1226 1401 1290 Scholia

260 1339 295 1402 in
310 1337 499 1421 Dionysium
523 1337 679 1400 Thracem
701 1359 732 1419 p.
750 1336 822 1399 674.
846 1337 919 1400 683.
943 1337 1015 1401 695.
1041 1337 1113 1402 703.
1138 1337 1199 1400 709
1215 1359 1282 1420 sqq.
1307 1337 1401 1420 713):

260 1452 369 1512 tamen
392 1448 474 1512 Orus
497 1447 624 1530 quidem
646 1449 831 1530 plerumque
853 1447 1041 1529 simpliciter
1062 1450 1189 1510 tantum
1213 1450 1268 1510 aut
1290 1450 1400 1512 πλεο-

260 1563 389 1641 νοιμῷ
424 1561 480 1620 aut
514 1564 638 1641 τροπῇ
673 1559 729 1620 aut
757 1565 928 1641 ιυγκοπῇ
962 1559 1019 1619 aut
1052 1559 1229 1640 ἀποβολῇ
1263 1557 1400 1620 formam

260 1689 416 1752 quamque
448 1667 517 1731 fieri
550 1668 691 1751 notavit,
727 1690 792 1730 non
825 1689 940 1730 curans
972 1667 1040 1730 fere
1071 1667 1276 1730 artificiosam
1304 1667 1400 1730 istam

259 1779 422 1842 variarum
456 1777 667 1860 partitionum
699 1777 954 1860 multitudinem,
993 1799 1055 1860 qua
1083 1777 1184 1839 'velut
1215 1776 1250 1839 in
1282 1776 1401 1859 viginti

260 1889 381 1971 speeies
410 1888 653 1971 distinguuntur
680 1888 880 1966 πλεοναεμό(
903 1891 935 1950 et
957 1888 1064 1952 ἔνδεια
1085 1907 1221 1970 genera,
1247 1886 1280 1948 in
1303 1887 1401 1965 πρό(-

259 2005 360 2076 θειιν,
402 1998 633 2079 ἀναδίπλωιιν,
675 1997 814 2078 ἔκταιιν,
850 1999 1037 2076 παρένθειιν
1050 2047 1058 2078 ,
1092 1997 1316 2075 παρέμπτωειν
1349 1997 1399 2058 νο]

260 2108 418 2185 ἔλλειψιν,
441 2108 668 2186 παρέλλειψιν,
691 2107 849 2186 ἔκθλιψιν,
878 2107 1049 2184 ἀποκοπήν
1073 2107 1105 2168 et
1127 2127 1208 2188 quae
1230 2108 1305 2168 sunt
1328 2104 1403 2167 reli-

259 2237 351 2300 quae.
397 2215 487 2290 Quod
522 2238 593 2280 oum
621 2216 667 2278 ita
695 2216 752 2298 sit,
787 2238 845 2280 nos
879 2237 1002 2300 quoque
1031 2217 1063 2278 et
1096 2215 1233 2278 libenter
1266 2218 1299 2278 et
1330 2215 1401 2278 iure

260 2329 369 2391 nostro
397 2327 432 2388 in
466 2326 634 2389 afferendis
668 2327 724 2390 Ori
758 2326 950 2409 fragmentis
985 2324 1259 2408 supersedebimus
1293 2325 1401 2388 inutili

258 2437 322 2501 ista
343 2437 518 2500 formarum
540 2436 765 2520 descriptione.
797 2434 858 2511 Qui
874 2436 971 2516 enim,
995 2457 1089 2518 quam
1106 2455 1147 2498 ue
1170 2435 1402 2517 grammaticus

259 2547 386 2631 quidem
402 2546 539 2630 singulis
561 2546 779 2610 notationibus
796 2545 1012 2610 constantiam
1028 2543 1219 2624 adhibuerit,
1242 2544 1277 2607 in
1293 2543 1400 2607 distri-

178 2671 185 2680 '
208 2664 240 2713 62
259 2656 384 2721 bucndo
406 2658 474 2739 ipse
497 2657 633 2720 teneas?
669 2678 731 2740 quo
754 2655 887 2738 accedit,
912 2655 994 2738 quod
1017 2655 1102 2718 haud
1124 2675 1197 2718 raro
1221 2654 1402 2737 complures

259 2768 382 2833 πάθον(
408 2767 528 2829 formas
556 2765 590 2828 in
612 2789 677 2830 uua
706 2767 871 2830 notatione
893 2765 1019 2828 iunctas
1041 2764 1149 2828 habes.
1196 2763 1401 2846 Omninoque
1588 2819 1589 2828 .

258 2899 354 2961 quam
383 2876 502 2959 poterit
528 2874 713 2940 brevissime
740 2876 801 2940 hoo
829 2897 923 2939 onme
953 2878 1049 2959 eaput
1077 2873 1322 2957 transigendum
1352 2877 1403 2936 cst
1435 2937 1442 2946 ,

258 2989 389 3070 propter
415 2985 637 3049 incredibilem
664 2986 750 3049 illius
778 2987 944 3049 doetrinae
972 2985 1189 3066 ieirmitatem,
1224 3003 1305 3065 quae
1335 3003 1400 3046 non

258 3099 365 3180 potest
392 3095 546 3159 hodierno
575 3095 786 3180 grammatico
814 3118 879 3160 non
907 3116 1064 3158 summum
1094 3115 1200 3158 creare
1223 3092 1399 3156 fastidium.

259 3204 473 3270 Coniunctum
496 3206 557 3269 hoc
579 3209 628 3270 est
651 3227 723 3269 oum
746 3206 790 3269 eis
807 3227 887 3290 quae
910 3205 948 3268 de
972 3203 1192 3268 imbecillitate
1215 3201 1402 3284 etymolo-

259 3316 376 3400 gieae
398 3316 478 3380 artis
500 3337 597 3398 supra
620 3316 743 3378 monui:
768 3337 849 3398 quae
874 3337 945 3378 eum
969 3314 1064 3378 certis
1087 3313 1236 3396 aquibus
1258 3311 1401 3394 proficis-

259 3429 384 3490 ceretur
412 3425 581 3510 principiis
609 3426 763 3508 quibusve
788 3425 1103 3489 circunscriberetur
1124 3423 1241 3487 finibus
1265 3423 1400 3503 careret,

257 3536 293 3599 in
321 3558 478 3600 summam
506 3535 597 3617 lapsa
626 3535 815 3616 coniciendi,
851 3535 948 3598 immo
983 3533 1191 3598 halucinandi
1220 3531 1399 3614 libidinem,

258 3667 339 3730 quae
362 3646 443 3710 nihil
467 3645 527 3709 sibi
550 3667 615 3708 non
638 3645 762 3708 licitum
777 3645 917 3726 duceret,
942 3648 1066 3707 vastam
1081 3643 1198 3706 molem
1220 3641 1403 3724 procreavit

258 3756 536 3839 captiuncularum
558 3776 671 3838 parurn
694 3755 930 3818 fructuosarum
953 3757 985 3817 et
1007 3752 1166 3817 sterilium
1188 3751 1400 3837 argutiarum.
1588 3741 1589 3748 ἔ

258 3865 476 3950 Quapropter,
507 3887 579 3928 cum
608 3886 667 3948 par
694 3865 738 3929 sit
759 3863 851 3928 huius
874 3862 1002 3947 generis
1025 3863 1133 3926 vilitas
1157 3866 1252 3945 atque
1275 3861 1404 3924 bonitas

259 3975 461 4040 ethnicarum
495 3975 769 4038 observationum:
807 3975 876 4058 pari
906 3977 1001 4057 atque
1035 3972 1093 4036 has
1121 3971 1292 4056 diligentia
1325 3970 1405 4036 illud

257 4086 406 4169 persequi
428 4084 540 4148 licebit
560 4084 786 4166 festinatione,
816 4087 852 4147 ut
880 4083 947 4146 fere
968 4084 1005 4158 in
1028 4081 1252 4146 enumerandis
1274 4083 1405 4144 tantum

259 4195 395 4278 siugulis
429 4193 648 4259 notationibus
676 4215 774 4276 opera
802 4197 912 4257 nostra
940 4197 1106 4256 versatura
1129 4193 1181 4255 sit.
1226 4191 1266 4256 ln
1288 4189 1406 4272 quibus

260 4325 339 4367 sane
361 4326 426 4368 non
449 4304 575 4385 desunt,
600 4303 715 4387 quibus
739 4303 867 4366 aliunde
891 4309 987 4386 atque
1011 4323 1049 4366 ex
1073 4301 1267 4384 etymologia
1288 4305 1405 4364 παθῶν

261 4433 321 4495 ope
345 4413 505 4497 explicata
529 4413 729 4496 aliquantum
752 4413 803 4475 vel
822 4412 1014 4486 ¹eruditionis
1044 4413 1093 4475 vel
1121 4409 1277 4475 acuminis
1301 4429 1408 4472 acces-

1588 4574 1589 4630 l
