3254 5092
249 335 308 401 186
648 339 978 402 un'smcnonsram

245 506 356 582 ἐννέα,
379 505 471 571 ἑνόε
494 507 646 586 βιβλίου
668 507 800 586 χώραν
823 506 1043 586 ἐπεχούιηι
1064 509 1120 583 τῆς
1141 505 1310 571 Πολιτεία(
1332 509 1382 573 καὶ

246 616 335 680 {vde
363 619 430 680 τῶν
459 616 586 696 Νόμων.
638 615 707 690 Qua
734 615 860 698 quidem
889 615 1035 679 cautione
1063 637 1129 679 uon
1156 637 1235 698 opus
1263 617 1380 700 fuerat,

245 724 309 788 nisi
331 724 471 808 vulgaris
494 747 568 788 usus
591 725 711 806 βιβλίον
734 725 873 788 nominis
894 727 1090 809 repugnaret
1113 726 1137 808 λ.
1181 724 1293 809 Itaque
1315 749 1381 791 non

243 833 402 899 immerito
424 834 510 898 hune
531 857 623 899 usum
645 835 793 918 loquendi
815 834 993 899 videbimur
1015 835 1049 898 in
1074 834 1283 900 bibliothecas
1306 838 1380 901 Ale-

245 944 418 1008 xandrinas
440 945 653 1009 transtulisse.
699 944 817 1028 Aliqua
839 965 877 1008 ex
900 949 991 1028 parte
1013 945 1075 1010 hue
1096 945 1261 1028 pertinent
1283 947 1380 1010 etiam

244 1053 369 1138 Digest.
393 1054 408 1118 I
430 1055 481 1118 tit.
498 1053 518 1118 2
533 1055 573 1118 fr.
590 1055 611 1118 2
629 1059 649 1136 β
664 1055 705 1120 43
727 1055 808 1119 haee
829 1055 941 1119 verba:
964 1061 1053 1120 buius
1076 1053 1206 1140 (Servii)
1229 1061 1379 1122 volumine

243 1171 402 1244 complura
416 1175 553 1238 euredum
568 1171 691 1244 reliquii
705 1176 804 1229 autem
814 1186 915 1245 prope
928 1175 1045 1230 centum
1060 1176 1090 1230 et
1105 1172 1261 1244 oetopimu
1275 1171 1378 1231 libros.

245 1273 357 1336 Altera
380 1274 465 1338 enim
487 1296 525 1337 ex
553 1277 644 1357 parte
671 1275 731 1338 hoe
753 1275 932 1359 exemplum
955 1275 1000 1339 eis
1022 1275 1237 1358 adiciendum,
1266 1275 1379 1359 quibus

189 1415 193 1424 ·
244 1382 406 1470 docuimus
429 1407 461 1467 p.
486 1384 547 1448 135
568 1384 743 1468 posteriore
765 1388 887 1468 aetate,
912 1407 983 1450 cum
1004 1407 1198 1469 papyrorum
1218 1385 1254 1448 in
1275 1385 1380 1450 locum

245 1493 367 1558 codices
390 1494 673 1576 substituerentur,
699 1497 811 1578 coepta
826 1516 895 1559 esse
916 1497 1011 1575 τεύχη
1034 1499 1067 1558 et
1089 1495 1190 1576 βιβλία
1211 1494 1377 1579 distingui.

243 1603 335 1667 Adde
350 1603 392 1668 Vl
408 1605 539 1687 pianum
554 1604 630 1688 Dig.
647 1603 773 1668 XXXII
786 1605 838 1669 tit.
854 1627 908 1669 un.
932 1605 972 1668 fr.
988 1605 1030 1670 52
1046 1609 1066 1686 β
1084 1606 1118 1668 1:
1148 1608 1186 1668 Si
1197 1611 1250 1669 eui
1261 1615 1379 1669 eentum

242 1697 316 1778 libri
334 1721 395 1778 sint
415 1720 524 1793 lopati,
548 1725 666 1779 eentum
688 1721 839 1779 volumino
860 1723 890 1779 ei
909 1721 1061 1791 dabimus,
1083 1733 1142 1778 mon
1164 1723 1279 1779 centum
1301 1735 1380 1794 quae

243 1831 309 1904 quis
330 1831 453 1904 inperio
473 1845 528 1888 suo
548 1832 667 1889 metitus
689 1837 754 1888 est.
774 1873 807 1889 ..
842 1831 880 1890 Vi
896 1839 976 1905 puta
997 1845 1063 1890 eum
1078 1828 1203 1890 baberet
1216 1829 1378 1888 Homerum

203 1935 206 1942 ’
242 1944 334 1999 ictum
356 1941 387 1998 in
409 1953 470 1998 imo
484 1941 646 2016 volumine,
670 1955 730 1999 ιιοιι
750 1939 958 2014 quadrupiuta
973 1947 1037 2000 ceto
1057 1941 1150 1999 libros
1163 1945 1378 2014 computamus,

242 2049 297 2108 sed
311 2065 401 2109 unum
416 2049 542 2108 Homeri
554 2051 690 2108 uolumen
701 2065 763 2123 pro
777 2049 855 2108 libro
870 2051 1079 2125 accipiendum
1094 2057 1146 2109 esi.
1160 2043 1379 2107 -Postremo

243 2153 439 2238 quodetiam
461 2153 604 2238 singulus
625 2157 733 2236 partes
754 2154 900 2239 integrae
917 2155 1100 2238 scriptionis
1116 2153 1248 2217 alieuius
1264 2153 1378 2238 (Buch-

243 2266 469 2345 ubiiueiluupen)
485 2285 551 2328 non
565 2285 739 2348 numquam
761 2263 845 2328 binis
868 2265 1080 2329 voluminibus
1103 2263 1290 2328 distributas
1311 2284 1379 2327 ease

243 2398 274 2459 p.
303 2376 355 2438 31.
387 2374 445 2438 127
475 2374 777 2458 demonstravimus,
814 2375 880 2438 eius
913 2376 959 2438 rei
992 2374 1148 2459 imprimis
1180 2374 1378 2438 memorabili

243 2486 432 2550 documento
460 2487 535 2547 sunt
561 2484 645 2566 apud
672 2484 813 2548 Plinium
834 2483 939 2567 Epist.
968 2483 1027 2566 HI,
1055 2485 1077 2548 5
1105 2483 1253 2547 avunculi
1281 2483 1379 2547 Plinii

242 2601 379 2660 Studiosi
398 2594 470 2658 libri
493 2607 568 2670 tres,
594 2602 624 2658 ιἰι
643 2615 698 2658 sex
713 2601 864 2658 volumina
881 2605 1013 2674 propter
1031 2599 1257 2673 amplitudinem
1280 2599 1378 2658 divisi.

243 2706 445 2787 Omninoque
460 2707 580 2787 quanto
595 2703 699 2767 studio
714 2703 848 2767 nimium
863 2704 1015 2767 librorum
1031 2703 1186 2766 ambitum
1200 2703 1379 2786 antiquiore

242 2815 369 2899 quidem
401 2817 507 2877 aetate
542 2812 701 2897 fugerint,
739 2816 790 2876 sat
823 2813 974 2898 gravibus
1007 2813 1206 2897 argumentis
1240 2815 1376 2876 constat.
1404 2860 1407 2870 .

243 2923 411 2989 Suetonius
433 2923 472 2986 de
493 2922 609 2986 illustr.
633 2944 769 3007 gramm.
793 2923 829 2986 2:
859 2929 891 2988 0.
918 2926 1057 2988 Octauius
1078 2926 1249 3003 Lampadio
1271 2927 1382 2986 Naevii

245 3040 390 3098 Punicum
412 3039 534 3116 bellum,
563 3039 646 3112 quod
665 3055 726 3098 uno
748 3040 896 3098 uolumine
916 3044 946 3097 et
966 3040 1133 3098 continenti
1151 3038 1306 3110 scripture
1327 3053 1379 3096 ex-

237 3150 370 3224 positum
390 3149 490 3208 divisit
510 3149 541 3207 ιἰι
563 3155 674 3224 septem
695 3149 798 3207 libros.
841 3142 984 3226 Scriptor
998 3142 1160 3206 Rhetorio.
1178 3141 1218 3205 ad
1233 3140 1377 3206 Herenn.

242 3253 268 3336 Ι,
287 3254 337 3334 17,
353 3253 410 3316 27:
433 3233 522 3318 Nunc
542 3261 684 3333 quonium
699 3259 772 3318 ruiis
794 3257 883 3316 huius
904 3258 1060 3316 uoluminis
1080 3257 1258 3330 mcpmitudo
1273 3259 1377 3329 erevit,

241 3369 479 3428 commodiorem
500 3370 532 3427 ιἰι
548 3369 642 3427 aliero
653 3368 742 3427 ¹libro
764 3368 802 3425 de
815 3369 923 3426 ceteris
943 3367 1032 3426 rebus
1054 3367 1196 3442 deinceps
1210 3381 1379 3441 exponere:

241 3495 280 3538 me
311 3493 372 3552 qua
400 3485 530 3553 propter
561 3477 780 3536 multitudinem
811 3477 979 3536 litterarum
1007 3479 1105 3552 possit
1135 3479 1266 3537 animum
1295 3483 1377 3537 tuum

242 3587 423 3661 desaiipuir'o
449 3589 623 3646 retardare.
669 3581 717 3645 Of.
742 3579 957 3646 Schwarzium
979 3581 1017 3646 de
1040 3603 1106 3646 orn.
1130 3581 1202 3647 libr.
1223 3605 1255 3666 p.
1271 3582 1313 3646 65
1329 3602 1375 3664 sq.

708 3702 782 3709 —..
824 3705 911 3712 ---

327 3779 356 3841 7.
386 3777 470 3842 Satis
498 3776 537 3839 de
564 3776 614 3839 his
642 3775 776 3840 dictum:
804 3775 1026 3860 progredimur
1053 3776 1093 3839 ad
1121 3775 1378 3840 Heliodorum

242 3889 288 3952 rei
310 3887 461 3952 metricae
484 3889 656 3950 auctorem.
702 3885 751 3949 De
773 3907 834 3968 quo
850 3907 869 3948 a
884 3885 977 3948 uobis
999 3885 1162 3970 disputata
1181 3908 1213 3969 p.
1234 3887 1292 3952 138
1308 3908 1375 3970 sqq.

310 4091 335 4157 ⁸¹²)
355 4087 428 4153 Quos
446 4105 497 4140 nos
520 4086 602 4141 hodie
625 4086 704 4140 unius
722 4093 809 4156 operis
827 4087 854 4152 (i.
874 4105 897 4140 a.
919 4087 1045 4155 mtegrae
1068 4086 1235 4156 scriptionis)
1255 4087 1377 4156 singulos

243 4187 322 4236 libros
344 4181 529 4250 appellamus,
552 4179 694 4248 complura
716 4185 838 4234 νοῐαιιιίιια
860 4185 931 4234 unius
948 4186 1066 4248 eorporis
1088 4179 1158 4233 diruit
1175 4177 1321 4234 Suetonius
1343 4179 1378 4233 dc

241 4275 339 4327 illustr.
364 4290 480 4341 gramm.
505 4279 533 4325 6:
563 4279 750 4342 composuitque
775 4279 862 4326 verice
884 4277 1034 4327 eruditionis
1060 4279 1158 4341 aliquot
1178 4277 1312 4334 volumina,
1342 4293 1377 4326 eae

242 4370 330 4437 quitur
347 4385 433 4422 nouem
450 4373 522 4420 reniae
540 4372 666 4436 eorporis.
700 4365 758 4420 Nee
775 4381 839 4422 raro
858 4365 897 4422 sic
914 4385 1008 4436 corpur
1025 4365 1130 4420 dietum
1148 4366 1177 4421 ot
1194 4385 1315 4434 corpora.
