3218 5094
591 377 639 427 nn
662 377 732 428 ono
754 379 799 426 nr
822 377 964 426 omonn
1283 355 1345 424 627

207 531 243 594 in
264 531 322 594 illa
349 531 637 595 diversissimarum
665 553 760 615 saepe
787 532 990 596 notationum
1016 528 1182 612 farragine
1209 527 1252 590 ab
1280 530 1346 610 ety-

205 641 342 725 mologis
365 641 661 726 conglutinatarum
683 641 871 705 difficillime
886 639 1076 723 quibusdam
1090 640 1126 702 in
1140 637 1218 702 locis
1241 637 1347 701 decer·

206 773 281 833 nas,
316 751 432 835 quibus
464 751 596 815 tandem
627 750 744 815 finibus
763 734 872 834 ipsius
902 751 958 814 Ori
990 748 1170 813 observatio
1203 768 1347 832 quaeque

205 860 412 944 terminetur,
441 865 511 925 tum
534 865 647 946 suapte
674 866 791 926 natura
813 882 907 925 verae
930 861 998 924 eius
1020 859 1259 924 observationes
1281 879 1347 920 non
1364 871 1398 918 42

206 992 327 1054 paucae
347 971 395 1034 ita
418 975 621 1054 comparatae
651 974 728 1035 sunt
753 973 806 1052 ut,
836 971 876 1033 ad
904 991 998 1054 quem
1020 969 1221 1054 potissimum
1241 969 1347 1032 locum

205 1082 453 1166 grammaticum
488 1085 654 1164 spectent,
695 1081 788 1146 valde
820 1081 864 1144 sit
896 1081 1093 1165 ambiguum.
1143 1081 1251 1164 Atque
1287 1077 1348 1142 hoc

206 1212 309 1275 genus
341 1192 408 1255 suis
434 1193 513 1255 locis
545 1213 786 1276 persequemur:
823 1192 911 1275 prius
947 1193 1054 1255 autem
1085 1189 1166 1254 illud
1199 1210 1240 1252 ne
1271 1187 1347 1272 quid

205 1302 298 1365 nobis
320 1301 441 1370 fraudis
463 1303 578 1386 pariat,
604 1305 637 1365 et
650 1301 823 1386 diligenter
844 1301 962 1384 ubique
983 1299 1159 1366 observatis
1174 1299 1204 1378 ἦ,
1219 1300 1256 1363 δέ
1276 1319 1348 1381 par-

206 1410 313 1474 ticulis
337 1412 530 1494 cavebimus,
555 1414 588 1476 et
609 1412 711 1476 sicubi
732 1412 768 1476 in
791 1411 976 1474 coniectura
997 1412 1137 1494 positum
1159 1409 1216 1490 sit,
1240 1411 1348 1470 utrum

207 1521 247 1584 ad
278 1520 378 1585 Orum
406 1523 592 1605 pertineant
624 1523 658 1585 in
686 1521 801 1606 quibus
828 1522 973 1584 versetur
1001 1519 1192 1603 disputatio,
1237 1539 1279 1581 an
1307 1517 1348 1580 ad

207 1631 287 1695 alios
309 1652 522 1716 quoscumque
545 1632 783 1716 grammaticos,
807 1630 945 1695 fideliter
966 1633 1023 1693 aut
1045 1629 1269 1693 adnotabimus
1292 1629 1349 1690 aut

206 1741 297 1804 uncis
336 1741 599 1826 significabimus.
651 1741 851 1825 Quamquam
883 1761 984 1804 unum
1016 1740 1166 1824 quiddam
1203 1737 1348 1822 profecto

208 1849 454 1915 condonandum
476 1855 535 1915 est.
581 1851 652 1916 Etsi
676 1853 772 1934 enim,
797 1873 878 1936 quae
902 1851 1074 1914 coniuncta
1096 1852 1172 1914 sunt
1194 1869 1266 1912 cum
1290 1847 1348 1912 Ori

207 1981 331 2044 quaque
353 1961 585 2044 observatione,
598 1966 780 2047 propterea
795 1981 998 2046 nequaquam
1013 1964 1089 2024 sunt
1110 1959 1172 2043 ipsi
1188 1959 1253 2022 Oro
1274 1957 1348 2020 ilico

206 2070 387 2154 tribuenda,
411 2075 521 2136 tamen
542 2073 612 2136 iure
634 2072 772 2155 quodam
794 2075 905 2136 nostro
921 2071 1031 2135 eadem
1047 2091 1142 2153 saepe
1165 2068 1348 2152 putabimus

206 2180 291 2244 viam
313 2185 490 2245 monstrare
506 2183 563 2247 Ori
585 2185 758 2266 praecepta
780 2183 820 2246 ad
843 2203 934 2246 suum
955 2181 1100 2265 quodque
1123 2182 1221 2264 capnt
1242 2199 1348 2263 gram-

206 2291 360 2354 maticum
381 2291 551 2356 referendi.
596 2291 695 2356 Velut
723 2314 761 2356 ex
784 2297 1005 2370 orthoyropln'a
1027 2292 1130 2374 petita
1153 2311 1237 2370 esse,
1266 2307 1348 2371 quae

205 2400 241 2464 in
262 2399 370 2484 Etym.
396 2401 478 2464 Gud.
501 2425 533 2486 p.
560 2403 630 2484 129,
654 2403 697 2466 20
719 2405 752 2466 et
773 2401 942 2486 Excerptis
963 2399 1072 2464 Koesii
1094 2423 1125 2483 p.
1152 2399 1224 2478 190,
1245 2397 1287 2461 38
1309 2396 1348 2460 de

205 2515 419 2592 γραμματεῖον
441 2512 595 2577 vocabulo
620 2513 814 2596 produntur,
850 2535 888 2576 ex
911 2513 956 2574 eis
980 2510 1175 2594 colligimus,
1205 2506 1348 2592 quaeda

207 2623 453 2700 γραμματείδιον
487 2625 520 2686 et
550 2623 779 2703 γραμματίδιον
819 2623 979 2705 scriptura
1010 2620 1176 2704 disputata
1209 2619 1250 2682 ab
1282 2617 1348 2680 illis

207 2730 421 2814 excipiuntur.
466 2730 535 2806 Quo
564 2733 765 2796 coniecturae
794 2753 912 2817 genere
941 2731 1037 2795 facile
1059 2728 1362 2814 supersederemus„

206 2841 327 2904 sicam
358 2841 562 2926 diligentiam
590 2841 765 2926 etymologi
793 2843 994 2905 constantius
1021 2840 1218 2921 tenuissent,
1252 2859 1348 2922 quam

206 2952 317 3034 paucis
339 2952 374 3015 in
396 2951 474 3015 locis
496 2952 686 3035 praestitam
709 2951 935 3017 collaudamus.
973 2951 1020 3014 Vt
1040 2949 1094 3015 Et.
1119 2949 1201 3014 Gud.
1225 2971 1257 3032 p.
1273 2948 1347 3030 350,

205 3061 263 3143 43,
294 3059 371 3125 Zon.
402 3084 433 3145 p.
460 3061 558 3126 1260:
595 3064 632 3126 τὸ
656 3065 712 3141 μὲν
735 3067 867 3143 πρῶτον
890 3063 989 3143 Ὦρος
1012 3062 1030 3126 ὁ
1055 3062 1222 3139 Muttines,
1249 3063 1348 3124 τοῦτο

206 3173 242 3235 δὲ
263 3173 461 3251 Ἡρωδιανὸς
484 3173 556 3253 περὶ
577 3177 707 3237 παθῶν·
729 3172 779 3235 vel
801 3171 856 3235 Et.
874 3171 919 3235 M.
937 3195 968 3256 p.
986 3171 1059 3254 821,
1074 3171 1132 3234 24:
1154 3172 1192 3236 τὸ
1215 3173 1347 3250 πρῶτον

202 3279 318 3360 Ὦρος,
352 3281 391 3345 τὸ
423 3283 575 3361 δεύτερον
609 3282 716 3347 ἄλλος.
761 3281 907 3346 Eandem
940 3281 1041 3366 igitur
1069 3281 1103 3343 in
1136 3283 1262 3364 partem
1292 3277 1348 3341 illa

206 3390 457 3473 interpretamur
478 3412 510 3472 p.
527 3391 600 3474 636,
624 3392 662 3455 18
684 3392 784 3473 Ὥρα(
805 3395 856 3456 καὶ
877 3392 979 3470 ἄλλοι,
1002 3394 1039 3454 ut
1061 3390 1118 3455 Ori
1140 3410 1208 3453 esse
1228 3387 1346 3472 priora,

207 3499 342 3564 aliorum
364 3500 485 3584 placita
507 3500 653 3564 subnecti
675 3503 695 3581 ἤ
718 3503 877 3586 particula
900 3503 1064 3584 putemus:
1098 3499 1117 3578 ἢ
1139 3501 1227 3578 παρὰ
1249 3499 1349 3562 τὸτὰ

207 3609 287 3695 (non
309 3611 456 3692 περὶτὰ)
479 3632 503 3674 κ.
526 3633 551 3675 τ.
574 3614 601 3675 λ.
645 3611 690 3674 nt
712 3611 860 3675 similiter
882 3610 1047 3675 Methodio
1062 3610 1189 3692 Oraque
1210 3607 1348 3671 fortasse

206 3719 427 3783 distribuenda
449 3721 540 3803 sunt,
569 3741 650 3804 quae
673 3720 712 3784 dc
739 3721 902 3800 ἀκάμανο(
924 3743 1001 3785 voce
1023 3719 1194 3804 dupliciter
1216 3718 1347 3781 tradun-
1444 3735 1451 3748 ·

206 3833 312 3913 turp.
336 3830 388 3914 45,
411 3831 442 3894 2.
465 3869 508 3878 —
530 3829 592 3894 Sed
613 3852 681 3894 rem
703 3832 808 3914 ipsam
831 3830 1018 3915 aggredior,
1042 3829 1146 3913 primo
1167 3829 1248 3910 lonc,
1273 3849 1348 3912 quo-

205 3959 277 4005 rum
299 3943 331 4004 et
353 3941 458 4005 brevis
481 3943 530 4004 est
545 3943 578 4004 et
592 3962 711 4024 anceps
734 3941 916 4026 explicatio,
940 3941 1113 4024 positurus,
1138 3937 1178 4002 ad
1199 3937 1348 4001 uberiora

207 4051 314 4133 capita
334 4052 531 4116 transiturus
553 4051 716 4135 deinceps.

290 4161 321 4224 2.
365 4161 411 4224 Et
446 4162 486 4224 ad
519 4161 663 4225 libellum
694 4163 783 4242 περὶ
821 4161 1051 4240 ἑγκλιτικῶν
1083 4161 1233 4241 μορίων
1264 4155 1346 4224 nihil

206 4265 308 4332 habeo
329 4270 412 4352 qnod
434 4271 582 4336 referam.
598 4271 683 4336 -Ε
700 4273 938 4336 commentariis
953 4275 1061 4336 autern
1083 4281 1216 4336 contra
1232 4275 1347 4351 Pliry-

207 4383 353 4445 m'clrum
381 4379 510 4464 scriptis
538 4381 661 4446 conicio
689 4405 787 4447 unam
814 4383 1069 4448 observationem
1091 4403 1273 4465 superesse,
1305 4381 1347 4445 ab

1080 4483 1146 4550 40*
