3226 5096
238 382 298 446 134
537 395 789 444 eouonmurvn
812 393 1079 442 msevramoms

236 572 297 634 quo
319 549 401 614 dixit
422 549 599 614 Lobeckius
622 548 783 634 Aglaoph.
807 547 823 612 I
846 570 876 632 p.
899 547 960 612 337
984 571 1031 631 sq.
1076 547 1124 610 Dc
1157 545 1208 610 his
1230 545 1377 610 omnibus
1604 515 1605 542 i

236 660 309 744 quid
334 660 488 743 sentiam,
518 659 658 724 breviter
680 680 849 742 exponam.
893 657 964 722 Etsi
987 657 1073 721 enim
1094 655 1216 721 habeut
1238 657 1377 741 aliquam

236 769 473 854 probabilitatis
504 769 659 854 speeiem,
694 773 804 833 tamen
837 790 898 832 nec
931 767 1062 832 concedi
1095 768 1181 831 omni
1214 789 1252 830 ex
1286 769 1377 850 parte
1604 777 1605 824 1

189 897 219 946 13
237 884 386 964 possunt,
415 883 462 964 et,
494 881 521 945 si
543 884 690 964 possent,
714 879 837 943 nullam
858 879 1016 943 haberent
1037 878 1262 942 necessitatem
1284 899 1377 962 argu·

236 991 412 1056 mentandi.
451 993 501 1056 Ac
523 991 661 1074 primum
680 1012 721 1054 ne
744 1011 802 1073 per
816 1011 850 1053 se
872 989 998 1073 quidam
1013 988 1196 1053 Herodorus
1215 989 1276 1053 iste
1299 989 1377 1052 satis
1604 1003 1605 1040 1

237 1101 328 1166 uobis
358 1101 614 1166 commendatur:
644 1100 697 1183 qui
725 1121 785 1163 nec
813 1099 852 1163 dc
874 1099 1053 1164 Homericis
1076 1099 1287 1180 carminibus,
1317 1121 1377 1163 nae

237 1211 276 1275 de
309 1211 494 1293 Pisistrato,
526 1231 587 1275 nec
620 1210 658 1273 de
687 1210 891 1291 Crotoniatae,
925 1231 1018 1292 quem
1051 1209 1155 1294 ipsum
1188 1209 1375 1293 expetimus

239 1321 367 1404 Orpheo
388 1321 506 1384 librum
527 1320 718 1404 prodiderit,
742 1319 796 1383 scd
818 1319 857 1383 de
878 1319 1006 1403 Orpheo
1028 1320 1083 1383 illo
1104 1322 1210 1383 vetere
1233 1322 1265 1383 et
1286 1319 1377 1385 fabu-

239 1431 315 1496 loso.
368 1431 503 1495 Accedit
536 1431 634 1514 quod,
668 1430 695 1493 si
729 1433 833 1494 certus
865 1430 957 1494 testis
990 1429 1290 1514 circumspiciendus
1323 1431 1375 1513 sit,

238 1543 338 1605 multo
365 1541 562 1625 probabilius
585 1563 623 1605 ex
647 1539 847 1623 Asclepiadis
870 1539 1028 1624 Myrlcani
1055 1542 1128 1621 περὶ
1154 1545 1376 1621 γραμματικῶν

240 1651 475 1716 commentariis
490 1651 567 1715 illud
584 1650 802 1714 testimonium
817 1653 1031 1734 propagatum
1043 1649 1225 1714 Nitzschius
1242 1651 1379 1715 coniecit

239 1762 478 1826 Meletematum
500 1762 539 1826 de
561 1761 635 1824 hist.
653 1759 747 1824 Hom.
764 1760 807 1842 ll,
830 1761 898 1844 4p.
918 1761 967 1843 17,
991 1781 1125 1844 quocum
1142 1761 1183 1824 cf.
1212 1761 1377 1826 Lehrsium

237 1872 258 1936 l.
277 1895 304 1936 e.
321 1894 352 1955 p.
372 1873 408 1936 ll
427 1869 512 1960 [436]
530 1894 577 1956 sq.
614 1869 699 1934 Nam
722 1891 777 1934 cur
799 1871 837 1934 de
858 1871 1030 1934 Aristonici
1054 1873 1125 1950 περὶ
1147 1875 1206 1937 τοῦ
1233 1872 1268 1937 ἐν
1293 1873 1377 1938 Ἀλε-

238 1981 386 2066 ξανδρείᾳ
409 1980 572 2048 Μουεείου
593 1981 674 2045 libro
697 1981 746 2044 vel
769 1981 874 2064 potius
897 1981 935 2044 de
958 1980 1086 2063 Sopatri
1109 2002 1147 2044 ex
1170 1981 1225 2044 illo
1247 1981 1378 2067 Eclogis

240 2114 310 2156 cum
325 2091 466 2155 Prellero
481 2091 600 2155 Polam.
622 2090 739 2174 fragm.
756 2113 788 2174 p.
808 2090 869 2155 179
890 2091 1080 2176 cogitemus
1105 2113 1171 2155 non
1193 2095 1243 2155 est
1263 2091 1378 2156 idonea

239 2202 321 2266 ratio
349 2202 382 2266 in
410 2205 569 2286 promptu.
628 2200 753 2265 Deinde
781 2205 961 2265 nostrorum
990 2223 1088 2266 unum
1118 2207 1378 2287 argrmrentonun

239 2312 464 2396 Bernhardyus
487 2333 528 2375 ne
551 2311 661 2396 attigit
682 2310 818 2394 (pridem.
865 2312 895 2374 A
921 2334 982 2396 quo
1005 2312 1090 2376 enim
1118 2313 1220 2376 relelli
1244 2313 1378 2378 Tzetzae

238 2421 286 2486 sui
315 2422 452 2506 ineptias
480 2422 558 2486 istas
587 2421 711 2485 credit?
754 2421 828 2485 Non
857 2425 963 2506 potest
990 2423 1134 2505 profecto
1161 2424 1202 2487 ab
1230 2423 1293 2487 alio
1315 2424 1378 2489 nisi

238 2533 279 2596 ab
302 2533 476 2617 interprete
499 2531 610 2596 latino.
642 2531 702 2607 uui
725 2553 797 2596 cunr
812 2531 955 2596 novicius
977 2532 1071 2596 homo
1094 2533 1136 2596 sit
1158 2533 1224 2597 eius
1247 2534 1376 2617 saeculi,

238 2643 320 2726 quod
349 2641 601 2727 Byzantinorum
630 2646 808 2725 temporum
836 2642 1071 2706 barbariemsi
1099 2665 1166 2707 non
1194 2645 1376 2727 superabat,

238 2756 273 2816 at
295 2754 454 2837 aequabat
476 2757 576 2836 certe,
600 2752 715 2816 viderit
736 2752 979 2836 Bernhardyas,
1003 2771 1097 2836 quum
1121 2753 1315 2818 credibiliter
1336 2755 1378 2818 ab

238 2862 429 2925 istiusmodi
451 2864 607 2946 magistro
629 2862 873 2946 diligentissime
896 2861 1020 2926 definiri
1044 2866 1221 2946 temporum
1237 2865 1378 2929 rationes

239 2971 415 3054 Pisistrati,
445 2971 636 3054 Ptolemaei,
666 2971 819 3036 Zenodoti
843 2977 876 3036 et
898 2973 1078 3037 Aristarchi
1104 2976 1205 3057 putet.
1251 2975 1290 3038 ln
1316 2997 1378 3058 quo

238 3102 357 3166 genere
372 3081 474 3144 simile
497 3083 674 3166 exemplum
696 3083 730 3145 iu
751 3081 985 3166 Laudinorum,
1011 3083 1220 3168 Merularum,
1244 3083 1377 3148 Hermo-

237 3191 360 3254 laorum
382 3192 617 3256 commentariis
638 3191 758 3262 frustm
781 3193 962 3276 quaesieris.
1001 3193 1145 3278 Denique
1166 3194 1377 3278 reputandum

239 3303 287 3364 est
315 3301 347 3364 id
374 3301 479 3385 potius
507 3302 577 3386 agi,
607 3306 643 3366 ut
670 3303 877 3386 defendatur,
905 3304 932 3367 si
959 3304 1052 3368 modo
1080 3304 1197 3389 possit,
1232 3327 1313 3388 quac
1342 3307 1376 3371 in

239 3410 346 3476 codiee
368 3415 495 3494 reperta
510 3416 564 3475 est
580 3414 756 3496 scriptura,
780 3435 874 3497 quarn
894 3417 930 3476 ut
952 3413 1157 3478 artificiorum
1180 3416 1377 3499 quorundam

238 3509 439 3586 adminiculis
462 3543 500 3585 eu
523 3523 705 3587 coniectura
733 3527 944 3607 sustentetur,
975 3525 1063 3588 cuius
1085 3546 1151 3588 uou
1179 3526 1222 3590 sit
1249 3526 1376 3591 demon-

237 3637 339 3697 strata
361 3632 545 3698 necessitas.
591 3633 697 3716 Atque
720 3633 855 3697 artificia
876 3655 941 3697 uon
962 3635 1120 3700 immerito
1142 3635 1269 3720 dixeris,
1294 3637 1376 3721 quod

237 3742 272 3806 in
298 3764 363 3806 uno
391 3743 575 3807 brevissimo
605 3743 726 3807 scholio
752 3746 880 3826 praeter
908 3767 961 3826 eu,
997 3767 1077 3829 quae
1107 3767 1186 3810 sana
1214 3769 1279 3810 non
1309 3769 1377 3810 esse

237 3855 383 3935 apertum
417 3855 480 3936 ast,
520 3853 720 3917 coniecturae
753 3875 811 3937 ope
844 3854 998 3918 mutanda
1035 3853 1261 3940 Bernhardyus
1296 3856 1376 3920 haee

237 3961 473 4045 pronuntiavit:
509 3969 735 4042 quadrupeda
763 3986 792 4027 v.
821 3965 878 4046 31,
909 3971 1025 4030 aulicus
1052 3966 1111 4048 34,
1142 3979 1290 4030 asseveret
1322 3966 1374 4050 38,

189 4091 220 4138 14
240 4076 366 4153 Coucyli
386 4093 416 4135 v.
432 4073 489 4154 56,
513 4077 695 4138 Heliodorus
714 4075 771 4154 65,
796 4081 888 4139 aliter
902 4074 996 4156 ibid,
1020 4080 1058 4140 ol'
1081 4076 1133 4158 67,
1158 4087 1302 4156 quartuor
1318 4077 1358 4140 78
1365 4127 1374 4158 ,

238 4181 351 4265 quibus
374 4182 449 4248 lieet
471 4183 568 4246 ctiam
590 4183 661 4247 illos
684 4189 774 4248 LXX
793 4205 876 4249 senes
895 4207 924 4248 v.
948 4185 989 4249 23
1012 4208 1059 4269 sq.
1081 4185 1213 4250 addere:
1243 4207 1376 4269 quarum

239 4293 450 4357 mutationum
473 4293 642 4357 multitudo
665 4316 730 4358 non
751 4297 858 4376 potest
879 4295 985 4358 hercle
1008 4317 1073 4360 nou
1090 4297 1230 4380 aliquam
1251 4296 1375 4360 dubita-

237 4400 359 4466 tionem
380 4401 508 4466 inicere.
