3254 5086
535 383 691 431 nroarsu
713 383 1063 430 nnrnonnaassassrs.
1310 365 1373 426 493

234 540 341 600 autem
369 535 550 600 criticorum
584 535 822 599 emendationes
850 556 907 617 per
934 533 1035 596 editos
1064 533 1161 596 libros
1195 531 1373 614 promiscuo

234 667 362 729 sparsas
384 646 474 709 licuit
497 647 594 708 etiam
617 645 746 709 ineditis
768 644 892 708 schedis
907 644 948 706 A.
965 643 991 706 l.
1009 641 1047 705 ll.
1064 641 1204 726 Pflugkii
1220 641 1277 721 uti,
1295 663 1373 724 quas

234 756 260 820 Ι.
278 756 476 840 Marquardti
498 755 740 819 benevolentiae
763 758 912 837 acceptas
934 753 1110 816 referimus.
1162 751 1373 814 Adnotationi

235 869 342 929 autem
366 867 495 930 criticae
516 868 646 929 nostrae
668 864 859 928 subiecimus
882 869 962 943 Lupi
982 862 1280 946 interpretationem
1302 861 1373 924 lati-

235 998 311 1039 nam
338 976 377 1038 ad
403 976 582 1059 exemplum
608 974 809 1038 Tarvisinum
838 973 915 1037 anni
944 970 1236 1038 Oloooooaxxx
1264 971 1374 1034 eodem

235 1087 498 1169 temperamento·
522 1105 720 1169 expressam,
758 1084 840 1167 quod
877 1083 941 1146 iam
979 1083 1076 1166 priori
1113 1080 1374 1145 commentationi

236 1195 414 1259 adhibitum
442 1217 511 1258 esse
536 1195 612 1257 olim
632 1194 768 1277 professi
793 1215 899 1257 sumus
924 1191 967 1280 [p.
984 1193 1046 1257 473
1067 1192 1159 1256 huius
1179 1189 1372 1278 voluminisl.

236 1304 303 1369 Nec
325 1305 423 1378 enim,
439 1305 501 1368 nisi
523 1325 540 1367 e
561 1305 657 1387 plena
680 1307 712 1366 et
735 1305 887 1368 continua
912 1302 1176 1384 interpretatione
1201 1303 1277 1364 ante
1303 1322 1374 1364 ocu-

236 1415 282 1478 los
305 1415 411 1498 posita
436 1417 487 1477 sat
506 1418 593 1478 certa
615 1414 654 1477 de
676 1413 785 1496 graeci
808 1412 941 1494 codicia,
965 1433 1058 1495 quem
1080 1410 1237 1494 expressit
1258 1410 1373 1493 Lapus,
1394 1422 1409 1468 3

237 1524 401 1607 scripturis
429 1523 498 1586 fieri
528 1523 710 1588 coniectura
733 1525 848 1605 potest.
893 1521 952 1596 Qui
977 1521 1075 1584 codex
1097 1521 1158 1584 etsi
1179 1541 1239 1584 nec
1263 1526 1375 1583 cunrA

236 1655 395 1698 neceam
416 1639 445 1697 B
471 1633 556 1696 idem
579 1637 643 1714 cst,
672 1635 782 1695 tamen
811 1653 882 1694 cum
910 1630 950 1693 ad
971 1631 1084 1694 horum
1107 1631 1245 1712 ipsorum
1275 1650 1376 1713 genus

236 1748 303 1806 tum
321 1743 361 1806 ad
373 1743 541 1806 Vrbinatis
560 1742 798 1806 similitudinem
822 1741 907 1804 visus
930 1739 1135 1823 estproximo
1158 1739 1317 1802 accedere.
1334 1776 1376 1786 --

237 1853 401 1916 Postremo
420 1853 482 1916 duo
504 1856 590 1934 sunt,
614 1873 694 1935 quae
717 1852 797 1915 scire
820 1851 954 1914 lectores
977 1853 1086 1912 nostra
1109 1849 1246 1912 intersit.
1292 1848 1376 1922 Quos

237 1963 374 2046 primum
397 1961 697 2027 commonefacimus
712 1983 778 2024 non
793 1959 907 2023 tamid
923 1983 981 2023 nos
1000 1959 1103 2042 egisse
1121 1962 1167 2041 ut,
1185 1959 1375 2041 ubicumque

237 2073 272 2135 in
294 2073 419 2156 graecis
435 2072 581 2155 Dionysii
605 2071 709 2135 verbis
732 2071 850 2154 aliquid
873 2070 981 2134 deesse
1004 2069 1044 2132 ad
1066 2069 1222 2152 pristinae
1243 2068 1376 2153 integri·

237 2183 314 2245 tatis
342 2182 479 2245 nitorem
509 2182 684 2264 videretur,
719 2180 915 2244 confidenter
943 2179 1070 2242 admota
1108 2179 1291 2242 coniectura
1321 2178 1377 2240 illa

239 2291 391 2355 continuo
419 2291 459 2354 ad
489 2291 663 2374 perfectam
692 2290 873 2373 elegantiae
901 2289 1039 2372 speciem
1068 2288 1268 2351 conformata
1291 2287 1376 2350 erhi-

238 2402 399 2486 heremus,
423 2421 518 2484 quam
539 2402 624 2464 hanc
646 2400 752 2483 potius
774 2399 859 2462 viam
884 2398 1035 2480 tenuisse,
1062 2401 1099 2460 ut
1124 2396 1296 2460 modestius
1325 2397 1376 2459 ad-

239 2511 341 2573 hibita
369 2514 480 2573 nostra
503 2509 724 2574 emendatione
750 2509 845 2572 fidem
870 2507 1042 2572 memoriae
1067 2506 1168 2590 qualis
1191 2510 1274 2569 esset
1295 2528 1376 2569 com-

238 2623 503 2701 monstraremns,
527 2619 559 2681 h.
574 2641 601 2682 e.
626 2623 663 2682 ut
683 2620 808 2703 qualem
833 2618 990 2681 decimum
1010 2615 1061 2679 vel
1084 2616 1284 2679 undecimum
1311 2637 1377 2678 sae·

240 2729 344 2792 culum
373 2729 560 2811 scriptorem
593 2732 716 2811 nosset,
749 2749 1005 2811 proponeremus
1059 2725 1206 2788 Alterum
1239 2725 1299 2788 hoo
1330 2729 1379 2788 est

240 2838 341 2921 quod,
369 2837 409 2900 ab
438 2838 531 2901 initio
560 2837 776 2921 potissimum,
807 2859 871 2901 non
902 2836 1117 2919 discrepantia
1148 2838 1292 2918 tantum,
1324 2835 1378 2898 sed

240 2949 338 3012 etiam
358 2947 592 3012 consentientia
614 2948 757 3011 codicum
783 2947 967 3011 testimonia
987 2947 1170 3030 plerumque
1193 2967 1378 3008 commemo-

240 3059 395 3139 ravimus,
424 3078 490 3120 nou
517 3056 549 3120 id
575 3056 704 3146 putidae
732 3056 920 3141 diligentiae
948 3078 1076 3138 caussa,
1106 3055 1160 3118 sed
1187 3058 1224 3118 ut
1250 3058 1378 3118 mutuae

240 3189 321 3251 quae
340 3167 425 3230 inter
446 3165 544 3230 libros
560 3166 774 3249 Dionysianos
794 3167 934 3230 rationes
955 3165 1168 3248 intercedunt,
1190 3187 1254 3230 nno
1276 3165 1378 3229 oculo-

241 3298 310 3339 rum
334 3280 506 3359 conspectu
525 3275 750 3358 comprehendi
771 3275 840 3338 sine
857 3275 983 3338 errandi
1001 3274 1141 3356 periculo
1158 3275 1336 3359 possent.*)

243 3441 445 3450 ..ψ

308 3537 332 3605 *)
361 3535 477 3606 [Secuta
499 3539 564 3591 sunt
585 3535 652 3591 olim
674 3551 691 3591 a
713 3555 739 3606 p.
759 3543 776 3590 4
798 3537 834 3592 ad
855 3543 885 3590 41
911 3537 1004 3606 capita
1024 3537 1036 3589 Ι
1042 3533 1155 3588 -ΧΧΧ
1177 3537 1207 3588 et
1228 3550 1329 3602 graece
1351 3537 1380 3588 et

241 3629 317 3699 Lapo
344 3631 498 3700 interprete
525 3630 623 3696 latine,
653 3647 709 3684 una
731 3647 793 3683 cnm
820 3631 959 3698 apparatu
985 3628 1093 3694 critico,
1118 3645 1201 3694 quem
1224 3627 1313 3680 solum
1336 3627 1380 3680 hic

242 3721 403 3776 iteravimus
427 3723 544 3777 subinde
566 3723 611 3776 vel
634 3724 744 3776 auctum
767 3722 812 3776 vel
834 3723 971 3788 relietum,
990 3721 1124 3788 ,subiectis
1147 3722 1242 3774 tamen
1264 3719 1292 3772 in
1309 3737 1381 3774 mnr-

242 3813 306 3882 gine
324 3815 431 3882 aliquot
449 3815 676 3869 adnotationibus
695 3815 731 3868 ad
750 3831 809 3883 cap.
825 3814 937 3867 l—Vlll
954 3813 1170 3884 pertinentibus,
1188 3829 1258 3880 quas
1276 3830 1290 3866 c
1310 3830 1380 3866 oom-

243 3909 413 3963 mentatione
436 3907 646 3961 Vratislaviensi
673 3907 824 3961 servandas
848 3907 982 3961 diotimus.
1028 3907 1100 3960 Nam
1129 3923 1190 3960 curn
1212 3905 1381 3972 reliquorum

243 4001 367 4054 codicum
396 4000 550 4054 accuratior
576 3999 688 4066 notitia,
717 4003 747 4052 nt
769 4017 841 4053 nnnc
863 4017 907 4052 res
932 4003 987 4064 est,
1009 4000 1086 4052 nulla
1109 3999 1174 4051 dnm
1200 3999 1228 4051 in
1250 3999 1381 4066 promptu

244 4092 292 4158 sit,
310 4095 369 4146 tum
386 4111 421 4146 ne
438 4093 582 4147 Vrbinatis
604 4093 715 4160 quidem
739 4094 822 4162 plena
844 4092 966 4160 cognitio
985 4110 999 4146 e
1018 4090 1178 4158 Kiesslingii
1201 4089 1380 4144 adnotatione

243 4185 301 4251 peti
323 4188 436 4254 potest]

727 4293 914 4300 -u-—a-—u—
