3218 5094
596 396 644 442 ua
667 396 737 444 ouo
760 396 805 442 ur
828 396 969 447 omous.
1298 379 1361 445 589

217 549 312 612 lexiei
334 547 413 630 fine,
443 569 485 611 ne
507 548 668 612 levissima
696 547 824 632 quidem
847 569 959 613 caussa
982 551 1031 612 est
1053 570 1109 640 our
1131 548 1165 612 in
1188 548 1358 629 dubitatio-

217 680 292 724 nem
326 680 397 723 oum
430 657 467 722 F.
498 658 537 721 Α.
567 657 685 722 Wolfio
712 662 882 742 vocentur3
913 659 947 722 in
980 659 1114 724 eandem
1146 659 1203 722 illa
1233 663 1358 743 partem

218 769 328 834 valent
350 772 445 852 atque
468 767 506 832 de
529 767 593 832 Oro
609 768 830 833 Alexandrino
853 792 872 832 a
892 768 989 833 Suida
1011 771 1164 853 usurpata
1188 770 1359 835 παιδεύω(
1377 781 1391 828 7

218 881 253 945 ἐν
278 879 521 945 Κωνετοντίνου
543 880 644 944 πόλει.
690 878 741 941 Ad
770 878 906 943 eundem
929 883 1034 944 autem
1057 879 1210 944 Orionem
1232 878 1358 944 Theba-

218 1013 295 1054 num
324 1011 391 1054 non
420 989 526 1053 minus
554 992 641 1052 certo
670 992 860 1072 argumento
888 989 1026 1053 refertur
1054 990 1248 1067 ἀνθολόγιον
1277 991 1359 1071 πρὸ(

219 1101 383 1178 Εὐδοκίαν,
406 1099 488 1184 quod
511 1099 637 1183 quidem
659 1099 927 1182 manuscriptum
948 1100 983 1162 in
1005 1099 1200 1164 bibliotheca
1222 1099 1359 1185 quadam

219 1209 426 1275 Varsaviensi
454 1213 579 1273 exstare
608 1209 773 1273 Francisoi
801 1207 945 1273 Passovii
972 1231 1031 1274 nos
1053 1210 1162 1274 docuit
1183 1215 1300 1275 Neritia
1322 1217 1360 1274 do
1422 1196 1426 1202 ’

220 1327 394 1398 αοτὴοῐοοὶο
423 1324 544 1386 Orionis
576 1324 712 1384 Thebani
736 1319 910 1402 praemissa
940 1319 1048 1384 libello
1076 1319 1257 1384 academico
1279 1319 1359 1384 Vro-

219 1430 398 1494 tislnviensi
421 1429 553 1494 aestatis
576 1453 605 1493 a.
625 1427 853 1515 1831[0pus0.
878 1429 968 1494 acad.
992 1453 1024 1514 p.
1044 1429 1104 1495 198
1120 1431 1215 1514 sqq.],
1240 1430 1359 1494 editum

220 1545 326 1605 autem
347 1562 498 1626 umquam
524 1540 564 1604 iri
592 1543 724 1624 propter
745 1561 901 1623 nuperam
923 1562 1028 1604 rerum
1050 1539 1275 1604 Poloniearum
1298 1542 1359 1604 ela-

220 1651 292 1716 dem
319 1650 404 1715 haud
432 1650 498 1715 seio
526 1673 569 1714 an
597 1650 733 1733 amplius
762 1671 891 1732 sperare
917 1671 983 1714 non
1006 1649 1112 1714 liceat.
1157 1649 1227 1715 Nee
1246 1651 1359 1735 magni

219 1761 374 1825 momenti
401 1783 469 1824 esse
497 1760 661 1843 videntur,
691 1781 771 1842 quae
799 1781 837 1823 ex
870 1760 926 1824 illo
953 1764 989 1824 ut
1016 1760 1139 1824 conicio
1172 1759 1359 1845 anthologio

221 1875 370 1955 excerpta
398 1872 434 1934 in
462 1871 569 1935 codiee
591 1869 834 1935 Vindobonensi
861 1870 945 1954 apud
973 1871 1178 1936 Lambeoium
1205 1871 1226 1935 l.
1252 1893 1278 1935 o.
1308 1892 1360 1934 ex-

220 1984 319 2065 stant,
343 1985 492 2066 quattuor
514 1981 643 2066 paginis
666 1981 844 2065 perscripta
867 1981 927 2045 hoo
949 1981 1058 2045 initio:
1087 1982 1204 2062 Ὠρίων
1225 1982 1244 2045 ὁ
1268 1983 1360 2064 φιλό-

221 2113 323 2174 copo<
351 2092 492 2172 εἴρηκεν,
519 2091 675 2175 inscripta
704 2094 810 2154 autem
839 2096 1098 2171 Apoptttepmuta
1121 2099 1270 2172 quaedam
1292 2099 1360 2157 mis-

220 2201 408 2287 cellaneo.*)
440 2201 587 2267 Ceterum
609 2201 777 2284 inscriptio
800 2200 873 2264 fibri
889 2200 1113 2266 Varsaviensis
1135 2224 1264 2286 prorsus
1287 2225 1360 2267 oon·

221 2312 308 2397 gruit
329 2311 365 2376 in
387 2311 502 2376 Suidae
524 2312 726 2394 memoriam,
755 2311 817 2375 nisi
845 2311 928 2395 quod
956 2314 1035 2378 κατὰ
1058 2317 1196 2394 ετοιχεῑο
1217 2317 1360 2378 veterum

221 2443 325 2506 nemo,
350 2421 432 2506 quod
454 2421 570 2506 seiam,
597 2423 721 2487 loeutus
744 2425 808 2504 est,
833 2421 888 2485 sed
911 2422 1073 2486 constanti
1095 2445 1154 2486 usu
1176 2427 1209 2486 et
1231 2445 1360 2487 consue

221 2533 332 2597 tudine
354 2535 517 2615 receptum
539 2533 602 2596 fuit
624 2535 703 2598 κατὰ
726 2536 894 2614 ετοιχεῖον.
925 2531 1015 2607 Quod
1037 2535 1145 2596 autem
1167 2533 1360 2610 ἀνθολόγιον
1394 2583 1399 2589 -

221 2643 373 2722 formam,
406 2665 464 2726 pro
494 2643 668 2720 ἀνθολογία
692 2642 789 2727 longe
816 2643 982 2706 usitatiore
1011 2643 1167 2738 adscitam
1194 2644 1291 2707 etiarn
1319 2644 1361 2707 ab

221 2753 344 2818 Ioanne
367 2752 516 2836 Sabaeo,
540 2775 668 2837 prorsus
690 2753 779 2817 illam
800 2753 980 2817 inauditam
1002 2752 1037 2816 F.
1055 2753 1183 2817 Rankio
1205 2753 1244 2818 de
1259 2752 1361 2836 Hesy-

223 2863 294 2927 ehio
316 2887 347 2948 p.
371 2863 423 2942 59,
446 2862 616 2926 Passovius
638 2863 704 2947 p.4
728 2861 813 2952 [201]
836 2864 914 2928 satis
936 2863 1097 2928 subtiliter
1119 2863 1295 2947 disputavit
1318 2863 1359 2927 ad

222 2974 355 3038 mixtam
378 2996 448 3037 oum
471 2973 597 3057 poetica
620 2995 748 3057 prosam
765 2974 941 3038 orationem
957 2977 1112 3057 spectare,
1138 2974 1170 3037 id
1187 2996 1253 3038 non
1269 2973 1360 3038 video

222 3083 392 3167 quomodo
414 3084 450 3147 in
471 3084 775 3165 ἐπιγραμμάτων
798 3085 991 3161 ἀνθολόγιον
1015 3083 1271 3149 accommodetur
1286 3084 1361 3148 Dio-

223 3194 363 3277 geniano
385 3192 580 3277 adscriptum
603 3217 622 3257 a
645 3193 752 3260 Suida

308 3303 357 3367 Ex
380 3303 425 3366 eis
448 3326 529 3387 quae
550 3305 712 3389 posuimus
734 3305 872 3389 primum
895 3304 1033 3370 efficitur
1054 3304 1180 3388 lapsum
1203 3325 1271 3370 esse
1293 3303 1362 3370 Sui-

224 3413 297 3477 dam
329 3414 549 3479 Alexandrino
578 3416 690 3490 Orioni
723 3416 916 3482 tribuentem
950 3418 1021 3496 περὶ
1054 3417 1263 3494 ἐτυμολογίας
1295 3415 1361 3479 sive

224 3527 295 3605 περὶ
328 3525 545 3604 ἐτυμολογιῶν
579 3527 733 3591 lexioum:
770 3527 802 3590 id
835 3527 918 3611 quod
945 3548 986 3589 ne
1014 3525 1208 3590 Laroherum
1236 3525 1362 3610 quidem

222 3634 319 3720 fugit.
365 3633 489 3700 Deinde
513 3639 635 3720 autem,
664 3659 727 3720 qua
754 3641 859 3700 uetate
883 3636 1034 3701 Orionem
1056 3635 1246 3700 Thebanum
1269 3636 1362 3700 eollo·

225 3766 341 3828 cemus,
364 3745 504 3809 medium
526 3748 687 3811 saeculum
710 3746 856 3830 quintum
884 3747 971 3812 naoti
994 3769 1101 3811 sumus
1124 3750 1214 3810 extra
1237 3749 1362 3811 contro-

224 3855 360 3920 versiam
376 3855 526 3940 positum.
555 3857 624 3922 Neo
639 3861 712 3940 post
728 3879 756 3921 a.
774 3855 1004 3922 OOCOXXXX
1018 3857 1059 3920 ad
1075 3856 1250 3921 Eudooiam
1262 3856 1362 3920 Theo-

224 3965 305 4031 dosii
328 3967 462 4030 minoris
486 3967 653 4053 coniugem
675 3969 899 4032 transmissum
921 3989 999 4051 opus
1022 3967 1122 4032 videri
1144 3967 1240 4032 facile
1261 3966 1362 4031 eidem

225 4077 418 4141 assentimur
446 4076 598 4142 Passovio
627 4089 658 4163 p.
688 4080 708 4144 3
740 4073 837 4166 [199].
890 4077 1010 4152 Quibus
1044 4079 1187 4161 apprime
1215 4077 1363 4142 eonveni-

225 4191 295 4271 unt,
318 4209 399 4271 quae
416 4189 455 4253 de
471 4188 589 4255 Orione
613 4211 684 4253 eum
699 4188 830 4252 Taetzes
851 4187 986 4253 tradidit
1007 4209 1080 4251 mox
1101 4188 1271 4274 afferenda,
1294 4192 1364 4253 tum

230 4344 427 4354 —n-——a--n-n-r

293 4427 318 4497 ¹²)
338 4427 424 4498 [Haeo
441 4425 503 4484 ride
522 4445 606 4498 supra
623 4431 746 4486 tractate
763 4445 789 4499 p.
810 4432 859 4484 562
878 4426 949 4498 sqq.]
