3270 5094
235 335 298 399 372
587 349 633 396 aa
656 349 829 398 auscnrm
851 343 1019 398 vansravs

170 517 218 566 vm
237 524 389 586 pacorum
417 503 565 566 instituto
593 506 825 566 commentatus
858 506 923 584 est,
964 501 1020 565 sed
1052 502 1117 564 iam
1150 523 1246 586 supra
1282 499 1375 566 nobis

238 611 402 694 laudatuS,
432 633 525 696 quem
547 634 613 676 non
635 615 739 692 θήτειν
762 614 916 693 τρόπαια,
945 610 1000 675 sed
1022 613 1127 689 θήτειν
1150 613 1305 692 ἐεθήματα
1326 612 1376 676 vel

238 723 369 804 λάφυρα
406 722 611 786 coniunxisse
641 744 680 786 ex
714 722 793 805 ipsis
830 721 896 785 eius
933 721 1038 784 verbis
1073 717 1280 785 manifestum
1313 725 1376 786 est:

237 833 391 910 ἐτθήματα
413 833 562 910 ἀναθήτω
584 835 648 912 πρὸ
671 837 736 898 τῶν
759 839 849 898 ναῶν
872 833 911 895 τὰ
937 832 1074 911 λάφυρα.
1118 829 1192 894 Νοα
1214 831 1295 915 legit
1316 830 1376 915 igi-

235 945 288 1003 tur
309 941 363 1005 ille
378 942 476 1006 ullam
492 945 567 1005 ante
582 943 739 1020 ἑεθήματα
754 942 961 1024 particulam,
985 939 1040 1004 sed
1058 963 1122 1004 una
1139 941 1375 1004 constructione

236 1052 456 1115 continuatam
488 1051 587 1116 talem
614 1051 886 1134 enuntiationem,
921 1051 1047 1134 qualern
1075 1054 1108 1114 et
1141 1050 1311 1114 verborum
1343 1052 1387 1118 et.

236 1161 415 1225 sententiae
437 1161 627 1244 simplicitas
650 1159 852 1226 commendat
873 1164 909 1224 ut
931 1161 1015 1244 quod
1036 1160 1190 1224 maxime:

409 1325 587 1403 μήλοιειν
611 1324 805 1402 αἱμάττων
828 1323 910 1387 τόθ’
934 1322 1060 1387 ἑττίατ
1083 1326 1184 1388 θεῶν

346 1455 350 1462 .
408 1436 541 1513 θήεειν
563 1437 735 1512 τροπαῖα
757 1434 880 1498 δαΐων
904 1433 1097 1510 ἐτθήματα

236 1591 268 1656 h.
286 1615 313 1656 e.
337 1593 452 1656 nuntia
473 1593 626 1656 victoriae
646 1615 696 1656 me
717 1593 878 1656 facturum
898 1592 1089 1656 vestimenta
1111 1591 1261 1656 hostium.
1299 1591 1374 1673 Vbi,

237 1707 272 1767 ut
302 1703 337 1767 in
369 1702 542 1785 adiectum
575 1702 675 1767 multo
705 1701 803 1767 etiam
837 1703 952 1767 certine
985 1724 1080 1785 quam
1110 1702 1143 1765 in
1175 1702 1376 1766 substantivo

236 1815 532 1893 προπεριτπαττὲον
564 1812 738 1877 seeundum
764 1816 907 1876 veterum
934 1812 1161 1896 magistrorum
1192 1814 1374 1895 praecepta,

237 1922 275 1986 de
303 1923 417 2005 quibus
447 1922 659 2004 contemptius
687 1943 782 2004 quam
811 1945 870 2006 par
899 1925 968 1985 erat
989 1921 1160 1985 Elmsleius
1183 1921 1377 1986 existimavit

184 2085 189 2094 .
236 2031 271 2094 in
294 2031 482 2095 Heraclidas
504 2054 533 2094 v.
557 2032 630 2095 403.
676 2031 878 2095 Adiectivum
901 2053 966 2094 non
989 2031 1023 2094 in
1050 2031 1113 2094 illis
1136 2033 1263 2094 tantum
1284 2029 1376 2095 Euri-

183 2125 186 2132 *
236 2140 331 2224 pidiis
358 2140 484 2205 habetis
511 2141 618 2219 Ζηνόε
646 2141 783 2220 ὀρθῶται
811 2143 924 2221 βρέτας
950 2145 1107 2220 τροπαῖον
1135 2144 1167 2204 et
1192 2143 1273 2206 Aule
1302 2162 1376 2221 τρο-

236 2255 334 2315 παῐον
355 2251 484 2316 ἵεταταν
499 2252 611 2331 βρέτας
625 2249 872 2314 Phoenissanim
888 2272 917 2313 v.
939 2252 1029 2315 1251.
1048 2251 1139 2333 1473,
1164 2273 1296 2334 quorum
1311 2250 1376 2314 vim

237 2379 305 2423 esse
327 2360 511 2443 ambiguam
539 2359 681 2441 sentitiS,
710 2358 765 2424 sed
793 2360 949 2442 imprimis
974 2359 1036 2423 huc
1058 2361 1205 2444 apposito
1229 2361 1374 2443 exemplo

236 2469 384 2534 Electrae
418 2493 447 2534 ν.
480 2469 561 2534 1174
593 2474 732 2550 τροπαῖα
765 2471 908 2550 δείγματ’
947 2470 1067 2535 ἀθλίων
1104 2472 1374 2551 προτφαγμάτων.

236 2577 299 2642 Pro
326 2579 528 2643 substantivo
560 2583 666 2643 autem
700 2579 813 2644 haberi
841 2583 988 2662 coeptum
1020 2579 1055 2643 in
1084 2579 1255 2664 Aeschylio
1283 2602 1376 2644 versu

236 2692 375 2768 τροπαῖα
408 2689 513 2752 effecit
545 2693 581 2752 ut
613 2690 663 2752 vel
696 2693 731 2754 u
764 2691 815 2753 vel
845 2711 879 2754 τε
911 2689 1070 2772 particula
1102 2689 1227 2753 intrusa
1259 2712 1375 2754 novam

237 2801 429 2862 structuram
451 2798 666 2880 proximorum
681 2799 849 2863 verborum
867 2799 1197 2881 comminiscerentur,
1222 2800 1318 2882 plane
1339 2803 1376 2862 ut

236 2907 330 2970 huius
351 2906 480 2970 fabulae
496 2929 588 2972 versu
603 2909 666 2974 340
687 2909 809 2973 iactum
832 2911 880 2973 est
901 2909 937 2972 in
956 2911 1070 2989 πικρὸν
1092 2911 1125 2974 δ’
1148 2909 1232 2988 ὄμμα
1254 2909 1375 2973 verbis:

237 3037 315 3099 quos
330 3037 438 3080 versus
459 3039 610 3082 unacum
632 3018 802 3102 strophicis
818 3041 890 3083 cum
904 3018 978 3082 olim
1003 3018 1176 3103 diximus*)
1199 3021 1268 3082 tum
1289 3041 1376 3084 nunc

238 3125 393 3189 credimus
415 3127 462 3191 sic
484 3127 698 3192 emendandos
722 3149 804 3193 esse:

342 3299 534 3376 κορκορυγαὶ
555 3299 588 3362 δ’
610 3299 666 3364 ἀν’
688 3297 764 3363 ἄττα
786 3298 880 3377 προτί
901 3301 935 3362 θ’
957 3297 1079 3380 ὁρκάνᾳ
1101 3303 1266 3383 πυργωτᾷ·

342 3407 423 3484 πρὸ(
446 3408 565 3486 ἀνδρὸς
587 3411 620 3472 δ’
643 3408 725 3488 ἀνὴρ
747 3409 835 3486 copel
857 3409 1004 3474 καίνεται.

341 3594 549 3659 παντοδαπὸτ
572 3595 607 3658 δὲ
629 3595 752 3673 καρπὸς
774 3595 906 3674 χαμάδιτ
927 3597 1034 3660 πετὼν
1057 3595 1187 3672 ἀλγύνει

342 3704 456 3782 κύρεατ
478 3703 592 3782 πικρὸν
615 3702 699 3783 ὄμμα
719 3706 969 3784 θαλαμηπόλων.

235 3876 307 3943 Nisi
329 3879 428 3964 quod,
457 3880 510 3964 qui
533 3880 770 3946 accuratissime
792 3886 1000 3966 exaequatam
1029 3881 1223 3965 syllabarum
1245 3901 1374 3966 respon-

235 3989 358 4053 sionem
386 3993 516 4074 expetat
545 4013 616 4054 cum
643 3991 773 4077 Engero
802 3992 823 4055 l.
849 4014 874 4055 s.
898 4015 923 4056 a.
947 4015 978 4075 p.
1002 3993 1060 4074 51,
1091 3992 1210 4076 poterit
1237 3993 1374 4056 fortasse

234 4099 344 4179 δόρατι
365 4121 423 4182 pro
444 4102 540 4178 δορεί.

302 4359 327 4426 *)
346 4361 388 4428 [ln
405 4360 507 4414 Diariis
526 4361 579 4415 litt.
601 4359 761 4417 lenensibus
780 4379 803 4418 a.
827 4369 891 4419 18³0
908 4381 944 4420 m.
965 4363 1043 4422 Febr.
1063 4381 1089 4434 p.
1110 4363 1179 4436 aot]
