3254 5086
144 388 151 402 ¹
271 370 335 434 520
644 349 691 428 nai
713 379 842 428 comos
864 379 1041 426 vsrnnara

238 540 381 602 omento
405 557 583 617 careamus,
607 533 677 618 quis
700 552 817 616 quaeso
840 531 949 595 eredat
970 530 1210 614 interpolatoris
1232 531 1414 595 temeritate

273 645 410 711 conficta
437 645 528 708 esse?
563 647 599 707 ut
626 639 798 726 parumper
829 641 1005 726 largiamur
1037 642 1177 724 potuisse
1204 641 1295 726 fingi.
1340 641 1414 705 Nisi

273 756 400 840 quidem
421 755 503 818 miro
525 775 563 817 ao
585 773 713 836 prorsus
742 751 899 835 singulari
920 751 1136 835 interpolandi
1159 751 1294 815 artifieio
1316 751 1414 834 plane

151 893 153 906 ·
272 864 410 950 gemella
433 861 652 926 additamenta
674 861 810 943 tribues,
835 883 915 944 qnae
937 882 1069 926 numero
1091 861 1229 944 plurima
1250 861 1414 944 utriusque

274 973 406 1056 codicia,
437 977 466 1035 B
493 975 526 1035 et
555 977 595 1053 A,
629 970 800 1034 memoriae
827 970 992 1036 debentur.
1042 969 1149 1048 Velut,
1177 973 1213 1034 ut
1240 971 1275 1033 in
1302 969 1414 1053 paucis

273 1083 463 1164 subsistam,
495 1081 526 1163 I,
551 1081 607 1145 82:
645 1081 675 1145 οἱ
702 1083 738 1144 δὲ
761 1081 971 1161 ςυλλαβόντες
993 1082 1051 1147 τὸν
1073 1081 1260 1147 Φαυςτύλον
1282 1079 1415 1157 ἄγουςιν

272 1193 328 1259 ἐπ’
350 1195 451 1259 αὐτὸν
473 1193 530 1257 τὸν
555 1190 682 1271 βαςτλέα
711 1191 784 1273 [καὶ
807 1194 1040 1268 διηγοῦνται
1062 1191 1108 1255 τὰ
1129 1191 1349 1274 γενόμενα]
1371 1228 1416 1238 -

272 1301 320 1385 Il,
344 1303 402 1367 52:
439 1303 488 1365 rol
516 1300 626 1365 αὐτίκα
655 1300 731 1364 τοὺς
754 1301 944 1378 ςτρατιώτας
967 1300 1137 1380 ἀναλαβὼν
1162 1301 1330 1383 [ἐβοήθει
1351 1301 1416 1363 διὰ

273 1413 438 1493 τάχους,
467 1411 508 1474 ἐν
532 1409 611 1492 ὁδῷ
634 1428 674 1473 τε
697 1408 815 1472 ὄντας
836 1410 932 1473 τοὺς
954 1411 1138 1489 πρέςβεις
1160 1409 1413 1492 καταλαβὼν]

274 1521 426 1601 ἀφείλετο
454 1520 529 1583 τοὺς
560 1518 796 1597 ἀπαγομένους.
826 1555 867 1566 -
894 1517 938 1599 II,
961 1517 1018 1582 25:
1042 1519 1093 1583 ἐπὶ
1113 1523 1170 1596 τῆς
1192 1518 1416 1583 ἐπικοινωνίας

273 1631 331 1695 τοῦ
355 1629 496 1711 φαρρὸς,
527 1629 546 1692 ὃ
569 1629 727 1707 καλοῦμεν
750 1627 837 1706 ἡμεῖς
860 1609 949 1694 ζέαν·
980 1627 1084 1711 [αὕτη
1107 1629 1179 1707 γὰρ
1202 1628 1248 1706 ἦν
1272 1628 1417 1709 ἀρχαία

273 1741 335 1804 καὶ
363 1740 474 1818 μέχρι
501 1739 654 1802 πολλοῦ
687 1737 854 1822 ςυνήθης
881 1735 1024 1803 ἅπαςιν
1058 1737 1194 1802 αὐτοῖς
1221 1739 1240 1815 ἡ
1267 1737 1416 1817 τροφή·

274 1850 388 1930 φέρει
410 1849 450 1912 δὲ
474 1848 629 1924 πολλὴν
652 1847 712 1910 καὶ
734 1848 859 1924 καλὴν
880 1847 899 1924 ἡ
922 1847 1121 1924 Ῥωμαίων
1142 1850 1187 1924 γῆ
1210 1849 1278 1925 τὴν
1301 1845 1414 1934 ζέαν]

274 1956 395 2020 Verum
418 1957 453 2018 in
475 1954 594 2018 eisdem
615 1953 706 2017 libris
729 1955 836 2038 eisque
858 1955 934 2018 solis
956 1976 1049 2038 quem
1072 1955 1255 2019 admodum
1278 1955 1342 2018 alia
1364 1977 1416 2019 sx-

275 2069 365 2129 stant
390 2066 522 2147 propter
549 2063 653 2146 ipsam
680 2084 786 2126 rerum
810 2064 1040 2146 proprietatem
1062 2087 1081 2128 a
1104 2063 1214 2148 quavis
1242 2065 1416 2149 interpola-

275 2173 372 2238 tionis
395 2172 571 2255 suspitione
593 2172 710 2236 libera:
734 2172 871 2256 exempli
892 2173 998 2256 gratia
1018 2174 1044 2256 I,
1062 2174 1103 2238 74
1117 2176 1318 2257 praeclarum
1337 2174 1417 2238 illud

278 2285 440 2350 Κόιντος
462 2284 503 2347 δὲ
525 2282 674 2363 Φάβιος
696 2285 789 2347 κατὰ
811 2285 854 2348 τὸ
880 2288 1040 2363 πρῶτον
1069 2285 1158 2349 ἔτος
1180 2289 1246 2362 τῆς
1269 2284 1417 2363 ὀγδόης

276 2394 538 2473 ὀλυμπιάδοςε
575 2391 696 2454 itane
728 2391 869 2475 potuisse
897 2392 1023 2476 quidem
1050 2393 1114 2456 ullo
1147 2394 1240 2457 modo
1273 2393 1416 2478 confingi

275 2503 419 2568 fatebere
446 2501 540 2565 unius
570 2505 599 2564 B
624 2500 808 2565 testimonio
840 2501 967 2585 prodita
1000 2502 1222 2586 supplementa
1248 2502 1416 2586 quaedam,

277 2612 452 2696 exquisitae
486 2609 651 2674 doetrinae
683 2609 775 2674 laude
812 2610 936 2674 librarii
968 2611 1019 2674 vel
1050 2611 1253 2696 grammatici
1288 2615 1419 2695 captum

276 2722 372 2804 longe
400 2719 596 2802 superantia.
647 2718 676 2782 Ε
704 2741 836 2802 quorum
864 2741 996 2786 numero
1023 2721 1085 2785 duo
1112 2721 1233 2785 subieci
1260 2722 1418 2806 imprimis

277 2828 510 2910 memorabilia,
540 2828 676 2891 alterum
702 2828 734 2910 1,
763 2829 820 2894 51:
858 2831 1047 2908 ἀνελόμενοι
1075 2833 1110 2895 δὲ
1138 2834 1296 2912 χρηςμοὺς
1318 2882 1325 2895 .
1349 2881 1355 2893 .
1380 2883 1417 2897 ..

277 2941 328 3003 ἐπὶ
358 2941 396 3002 τὸ
424 2939 575 3003 ναυτικὸν
604 2936 813 3018 ἀφικνοῦνται
840 2940 1003 3019 τεττάρων
1030 2941 1159 3020 μάλιςτα
1186 2943 1313 3021 ἡμερῶν
1335 2945 1418 3007 διελ-

277 3049 388 3114 θόντες
421 3047 510 3112 ὁδόν.
558 3048 682 3131 [δηλοῖ
713 3051 755 3113 δὲ
791 3050 853 3113 καὶ
885 3052 955 3128 τὴν
989 3049 1042 3115 εἰς
1076 3049 1312 3130 Βούτρωτον
1340 3049 1417 3135 (sio)

277 3161 354 3222 τῶν
377 3157 521 3236 Τρώων
551 3158 770 3236 παρουςίαν
804 3159 932 3238 λόφος
965 3180 1038 3235 τις,
1072 3161 1099 3244 ᾧ
1128 3180 1225 3225 ποτε
1260 3180 1417 3238 ςτρατο·

277 3267 382 3350 πέδῳ
405 3266 636 3348 ἐχρήςαντο,
661 3267 783 3346 Τροία
805 3268 1073 3352 καλούμενος]
1112 3269 1146 3333 ἐκ
1168 3272 1203 3334 δὲ
1227 3271 1418 3350 Βουτρώτου

277 3379 356 3446 κτλ.;
394 3374 529 3437 alterum
560 3373 605 3457 V,
629 3375 686 3456 61,
721 3375 776 3438 ubi
811 3396 881 3438 oum
909 3375 1095 3441 Latinorum
1129 3378 1246 3461 oppida
1280 3378 1418 3463 triginta

278 3484 494 3548 enumeranda
514 3484 651 3565 fuerint,
675 3483 771 3574 vulgo
794 3488 910 3566 autam,
939 3486 1036 3549 etiam
1057 3486 1092 3550 in
1116 3493 1151 3568 Α,
1175 3491 1324 3570 quattuor
1346 3492 1418 3552 tan-

277 3597 345 3656 tum
368 3597 401 3656 et
422 3592 540 3677 viginti
562 3596 797 3676 enumerentur,
821 3599 884 3657 eB
904 3615 970 3658 non
993 3615 1047 3658 sex
1070 3596 1207 3679 quidem,
1231 3598 1284 3661 sed
1302 3599 1419 3662 tanien

279 3703 417 3785 quinque
440 3701 611 3782 accedunt,
641 3701 819 3766 interiectis
847 3703 932 3768 inter
956 3707 1185 3784 Καρυεντανῶν
1209 3706 1282 3790 (sie)
1306 3710 1338 3769 et
1360 3709 1418 3772 Γα-

279 3811 357 3890 βίων
380 3811 552 3875 seoundum
573 3810 753 3874 litterarum
776 3813 919 3876 ordinem
941 3813 991 3876 his
1013 3815 1212 3879 nominibus:
1249 3837 1418 3895 κιρκαιη-

278 3925 355 3987 τῶν
389 3921 639 4000 κοριολάνων
679 3927 899 4002 κορβιντῶν
939 3927 1124 4004 καβανῶν
1161 3927 1416 4008 φορτινείων,

278 4051 411 4114 quorum
433 4050 473 4093 ne
496 4030 580 4112 apud
602 4029 747 4114 Lapum
769 4031 911 4116 quidem,
936 4032 974 4096 de
996 4033 1142 4115 plurimis
1165 4033 1307 4126 alioquin
1329 4033 1418 4098 addi-

279 4139 430 4203 tamentis
466 4161 537 4202 oum
565 4144 593 4202 B
622 4140 891 4225 consentientem,
923 4142 1022 4206 ullum
1053 4143 1224 4228 vestigium
1257 4147 1419 4208 servatum

279 4251 337 4312 est.
383 4247 531 4312 Ceterum
552 4249 591 4314 de
613 4249 701 4332 Lapo
723 4250 783 4314 hoo
803 4252 900 4315 semel
927 4251 1086 4316 monuisse
1109 4251 1188 4316 satis
1210 4256 1287 4316 esto.
