3254 5092
647 363 682 407 ιιι
706 361 989 409 ,ιευοτονιιλυιτικ
1325 344 1386 407 203

212 513 368 579 οοάδικεῖν
397 513 622 592 ἀναιδέςτερον
649 515 804 592 ἤρξαντο,
833 516 882 578 καὶ
910 515 968 578 οὐκ
989 516 1106 593 ἤθελον
1129 517 1217 594 παρὰ
1245 518 1388 593 ποιητῶν

248 629 314 689 τῶν
343 625 392 688 καὶ
421 624 617 688 διδαςκάλων
641 625 850 702 καλουμένων
873 624 1063 703 ἐλέγχεςθαι.
1107 627 1169 704 Τῆς
1192 625 1253 689 οὖν
1276 647 1388 707 κωμῳ-

249 734 317 798 δίας
344 737 399 811 τῆς
429 735 628 812 καλουμένης
655 735 783 813 πρώτης
811 739 942 812 πρῶτος
969 737 1020 799 καὶ
1047 735 1176 815 εὑρετὴς
1203 735 1339 811 γέγονεν
1369 736 1387 798 6

250 844 416 922 Μεγαρεύς
448 844 629 922 (ουςαρίων
663 844 681 908 6
712 845 946 922 Τριποδίςκιος,
980 845 1048 908 υίὸς
1082 846 1128 910 ῶν
1163 845 1315 911 Φιλίννου
1351 847 1388 908 ὃς
1421 909 1427 918 ,
1491 904 1499 922 ,

249 955 357 1038 φαύλῃ
379 955 502 1029 γυναικί
516 957 673 1019 ςυνοικῶν
695 953 896 1039 ἀπολιπούςη
919 955 1019 1019 αύτδν
1035 955 1217 1020 Διονυςίων
1240 956 1387 1033 ἠγμένων

211 1083 237 1122 τι
250 1063 398 1128 εἰςελθὼν
422 1063 466 1128 εἰς
487 1066 526 1129 τὸ
548 1065 684 1145 θέατρον
707 1065 841 1143 τὲςςαρα
869 1064 992 1144 ἰαμβεῖα
1013 1067 1101 1128 ταυτὶ
1123 1065 1343 1145 ἀνεφθέγξατο
1366 1065 1386 1128 ἀ

249 1174 332 1252 μόνα
354 1177 421 1238 τῶν
437 1173 562 1238 ἐκείνου
578 1175 829 1256 ςυγγραμμάτων
849 1175 1043 1256 ἐφεύρονται
1064 1179 1131 1239 τῶν
1154 1174 1263 1239 ἀλλων
1286 1175 1387 1240 ἀπάν-

248 1305 314 1348 των
341 1284 582 1364 ήφανιςμένων·
627 1283 760 1348 ἀκούετε
790 1287 870 1368 λεῲ,
894 1284 1075 1363 (ουςαρίων
1104 1285 1189 1360 λέγει
1209 1285 1284 1349 τάδε
1322 1285 1389 1349 υίός

249 1393 402 1458 Φιλίννου
420 1394 607 1472 Μεγαρόθεν
623 1395 842 1472 Τριποδίςκιος
901 1395 1004 1459 Κακόν
1026 1398 1184 1472 γυναῖκες,
1205 1395 1275 1459 ἀλλ’
1290 1395 1389 1472 ὅμως,

250 1503 276 1566 ῶ
305 1503 453 1581 δημόται,
512 1504 571 1568 οὐκ
598 1503 680 1568 ἐςτιν
710 1504 815 1582 εὑρεῖν
844 1504 945 1568 οἰκίαν
975 1503 1053 1569 ἀνευ
1081 1508 1189 1569 κακοῦ.
1235 1505 1388 1596 Ούτωςὴ

210 1615 360 1692 ωπρώτη
383 1613 534 1698 κωμῳδία
555 1613 593 1677 τὸ
616 1618 744 1694 ςκῶμμα
767 1613 853 1691 εἶχεν
875 1613 1163 1693 ἀπαρακάλυπτον·
1187 1615 1331 1692 ἐξήρκεςε
1354 1615 1389 1678 δέ

248 1723 287 1787 τὸ
309 1723 588 1801 ἀπαρακαλύπτως
611 1722 727 1787 ούτωςὶ
750 1726 914 1806 κωμῳδεῖν
937 1725 1044 1802 μέχρις
1067 1724 1251 1787 Εὐπόλιδος.
1305 1724 1388 1787 Ἐπεὶ
1409 1733 1455 1782 114

249 1834 283 1895 δ’
305 1831 401 1896 ούτος
430 1831 473 1896 εἰς
495 1833 691 1913 Ἀλκιβιάδην
720 1834 778 1898 τὸν
802 1835 976 1912 ςτρατηγόν
1004 1831 1162 1912 ἀπέρριψε
1185 1838 1312 1912 ςκῶμμα
1339 1835 1389 1896 καὶ

250 1946 401 2022 φανερῶς
416 1944 474 2020 τὴν
490 1943 689 2022 τραυλότητα
711 1943 829 2008 τούτου
846 1945 1099 2023 διελοιδόρηςεν,
1122 1943 1237 2021 ἔτυχον
1259 1945 1294 2008 δὲ
1316 1943 1388 2008 τότε

249 2053 299 2116 καὶ
321 2056 389 2116 ταῖς
410 2053 565 2130 τριήρεςιν
589 2052 681 2117 ὄντες
705 2053 749 2117 ὡς
764 2055 941 2132 ναυμαχίας
962 2055 1245 2133 προςδοκωμένης,
1268 2054 1388 2118 κελεύει

212 2165 317 2226 ὀτοῑς
351 2163 567 2240 ςτρατιιύταις,
604 2164 654 2226 καὶ
687 2164 706 2241 ἢ
739 2163 822 2229 ἅπαξ
854 2163 1076 2243 ἐκβράττουςιν
1113 2165 1213 2228 αὐτὸν
1251 2164 1294 2228 εἰς
1330 2165 1389 2243 τὴν

249 2273 422 2348 θάλατταν,
456 2273 505 2336 καὶ
533 2272 700 2348 ἀπώλετο,
735 2274 754 2350 ἢ
785 2273 903 2355 ςχοίνῳ
930 2275 1103 2352 δεδεμένον
1134 2274 1310 2349 ἀνάγοντες
1338 2273 1388 2337 καὶ

250 2381 440 2456 κατάγοντες
469 2381 547 2459 ἧςαν
577 2382 620 2446 είς
648 2383 822 2457 θάλαςςαν,
851 2384 900 2446 καὶ
929 2384 1020 2447 τέλος
1043 2384 1238 2462 περιέςωςαν
1259 2387 1387 2460 τοῦτον,

247 2495 306 2555 τού
329 2491 525 2570 Ἀλκιβιάδου
548 2490 696 2556 εἰπόντος
719 2492 806 2576 αὐτῷ
838 2494 936 2572 βάπτε
959 2513 996 2570 με
1019 2494 1055 2556 ςὺ
1077 2493 1240 2570 θυμέλαις,
1264 2494 1328 2568 ἐγὼ
1352 2493 1387 2556 δέ

249 2621 282 2664 ςε
310 2601 493 2665 κατακλύςω
522 2601 630 2665 ύδαςιν
653 2601 905 2681 ἁλμυρωτάτοις,
935 2603 1025 2679 καὶῆ
1049 2601 1194 2680 ούτωςῆ
1219 2604 1387 2666 παντελῶς

211 2711 481 2790 ιοδιεφθαρμένος
508 2713 576 2775 τοῖς
604 2713 713 2790 κύμαςι
740 2716 796 2789 τῆς
818 2733 851 2776 τε
874 2715 1017 2791 φανεράς
1045 2714 1095 2775 καὶ
1122 2715 1178 2788 τῆς
1201 2713 1386 2790 ςυμβολικῆς

248 2820 431 2902 κωμῳδίας,
454 2821 593 2899 ἐπαύθη,
617 2823 635 2900 ἢ
658 2826 716 2885 τού
739 2824 889 2885 τοιούτου
911 2821 1052 2886 θανάτου
1075 2823 1258 2898 περιεωθεῖς
1282 2820 1387 2886 οὐκέτι

249 2930 416 3012 κωμῳδίαν
438 2933 590 3010 μετῆλθεν
607 2931 894 3008 ἀπαρακάλυπτον,
918 2931 1000 2996 ἀλλὰ
1015 2931 1274 3010 ψηφιςμαθέντος
1288 2932 1386 2994 Ἀλκι-

249 3039 359 3118 βιάδου
382 3044 547 3124 κωμῳδεῖν
570 3041 839 3119 ἐςχηματιςμένως
854 3041 904 3103 καὶ
926 3043 966 3119 μὴ
988 3042 1176 3119 προδήλως,
1200 3041 1295 3105 αὐτός
1317 3040 1386 3105 τεδ

248 3149 383 3212 Εὔπολις
401 3150 552 3228 Κρατῖνός
574 3171 608 3214 τε
630 3151 680 3213 καῖ
697 3150 895 3228 Φερεκράτης
917 3152 967 3214 καὶ
988 3151 1145 3228 Πλάτων,
1169 3151 1229 3229 οὐχ
1252 3151 1271 3215 6
1294 3151 1386 3231 φιλό-

211 3299 236 3339 ,5
250 3279 366 3340 ςοφος,
391 3259 618 3339 Ἀριςτοφάνης
633 3280 666 3324 τε
682 3261 738 3324 ςὺν
762 3260 881 3338 ἑτέροις
896 3261 935 3324 τὰ
951 3261 1120 3339 ςυμβολικά
1135 3261 1385 3340 μετεχειρίςαντο

248 3371 415 3447 ςκῶμματα
437 3371 486 3432 καὶ
508 3370 526 3447 ἡ
549 3371 683 3447 δευτέρα
706 3368 856 3452 κωμῳδία
877 3375 914 3452 τῇ
938 3370 1045 3453 άττικῇ
1068 3369 1295 3449 ἀνεςκίρτηςεν.
1333 3370 1386 3434 Ὡς

247 3474 273 3543 δ’
296 3479 451 3544 ἐπίπλεον
473 3479 660 3558 ἐπεχείρουν
683 3479 712 3542 οἱ
735 3480 865 3543 Ἀττικοὶ
894 3479 1012 3544 ἀδικεῖν
1044 3482 1093 3543 καὶ
1121 3479 1197 3544 οὐδὲ
1219 3478 1387 3558 ςυμβόλοις

247 3590 428 3667 ἐλέγχεςθαι
450 3589 583 3667 ἤθελον,
606 3588 806 3668 ἐψηφίςαντο
828 3593 1023 3668 ςυμβολικῶς
1045 3591 1101 3668 μὲν
1121 3590 1259 3665 γίνεςθαι
1273 3610 1385 3670 κωμῳ-

247 3698 331 3777 δίας,
360 3700 445 3776 πλήν
472 3701 551 3762 κατὰ
579 3699 689 3778 μόνων
718 3699 847 3764 δούλων
874 3701 924 3762 καὶ
946 3700 1064 3774 ξένων,
1095 3699 1266 3763 κάντεῦθεν
1294 3699 1384 3775 καὶὴ

209 3841 235 3880 20
247 3808 333 3887 τρίτη
357 3808 507 3892 κωμῳδία
529 3808 648 3889 ἐφάνη,
676 3807 713 3885 ἧς
741 3807 780 3886 ἦν
803 3809 954 3885 Φιλήμων
981 3809 1031 3872 καὶ
1053 3809 1251 3886 Μένανδρος.
1295 3806 1385 3873 Ἀλλ’

247 3918 315 3982 ἐπεὶ
343 3920 398 3983 τάς
426 3918 585 3996 διαφορὰς
612 3921 667 3995 τῆς
695 3917 825 3996 λογίμη(
852 3918 1020 4000 κωμῳδίας
1043 3917 1225 3998 εἰρήκαμεν,
1255 3918 1385 3982 λεκτέον

247 4027 305 4104 ἤδη
329 4028 379 4090 καὶ
400 4027 485 4091 πόςο
506 4027 582 4105 μέρη
606 4027 709 4103 αὐτῆς.

314 4199 354 4247 26.
374 4197 523 4262 ἐφεύρεται
541 4211 610 4248 corr.
630 4195 799 4260 ἐφεύρονται
817 4194 876 4248 eod.
941 4201 982 4248 27.
1002 4195 1057 4248 λέω
1077 4193 1137 4246 cod.
1192 4195 1242 4261 [30.
1255 4195 1384 4262 ἐζὴρκηςε

246 4286 317 4354 ασελ]
370 4293 393 4340 5.
413 4287 605 4356 ςτρατιώταις]
624 4289 770 4352 ςυλλαβεῑν
788 4288 877 4340 αύτὸν
895 4287 959 4342 add.
978 4286 1064 4342 codex
1083 4285 1223 4340 Parisinus
1272 4293 1310 4341 16.
1324 4289 1385 4342 ἐπε-

247 4376 408 4446 ςκίρτηςενῖ
