3218 5094
258 347 321 411 606
641 359 688 406 un
712 357 781 407 ono
805 357 850 406 nr
873 357 1014 406 ornonn.

259 515 381 580 Comm.
410 514 573 597 palaeogr.
598 535 630 595 p.
655 512 733 593 894,
762 511 940 575 subiectum
961 508 1185 592 Etymolcgico
1209 507 1356 572 Gudiano
1384 528 1404 568 a

260 647 291 707 p.
315 624 376 687 611
400 622 683 705 111617,11111111
711 624 840 684 tantum
868 621 1012 700 ὀνόματα
1031 621 1147 683 tenens
1175 618 1285 697 ῥήμαει
1312 637 1404 700 prae

259 733 430 815 1111111111,
454 733 645 816 inscriptum
669 735 775 795 autem
798 731 987 811 Ὠρίωνος
1009 733 1067 794 τοῦ
1087 729 1243 810 Θηβαίους
1267 727 1404 791 alterum

260 864 277 906 e
304 842 389 906 binis
416 843 572 907 Parisinis
606 865 638 904 n.
661 841 746 905 2610
774 839 896 904 11464
923 839 1117 922 descriptum
1150 836 1325 914 aKoiisiO,
1360 837 1403 900 ab

260 952 385 1018 Sturzio
408 955 514 1015 autem
537 950 598 1034 ipsi
621 950 735 1014 Orioni
756 952 901 1014 iunctum
923 972 954 1033 p.
981 949 1161 1031 173-164,
1192 947 1253 1012 hoc
1275 946 1403 1030 quidem

129 1082 134 1092 ·
259 1063 380 1127 indice:
403 1063 476 1142 περὶ
491 1061 710 1140 ἐτυμολογιῶν
725 1062 805 1126 κατὰ
820 1064 978 1140 (τοιχεῖαν
994 1059 1028 1124 ἐκ
1048 1066 1115 1125 τῶν
1130 1059 1223 1123 κατὰ
1238 1057 1404 1137 Ὠρίωνα

260 1175 318 1238 τὸν
340 1174 492 1253 θηβαῑον.
527 1170 577 1235 Ac
601 1171 743 1236 Sturziue
767 1193 836 1234 cum
859 1170 961 1253 praef.
983 1169 1018 1232 in
1038 1169 1189 1234 Orionem
1213 1191 1245 1252 p.
1266 1165 1404 1232 lV-VI

260 1303 411 1366 quaerere
433 1303 499 1346 non
521 1281 716 1366 neglexerit,
741 1303 822 1365 quae
841 1279 999 1344 videretur
1021 1278 1104 1342 ratio
1126 1278 1252 1343 illorum
1274 1299 1403 1360 excerp-

259 1396 364 1456 torum
393 1414 476 1474 esse,
507 1390 667 1456 Koisiana
694 1390 821 1475 quidem
849 1389 1039 1473 pronuntiat
1062 1393 1133 1465 sere
1161 1395 1278 1466 omnia,
1312 1407 1403 1465 quum

259 1509 409 1568 interdum
435 1507 522 1566 nimis
546 1507 657 1580 putido
683 1507 755 1579 sint,
789 1505 896 1565 Orioni
925 1504 1066 1564 Thebano
1093 1519 1155 1563 esse
1181 1504 1354 1579 supposita3
1384 1517 1403 1560 1

260 1611 496 1676 Darmstcdinis
519 1615 641 1693 autem,
671 1633 752 1697 quae
780 1609 921 1675 indiculo
943 1632 975 1693 p.
991 1609 1022 1673 V
1043 1610 1148 1692 posito
1176 1608 1284 1673 docuit
1311 1609 1402 1672 nota·

259 1723 363 1787 tiones
386 1721 554 1805 complecti
581 1721 701 1804 partim
723 1721 842 1787 Orione
869 1720 1029 1803 pleniores
1056 1718 1175 1801 partim
1203 1717 1287 1802 apud
1311 1714 1403 1781 illum

258 1807 325 1896 nori
346 1835 507 1916 repertae,
531 1831 612 1894 nihil
635 1853 668 1896 se
691 1834 944 1916 repugnaturrun
966 1829 1013 1894 ait
1034 1837 1061 1894 si
1087 1836 1154 1909 quis
1179 1833 1298 1894 Orionis
1319 1833 1402 1892 codi-

259 1964 322 2007 cem
344 1947 546 2022 supplendum
569 1947 799 2020 accendamque
819 1946 1046 2005 existimaverit.

343 2050 391 2115 Re
414 2051 600 2135 diligentius
623 2051 805 2116 1111111111
827 2051 866 2115 de
887 2053 1020 2135 utroque
1043 2052 1264 2133 excerptorum
1282 2069 1403 2133 genere

260 2162 307 2226 sic
329 2162 462 2245 habeto,
492 2164 528 2225 ut
557 2183 686 2225 suarmn
707 2163 832 2244 partem
854 2161 1057 2224 notationum
1078 2181 1151 2224 vere
1179 2162 1339 2242 sumptam
1362 2180 1403 2222 ex

123 2313 126 2320 ·
228 2257 230 2264 ,
260 2272 379 2338 Orione
401 2273 550 2353 teneant,
580 2274 705 2354 partem
733 2274 840 2336 autem
867 2293 906 2335 ex
934 2271 1005 2334 aliis
1029 2269 1260 2355 Etymologicis
1288 2269 1402 2354 agglu-

259 2382 407 2446 tinatam.
463 2382 508 2446 Et
538 2381 598 2445 has
630 2381 758 2465 quidem
790 2383 917 2444 tentum
952 2403 1018 2445 non
1032 2439 1037 2444 .
1052 2402 1162 2445 omnes
1194 2379 1332 2462 reperies
1365 2379 1402 2443 in

209 2505 242 2555 aa
260 2493 380 2577 Magno
403 2492 639 2576 Etymologico:
668 2492 750 2575 quod
773 2491 827 2555 ubi
854 2495 886 2555 te
909 2490 1103 2574 destituerit,
1132 2490 1258 2554 easdem
1285 2509 1402 2573 quaere

260 2603 294 2666 in
318 2603 482 2685 (ludione,
511 2601 599 2665 velut
621 2602 763 2681 αἰεχρὸε,
793 2602 873 2681 χολή
897 2601 1196 2665 Darmstadinorum
1216 2622 1249 2683 p.
1271 2600 1344 2681 612,
1368 2599 1400 2664 8.

259 2712 333 2795 617,
359 2712 412 2792 19,
442 2711 565 2776 ἄκανθα
592 2709 809 2776 Parisinorum
837 2733 869 2794 p.
896 2712 971 2794 176,
1003 2712 1051 2774 16.
1081 2710 1149 2786 Quo
1176 2710 1214 2773 fit
1240 2713 1277 2774 ut
1305 2709 1402 2774 huius

260 2821 346 2885 modi
368 2822 550 2884 notationes
572 2820 728 2904 quaedam
756 2822 791 2885 in
819 2821 961 2905 utrisque
988 2821 1029 2885 ad
1051 2821 1192 2885 litteram
1215 2820 1400 2902 concinant,

260 2954 289 2995 ν.
314 2952 341 2994 c.
365 2931 486 3009 ἄνηθον
508 2930 650 2994 Darmst.
674 2954 705 3015 p.
729 2932 786 2995 611
799 2981 807 3013 ,
831 2933 867 3013 8,
892 2931 965 2995 Par.
991 2933 1062 3015 176,
1086 2931 1143 3013 23,
1172 2931 1206 2995 111
1229 2930 1300 2994 aliis
1322 2930 1401 2993 alte-

259 3062 329 3105 ram
356 3043 481 3124 partem
507 3040 682 3104 notationis
709 3041 743 3104 in
772 3041 995 3126 Etymologico
1023 3041 1067 3104 M.
1097 3041 1220 3124 positae
1252 3039 1401 3104 Parisino

152 3155 155 3164 '
260 3150 473 3233 susceperint,
503 3150 730 3214 Darmstadina
758 3151 907 3233 alteram,
935 3154 972 3214 ut
999 3173 1029 3214 v.
1059 3150 1156 3230 ἀετήρ
1183 3172 1215 3232 p.
1239 3149 1317 3230 612,
1349 3150 1399 3212 16.

262 3261 340 3343 176,
365 3261 405 3324 14
425 3289 468 3318 =
489 3259 542 3324 Et.
567 3261 610 3324 M.
638 3260 713 3342 158,
739 3260 791 3325 51.
837 3260 905 3324 Nec
931 3261 1044 3325 lectori
1071 3282 1131 3325 nec
1157 3251 1250 3324 bonis
1279 3259 1400 3322 chartis

259 3392 390 3454 parcere
418 3371 492 3434 nolo
520 3371 672 3453 exemplis
700 3370 926 3455 congerendis,
960 3391 1040 3454 quae
1075 3371 1109 3434 in
1143 3373 1292 3453 promptu
1324 3373 1402 3434 sunt

260 3483 411 3544 centena:
444 3481 499 3544 sed
533 3481 571 3544 de
601 3501 665 3543 unc
693 3483 803 3544 tamen
835 3502 993 3564 exponam
1025 3480 1181 3564 imprimis
1211 3479 1325 3543 idoneo
1358 3480 1401 3543 ad

259 3591 507 3673 persuasionem.
552 3589 591 3652 In
619 3587 727 3673 Etym.
757 3590 801 3654 M.
825 3613 856 3674 p.
880 3592 937 3673 31,
964 3591 979 3653 1
1003 3590 1082 3654 haec
1104 3593 1247 3655 exstant:
1275 3589 1401 3654 Αἰὸοῖα·

259 3701 346 3780 παρὰ
378 3702 415 3765 τὸ
447 3701 609 3779 αἰδοῦμαι,
640 3704 802 3779 γυμνῶεαι
832 3701 894 3779 γὰρ
927 3702 947 3780 ἢ
978 3700 1132 3780 ὀνομάεαι
1161 3705 1263 3766 ταῦτα
1294 3699 1400 3764 αἰδού-

258 3817 351 3890 μεθα·
379 3812 398 3890 ἢ
427 3812 515 3891 παρὰ
541 3812 578 3875 τὸ
601 3810 793 3878 ἀνοιδαίνειν
821 3811 857 3877 ἐν
879 3816 917 3895 τῇ
944 3812 1093 3893 (υνουείᾳ
1115 3810 1273 3891 ὀργῶντα.
1316 3811 1400 3876 ἔετιν

259 3919 319 3986 οὖν
349 3921 488 3986 Ἰωνικὸν
517 3921 635 3997 αἰδοῖα,
668 3923 718 3985 καὶ
750 3927 852 4004 τροπῇ
880 3925 939 3986 τοῦ
966 3925 985 3989 ὀ
1010 3920 1054 3988 εἰ(
1093 3919 1250 3986 ᾶαίδοῑα.
1294 3919 1400 3984 οὕτω(

258 4029 383 4110 Ὠρίων.
428 4029 584 4113 Exemplo
607 4029 719 4112 discis,
749 4051 844 4114 quam
866 4030 1060 4114 inspeciem
1084 4051 1236 4094 consuere
1257 4029 1400 4094 diversas

259 4139 453 4203 diversorum
476 4139 658 4204 notationes
687 4141 887 4206 consueverit
908 4139 1125 4226 Eltymologici
1152 4145 1278 4205 auctor:
1308 4137 1399 4203 Orio·

258 4249 434 4332 1111111111,
463 4253 499 4314 11
527 4254 560 4314 11
582 4251 650 4334 ipse
671 4253 809 4316 testatur
835 4273 866 4334 p.
892 4251 943 4332 15,
966 4251 1008 4318 26
1037 4256 1069 4315 11
1095 4253 1114 4330 ἤ
1141 4250 1300 4334 particula
1327 4271 1400 4332 pro·

259 4358 321 4441 dit,
350 4359 507 4443 posterior
534 4363 662 4425 tantum
690 4360 845 4424 derivatio
878 4363 936 4425 est.
992 4360 1094 4436 Quam
1126 4383 1198 4426 cum
1231 4363 1399 4426 consenta-
