3270 5094
255 311 318 376 396
599 327 646 376 uu
669 326 818 376 osumoo
843 325 1050 376 soruocnso

256 503 384 564 nomen,
408 481 434 544 si
450 480 525 565 quid
540 480 692 563 sopimus,
714 501 780 544 non
795 483 922 544 tantum
936 500 1003 544 non
1018 478 1216 543 desideratur
1231 479 1392 562 omissum,
1462 470 1468 480 ’

256 591 311 654 sed
334 591 477 655 additum
498 593 566 654 tam
587 590 719 655 offendit
740 592 776 653 ut
798 588 948 673 Sophocli
973 589 1071 653 tribui
1093 610 1221 672 prorsus
1243 591 1392 673 nequeat.

256 699 356 775 Quem
378 699 512 765 decebat
533 701 588 764 aut
610 702 668 766 τὰν
690 701 833 779 μεγάλαν
851 699 985 779 Δωρίδα
1006 703 1106 766 νᾶεον
1129 698 1234 763 dicere
1257 701 1313 762 aut
1334 699 1393 764 τάν

256 812 396 889 μεγάλαν
434 811 587 876 Πέλοπα(
624 815 724 876 νᾶεαν
760 809 967 892 simpliciter,
1005 809 1093 872 nullo
1129 806 1222 872 modo
1258 807 1393 872 iunctim

255 924 438 1004 utrumque,
463 921 494 984 id
517 920 599 1005 quod
622 921 656 984 in
678 918 901 1004 geographum
924 918 1019 1001 cadit,
1043 919 1077 982 in
1098 921 1227 1002 poetam
1249 918 1391 982 minime.

255 1029 412 1112 Alterum,
436 1031 519 1114 quod
541 1031 696 1094 nollemus
718 1029 797 1092 item
818 1028 1002 1112 neglectum
1024 1027 1064 1091 eb
1087 1027 1326 1111 interpretibus,
1353 1025 1394 1090 ad

255 1141 387 1204 πώποτε
409 1137 560 1222 pertinet,
584 1159 679 1221 quam
700 1137 892 1221 particulam
914 1138 955 1201 ab
977 1137 1027 1202 his
1050 1137 1176 1221 quidem
1197 1137 1301 1201 verbis
1324 1137 1394 1220 ipsa

255 1249 303 1310 vis
325 1249 504 1312 sententiae
527 1252 687 1331 segreget.
732 1247 783 1311 Ita
806 1248 892 1311 euim
914 1247 994 1331 quod
1018 1247 1135 1330 prodit,
1160 1247 1264 1330 ‘quale
1286 1247 1337 1311 vel
1359 1246 1393 1310 in

255 1357 335 1421 Asia
356 1358 406 1421 vel
429 1357 464 1421 in
478 1357 699 1440 Peloponneso
721 1356 863 1421 nondum
878 1379 1028 1441 umquam
1050 1358 1165 1440 sponte
1186 1355 1392 1440 progenitum

256 1467 408 1550 aecipio',
431 1467 478 1531 sic
500 1465 620 1530 dictum
642 1470 691 1531 est
712 1467 872 1550 profecto,
902 1467 1008 1550 quasi,
1039 1465 1121 1550 quod
1145 1464 1249 1530 adhuc
1271 1466 1393 1530 factum

255 1576 401 1659 nonsit,
435 1597 527 1659 posse
556 1577 590 1640 in
618 1580 779 1660 posterum
806 1575 876 1640 fieri
904 1575 1078 1659 cogitetur:
1113 1575 1195 1659 quod
1226 1575 1302 1640 hinc
1325 1597 1393 1639 esse

256 1686 486 1749 alienissimum
510 1691 654 1769 apparet.
701 1685 842 1770 Simplex
864 1685 1036 1769 requiritur
1058 1692 1268 1769 ‘numquam’
1291 1684 1391 1767 notio,

254 1794 316 1860 hoc
331 1800 380 1859 est
395 1797 433 1860 οὔ
449 1816 541 1879 ποτε,
565 1818 631 1859 non
650 1795 689 1860 οὐ
705 1796 890 1880 πώποτε*);
913 1817 974 1858 nec
990 1794 1084 1858 aliter
1105 1794 1140 1858 in
1161 1794 1258 1858 simili
1281 1816 1393 1859 caussa

256 1907 367 1988 poetas
400 1905 522 1968 locutos
556 1904 689 1988 reperio.
742 1903 829 1968 Hinc
860 1904 960 1989 igitur
987 1904 1043 1967 ubi
1071 1903 1205 1988 dignam
1237 1903 1393 1987 Sophocle

256 2034 354 2076 unam
375 2013 460 2077 hanc
482 2035 551 2078 esse
570 2014 746 2078 orationem
768 2014 1032 2097 perspexerimus,
1058 2014 1132 2080 οὐδ’
1154 2014 1252 2098 ἐν,τᾷ
1272 2017 1395 2098 μεγάλᾳ

257 2123 380 2202 Δωρίδι
402 2123 488 2208 νάεῳ
511 2127 590 2189 ποτὲ
613 2125 764 2204 βλαετόν,
794 2145 989 2208 consequens
1017 2126 1066 2187 est
1092 2144 1169 2187 sane
1197 2126 1232 2187 ut
1254 2123 1289 2186 in
1311 2123 1393 2187 anti·

256 2232 388 2316 stropha
416 2231 536 2316 aliquid
563 2233 640 2296 item
672 2232 780 2297 deberi
814 2233 984 2316 interpreti
1012 2232 1173 2296 credatur:
1211 2232 1293 2316 quod
1326 2255 1393 2296 uon

256 2344 363 2424 potest
395 2341 481 2406 aliud
510 2364 578 2406 esse
604 2343 668 2406 nisi
697 2342 856 2407 adiectum
883 2366 914 2407 v.
938 2343 999 2407 709
1027 2342 1142 2426 εἰπεῖν,
1178 2342 1328 2406 coalitum
1361 2342 1393 2406 id

256 2451 383 2536 quidem
411 2475 483 2516 cum
509 2453 573 2518 fine
600 2475 709 2517 versus
736 2452 884 2518 similiter
911 2455 1006 2536 atque
1034 2473 1106 2515 cum
1133 2451 1291 2535 principio
1314 2455 1392 2515 stro-

256 2559 342 2644 phici
364 2562 516 2628 Πέλοπο(
538 2563 628 2626 illud.
673 2562 758 2627 Nam
780 2584 817 2626 eo
839 2561 999 2626 infinitivo
1022 2583 1093 2624 oum
1108 2559 1272 2625 Nauckius
1294 2565 1394 2645 negat

257 2693 365 2734 carere
392 2693 450 2736 nos
478 2693 570 2756 posse
577 2721 586 2754 ,
621 2694 688 2736 non
715 2673 807 2737 video
834 2671 910 2756 quid
937 2671 971 2734 in
993 2671 1043 2734 his
1065 2671 1242 2754 vituperes:
1280 2671 1393 2734 ‘aliam

255 2780 382 2844 laudern
404 2780 647 2868 (laudationem)
670 2782 784 2846 habeo'
804 2781 837 2845 h.
854 2804 882 2845 e.
906 2780 983 2844 ‘alia
1002 2781 1071 2844 laus
1088 2780 1122 2844 in
1144 2783 1294 2863 promptu
1315 2780 1394 2844 mihi

256 2892 333 2954 est’.
379 2890 441 2954 Pro
473 2914 535 2975 quo
570 2913 641 2956 cum
670 2891 801 2956 minime
829 2912 983 2976 negemus
1017 2893 1068 2953 sat
1100 2889 1262 2954 commode
1296 2889 1392 2954 etiam

257 2999 357 3066 ἄλλον
379 3002 413 3065 δ’
435 3001 530 3067 αἶνον
553 3002 618 3082 ἔχω
641 3003 740 3069 εἰπεῖν
764 3000 826 3065 dici
854 2998 1009 3083 potuisse,
1043 2999 1113 3084 ipsa
1142 3021 1253 3064 caussa
1282 3003 1394 3084 aperta

257 3113 400 3189 estem,
427 3109 508 3194 quod
538 3113 570 3174 et
595 3111 721 3194 plenius
749 3115 782 3175 et
803 3110 930 3194 planius
959 3109 1022 3173 dici
1049 3109 1183 3174 sentiret
1235 3109 1393 3193 interpres

257 3218 461 3283 adscriberet.
507 3219 559 3286 Sic
587 3221 686 3306 igitur
714 3242 785 3285 cum
814 3219 914 3303 ipsius
936 3219 1117 3284 sententiae
1139 3219 1302 3304 elegantia
1325 3240 1393 3302 per-

255 3328 375 3392 fectam
397 3351 600 3395 numerorum
623 3330 874 3396 concinnitatem
896 3349 1099 3413 recuperasse
1121 3328 1313 3394 videbimur:

383 3533 467 3599 ἔετιν
489 3535 522 3598 δ’
545 3533 617 3599 οἷον
641 3534 705 3610 ἐγὼ
727 3538 786 3612 γᾶε
809 3533 909 3598 Ἀαίαε
931 3533 989 3598 οὐκ
1011 3531 1162 3598 ἐπακούω

383 3643 458 3708 οὐδ’
480 3644 516 3710 ἐν
538 3649 578 3728 τᾷ
599 3645 720 3728 μεγάλᾳ
742 3643 866 3725 Δωρίδι
888 3643 974 3729 νάεῳ
997 3645 1077 3708 ποτὲ
1099 3641 1274 3724 βλα(τόν“

383 3846 485 3913 ἄλλον
508 3849 541 3911 δ’
563 3845 658 3913 αἶνον
681 3847 746 3927 ἔχω
768 3847 963 3927 ματροπόλει
984 3849 1059 3928 τᾷδε
1081 3845 1257 3925 reductor,
1339 3823 1342 3830 ⁵

383 3961 493 4037 δῶρον
514 3961 574 4021 τοῦ
596 3957 736 4037 μεγάλου
758 3959 924 4036 δαίμονος,
947 3956 1072 4036 αὔχημα
1093 3956 1252 4034 μέγιετον·

325 4245 350 4312 *)
374 4245 416 4314 [Iu
433 4244 487 4298 hoc
503 4242 585 4298 nimis
602 4260 647 4298 me
666 4261 792 4299 severum
810 4260 954 4298 censorem
976 4259 1032 4296 uon
1053 4240 1206 4307 immerito,
1229 4243 1261 4294 ut
1278 4240 1395 4306 videtur,

256 4338 399 4406 Augustus
416 4335 570 4392 Meinekius
588 4337 681 4408 arguit
699 4337 795 4392 adnot.
814 4335 851 4392 ad
869 4335 935 4392 Oed.
957 4335 1014 4392 Col.
1034 4337 1070 4402 (a.
1092 4337 1166 4402 1863)
1185 4351 1212 4404 p.
1234 4339 1281 4386 164
1300 4333 1353 4406 αα]
