3184 5100
558 361 718 430 sennaar.
741 360 912 408 emmona.
1244 344 1305 408 717

164 512 296 578 duorum
325 514 564 578 enuntiatorum
590 535 648 598 per
674 513 725 579 καί
753 513 945 598 particulam
969 513 1144 597 copulatio,
1174 533 1306 598 quorum

163 644 224 688 nec
252 624 430 689 subiectum
457 623 703 709 grammaticum
729 645 832 707 neque
859 624 1018 688 obiectum
1048 644 1213 687 commune
1241 627 1305 687 est:

165 734 224 797 etsi
247 755 313 798 non
336 733 490 799 dissentio
511 735 546 798 in
562 755 609 818 eo,
633 733 716 819 quod
739 734 785 798 ita
806 734 907 798 multo
930 755 998 798 esse
1013 733 1162 798 usitatius
1184 735 1225 798 δέ
1241 755 1305 798 cre-

164 821 222 926 dit,
246 847 356 908 tamen
380 843 556 908 cavendum
578 847 627 908 est
648 865 690 908 ne
712 843 789 909 illud
813 865 915 929 genus
937 865 1065 928 prorsus
1087 823 1304 928 explodamus.

164 951 254 1027 Quod
286 958 322 1018 ut
354 976 419 1019 non
458 953 608 1018 abhorret
647 955 689 1019 ab
721 953 909 1018 Latinorum
945 958 1111 1038 poetarum
1148 975 1304 1036 sermone,

164 1063 252 1126 velut
279 1063 399 1128 Tibulli
420 1064 452 1146 Ι,
481 1064 519 1147 3,
548 1064 590 1128 70
624 1065 859 1148 (Tisiphoneque
879 1072 1003 1145 impexa
1021 1067 1107 1142 seros
1131 1084 1192 1143 pro
1213 1070 1305 1128 crine·-

163 1177 495 1253 anonomaston,
524 1185 558 1238 et
583 1179 643 1238 tac
670 1180 743 1240 illuc
772 1181 866 1254 impia
894 1181 983 1241 turba
1006 1175 1123 1260 sapit),
1151 1173 1198 1238 ita
1221 1174 1303 1258 apud

165 1282 304 1348 Graecos
320 1284 405 1349 haud
420 1284 528 1368 paullo
542 1283 741 1368 frequentius
755 1285 923 1370 reperitur.
955 1282 1053 1349 Velut
1064 1284 1148 1368 apud
1164 1284 1304 1368 Aeschy-

164 1392 230 1456 lum
253 1393 383 1478 Septem
405 1395 445 1458 ad
467 1394 594 1459 Tbebas
619 1417 649 1458 ν.
673 1395 730 1460 66:

316 1524 422 1601 κάγὼ
444 1523 484 1588 τὰ
506 1523 603 1588 λοιπὰ
625 1524 737 1589 πιςτὸν
759 1524 981 1604 ἡμεροςκόπον

317 1634 488 1715 ὀφθαλμὸν
511 1635 600 1716 ἔξω,
624 1636 685 1699 καὶ
706 1635 861 1718 ςαφηνεὶᾳ
884 1634 985 1712 λόγου

315 1743 409 1809 εἰδὼς
431 1746 470 1809 τὰ
490 1749 557 1810 τῶν
580 1744 717 1824 θύραθεν
740 1743 879 1826 ἀβλαβὴς
901 1745 985 1810 ἔςει.

103 1889 107 1898 ’
165 1875 287 1941 Ibidem
308 1899 340 1942 ν.
362 1878 441 1944 386:

312 2013 361 2100 ’τῷ
384 2035 434 2080 τοι
456 2015 592 2097 φέροντι
613 2019 655 2095 ςῆ
662 2017 697 2095 μ’
719 2015 927 2098 ὑπέρκομπον
949 2015 1024 2081 τάδε

315 2125 467 2200 γένοιτ’
489 2126 529 2190 ἂν
551 2126 659 2206 ὀρθῶς
680 2125 814 2192 ἐνδίκως
833 2129 865 2191 τ’
887 2127 1079 2208 ἐπώνυμον,

315 2235 458 2301 καύτὸς
485 2237 560 2300 καθ’
581 2235 680 2301 αὑτοῦ
702 2237 794 2315 τήνδ’
817 2236 906 2317 ὕβριν
928 2236 1194 2315 μαντεύςεται.

165 2369 249 2431 etv.
273 2367 351 2433 629:

315 2487 358 2554 ss-
379 2505 530 2573 κατάξω
553 2508 585 2571 δ’
606 2507 710 2587 ἄνδρα
730 2507 836 2590 τόνδε,
860 2509 921 2572 καὶ
944 2507 1038 2572 πόλιν

316 2617 393 2683 ἕξει
415 2621 578 2702 πατρῴων
602 2619 760 2698 δωμάτων
781 2620 815 2683 τ’
836 2617 1040 2698 ἐπιςτροφάς.

164 2750 257 2816 nude
279 2751 444 2837 Sophoclis
467 2721 658 2837 Antigonae}
675 2775 706 2817 v.
733 2753 813 2818 nra
837 2749 863 2839 [1
873 2751 962 2840 1861:

317 2891 368 2954 καὶ
389 2889 569 2970 τυγχάνω
591 2910 626 2955 τε
648 2891 762 2974 κλῇθρ’
784 2888 987 2956 ἀναςπαςτοῦ
1009 2890 1111 2969 πύλης

316 3003 456 3079 χαλῶςα,
478 2999 541 3065 καί
562 3021 600 3079 με
622 3001 798 3081 φθόγγος
820 2999 939 3066 οἰκείου
960 3005 1059 3065 κακοῦ

315 3111 452 3190 βάλλει
474 3112 519 3175 δι’
540 3109 644 3176 ὤτων.

165 3259 226 3326 Sed
254 3260 321 3325 eius
348 3262 433 3326 modi
461 3263 618 3326 dictorum
646 3261 820 3346 singularis
848 3262 1005 3348 quaedam
1032 3263 1115 3327 ratio
1142 3263 1222 3328 haee
1244 3269 1302 3348 est,

164 3373 201 3434 ut
222 3371 390 3435 enuntiata
412 3393 477 3436 non
499 3373 565 3438 sint
587 3371 775 3456 simpliciter
793 3375 921 3436 tantum
937 3372 1096 3456 copulata,
1120 3373 1175 3437 aed
1197 3375 1304 3457 aptius

164 3480 250 3544 inter
271 3503 306 3544 se
328 3503 449 3546 conexa
471 3485 505 3546 et
524 3482 663 3546 invicem
685 3482 746 3546 sibi
768 3482 880 3546 relata.
923 3482 1055 3547 Etenim
1077 3483 1183 3566 priora
1205 3505 1304 3548 enun-

163 3590 246 3654 tiato
272 3591 340 3654 fere
370 3591 553 3656 continetur
580 3613 719 3656 caussa
747 3591 814 3656 eius
841 3592 887 3656 rei
915 3613 996 3677 quae
1028 3592 1158 3656 effertur
1190 3593 1302 3677 altero,

163 3700 214 3763 vel
242 3704 328 3764 certe
355 3702 548 3767 antecedens
575 3701 726 3786 quiddam
754 3701 837 3786 quod
869 3702 970 3786 possit
997 3723 1055 3786 pro
1084 3723 1197 3767 caussa
1223 3724 1302 3768 esse.

165 3809 216 3873 Ad
243 3810 353 3875 Aiacis
380 3815 487 3874 autem
515 3833 623 3875 versus
650 3812 714 3876 ista
740 3811 894 3875 orationis
923 3812 1026 3876 forma
1055 3812 1228 3898 insigniter
1255 3817 1304 3876 est

165 3920 414 3985 accommodata.
459 3921 497 3985 In
525 3943 603 4005 quc,
632 3925 668 3984 ut
689 3922 750 3986 hoc
772 3943 1012 4004 praemoneam,
1044 3944 1111 3986 non
1133 3923 1212 3987 satis
1234 3945 1303 4007 per-

164 4031 313 4114 spicitur,
342 4031 503 4116 quodnam
531 4030 573 4094 sit
601 4029 678 4094 illud
701 4031 805 4094 fatum
828 4031 877 4094 cui
899 4031 1073 4116 opponitur
1094 4031 1175 4112 ἄλλη
1197 4036 1302 4113 μοῖρα.

164 4137 294 4205 Patriae
311 4142 397 4205 enim
420 4141 577 4206 excidium
600 4163 673 4204 cum
694 4140 853 4204 referatur
868 4141 908 4204 ad
924 4141 1057 4205 Aiacem
1073 4140 1248 4226 etquidem
1263 4142 1302 4206 ad

58 4261 70 4282 ·
164 4247 232 4314 eius
247 4250 385 4334 hastam,
402 4255 458 4314 aut
472 4251 556 4315 Aiax
572 4250 689 4314 dicitur
703 4254 798 4331 pcipe
813 4271 881 4315 esse
898 4254 952 4315 aut
967 4250 1062 4315 hasta
1077 4251 1154 4315 eius.
1185 4251 1304 4328 Quodsi

164 4361 296 4424 omnino
320 4359 383 4424 alio
406 4360 495 4425 exitii
523 4381 642 4444 genere
664 4360 823 4425 exstincta
851 4382 920 4425 esse
941 4361 1058 4425 dicitur
1080 4362 1186 4444 patria
1209 4367 1304 4446 atque
