3254 5092
621 364 741 422 nuova
763 363 979 412 saniouoao.
1311 348 1370 410 175

229 515 258 578 E
284 538 346 600 quo
368 515 603 580 evidentissime
627 515 830 598 consequitur
858 517 1021 597 corruptos
1044 535 1112 578 esse
1139 514 1291 597 quosdam
1314 535 1371 577 nu-

229 645 347 690 meros:
371 625 425 709 qui
447 646 507 708 quo
526 625 619 690 modo
636 624 817 709 corrigendi
832 624 914 706 sint,
938 624 1034 688 facile
1056 623 1164 687 licete
1185 645 1372 687 11110111-

229 739 358 818 ptorum
369 735 606 819 comparatione
622 735 812 818 perspicere.
839 733 924 798 Nam
936 755 1007 798 curu
1018 733 1230 796 diverbiorum
1245 733 1372 817 quidem

230 844 395 928 discriptio
428 866 495 908 non
521 844 661 929 potuerit
692 843 754 908 sibi
781 865 847 908 non
876 847 1037 908 constare:
1072 843 1127 906 ubi
1158 842 1198 906 de
1225 864 1372 907 versuum

230 954 433 1018 multitudine
461 954 608 1018 universa
636 953 810 1037 dempseris
843 953 878 1016 in
905 952 1028 1035 Oedipo
1057 952 1125 1018 Col.
1160 952 1373 1016 diverbiorum

230 1085 339 1128 versus
368 1064 460 1146 1273,
490 1064 525 1127 in
546 1063 726 1127 Philocteta
756 1063 849 1144 1097,
878 1063 913 1126 in
939 1062 1120 1126 Trachiniis
1147 1062 1219 1144 970,
1249 1065 1373 1126 restant

232 1173 429 1236 choricorum
451 1195 558 1237 versus
580 1195 619 1236 ex
641 1172 795 1238 hodierna
817 1171 1023 1255 discriptione
1046 1171 1081 1234 in
1101 1171 1223 1254 Oedipo
1240 1171 1313 1252 506,
1338 1171 1372 1234 11

231 1281 411 1346 Philocteta
433 1283 511 1364 374,
535 1283 570 1346 in
592 1282 774 1346 Trachiniis
796 1283 874 1346 310:
902 1283 1015 1365 quibus
1038 1281 1178 1346 numeris
1200 1282 1373 1346 secundum

231 1391 440 1456 laurentiani
468 1373 734 1476 subscriptionem
761 1392 795 1454 hi
823 1391 1031 1475 respondent:
1059 1391 1133 1472 357,
1159 1391 1221 1455 308
1244 1394 1277 1456 et
1298 1391 1371 1456 250.

233 1500 284 1564 Ad
304 1502 419 1566 harum
440 1501 601 1566 rationum
623 1501 863 1564 similitudinem
891 1500 1054 1583 aptissime
1076 1500 1215 1584 reliquae
1242 1501 1371 1566 fabulae

232 1611 572 1694 accommodabuntur,
606 1611 661 1674 ubi
689 1610 822 1674 adiectis
829 1661 838 1693 ,
873 1609 927 1693 qui
953 1610 1049 1674 facile
1077 1614 1249 1692 potnerrmt
1276 1610 1373 1674 inter·

233 1719 353 1804 cidere,
379 1721 572 1786 centenariis
588 1721 728 1785 numeris
751 1741 790 1784 ex
807 1719 934 1801 Aiacis,
956 1719 1120 1802 Electrae,
1145 1720 1258 1804 Oedipi
1274 1719 1373 1805 Regis
1499 1771 1506 1784 .

232 1831 346 1910 ετίχοι(
369 1831 415 1894 111
436 1832 472 1896 in
493 1831 710 1896 Laurentiano
732 1829 815 1894 libro
836 1829 985 1913 proditis:
1013 1826 1103 1916 pub,
1125 1829 1194 1920 ,op',
1223 1829 1287 1920 ps,
1316 1830 1373 1894 hos

233 1939 373 2004 effeceris
395 1937 501 2028 ,ατμδζ
524 1940 613 2026 ,αυμζ
635 1939 718 2029 ,uuit
762 1939 814 2003 Ita
836 1939 939 2022 enim,
964 1942 1090 2003 servato
1112 1939 1238 2023 quidem
1264 1941 1374 2005 ecdem

232 2049 413 2114 fabularum
447 2051 574 2132 ordine,
609 2050 794 2114 malleorum
827 2049 1003 2114 carminum
1037 2049 1180 2113 versibus
1211 2049 1374 2114 hodiernis

232 2159 310 2240 342,
341 2159 414 2240 385,
448 2161 511 2224 313
542 2161 737 2242 respondent
772 2181 791 2222 a
819 2159 979 2223 veteribus
1011 2159 1157 2242 discripti
1190 2160 1262 2242 266,
1299 2159 1372 2242 315,

232 2268 304 2332 242.
349 2267 464 2332 Restat
492 2269 676 2354 Antigona,
705 2269 848 2332 diverbia
876 2268 998 2332 habens
1027 2267 1105 2350 015,
1135 2269 1262 2333 cantica
1289 2269 1374 2352 apud

233 2367 449 2442 Gaisfordium
469 2379 547 2443 438:
572 2401 590 2442 a
613 2379 726 2462 quibus
750 2399 820 2442 cum
842 2378 977 2441 nimium
999 2376 1062 2442 232
1084 2377 1220 2460 distent,
1250 2380 1374 2464 corrige

121 2492 126 2500 '
233 2486 267 2552 in
289 2487 498 2552 [laurentiani
520 2488 753 2572 subscriptione
776 2489 850 2568 ετίχ.
873 2485 967 2575 ,αεμῖ
990 2508 1047 2570 pro
1069 2484 1181 2574 ,upbit
1204 2510 1266 2570 quo
1287 2489 1325 2552 fit
1338 2493 1376 2553 ut

232 2597 338 2662 melici
365 2619 473 2662 versus
506 2597 583 2662 olim
615 2598 678 2662 332
709 2598 840 2661 fuerint.
891 2596 944 2662 Sic
975 2597 1101 2660 demum
1135 2597 1286 2680 eundem,
1320 2599 1374 2683 qui

232 2705 326 2770 hodie
340 2708 475 2790 obtinet,
499 2707 680 2772 fabularum
695 2728 734 2771 ex
749 2707 968 2790 amplitudinis
990 2707 1114 2772 ratione
1129 2706 1274 2770 ordinem
1288 2705 1375 2770 hunc

233 2816 321 2880 nacti
336 2839 457 2882 sumus:
481 2816 639 2901 Oedipum
653 2817 998 2899 0111630111111,
1022 2816 1145 2902 Regem
1168 2817 1260 2900 1460,
1283 2816 1374 2882 Elec·

232 2927 317 2989 tram
339 2927 430 3010 1440,
454 2927 667 2992 Philoctetam
691 2927 781 3010 1405,
804 2927 938 2991 Aiacem
955 2927 1046 3008 1344,
1063 2926 1264 3010 Antigonam
1282 2927 1373 3011 1247,

166 3043 169 3048 ’
233 3034 422 3100 'lhachinr'as
440 3036 531 3102 1220.
563 3036 663 3102 Simul
679 3041 785 3100 autem
800 3036 1033 3120 intellegimus,
1054 3036 1094 3099 ud
1109 3058 1204 3120 quam
1219 3035 1286 3100 fere
1301 3056 1374 3100 nor·

232 3165 319 3208 mam
333 3149 455 3212 veteres
471 3146 574 3220 critici
596 3146 723 3212 chorico
740 3146 881 3210 carmina
897 3146 1134 3230 tragoediarum
1149 3146 1373 3230 disposuerint,

233 3275 365 3338 quorum
380 3255 550 3320 versiculos
566 3256 631 3320 iam
653 3259 787 3340 apparet
809 3256 843 3320 in
866 3277 1032 3320 numerum
1054 3259 1168 3338 quarta
1184 3256 1310 3320 circiter
1325 3257 1375 3322 vel

233 3363 346 3448 quinta
368 3366 418 3430 vel
434 3365 531 3430 etiam
545 3366 641 3430 tertia
664 3369 755 3449 parte
770 3367 940 3447 minorem,
964 3387 1060 3449 quam
1078 3365 1131 3448 qui
1146 3365 1240 3430 hodie
1261 3365 1373 3448 fertur,

233 3475 378 3538 redactos
399 3475 508 3539 fuisse.
546 3474 716 3540 Praeterea
738 3479 887 3559 potuerat
908 3475 993 3538 hanc
1016 3474 1263 3558 Sophoclearum
1283 3475 1374 3540 fabu-

233 3583 336 3648 larum
357 3585 572 3664 (τιχομετρίαν
594 3585 814 3668 percommode
829 3584 1054 3650 Lachmannus
1075 3584 1129 3648 isti
1142 3584 1376 3649 metiendarum

233 3694 471 3779 tragoediarum
494 3693 629 3758 artificio
651 3694 817 3778 adhibere,
842 3693 924 3778 quod
947 3695 982 3758 in
1003 3694 1084 3758 libro
1106 3694 1145 3758 de
1168 3694 1302 3758 choricis
1325 3717 1374 3779 sy-

234 3804 378 3868 stematis
405 3826 462 3868 suo
489 3805 670 3888 explicavit.
721 3804 845 3889 Quippe
874 3825 892 3868 e
919 3808 1041 3886 septem
1075 3803 1192 3868 fabulis
1225 3808 1375 3887 quattuor

233 3915 324 3996 sunt,
354 3935 486 3997 quarum
513 3914 619 3978 melici
648 3935 756 3978 versus
786 3914 825 3977 de
856 3913 992 3996 pristina
1025 3913 1153 3997 quidem
1179 3913 1375 3978 canticorum

234 4020 440 4106 discriptione
480 4023 515 4086 in
551 4024 768 4107 septenarium
801 4045 967 4087 numerum
1003 4044 1131 4106 prorsus
1165 4023 1374 4088 conveniunt:

235 4128 375 4214 Oedipus
398 4131 464 4198 Ool.
475 4181 483 4214 ,
512 4131 708 4216 Philocteta,
738 4132 882 4216 Electra,
911 4133 1006 4196 Aiax.
1051 4134 1157 4217 Atque
1185 4133 1220 4197 in
1246 4133 1375 4198 Trachi-

234 4239 361 4304 uiarum
383 4245 468 4306 certe
491 4243 524 4304 et
547 4241 660 4326 Oedipi
683 4243 782 4327 Regis
804 4243 1001 4324 ετιχομετρίᾳ
1022 4265 1118 4326 quam
1138 4243 1235 4308 facile
1262 4244 1373 4328 possit,

235 4369 306 4412 cum
327 4373 392 4415 una
414 4351 538 4414 numeri
552 4351 676 4416 notatio
692 4355 778 4416 certo
798 4352 966 4438 exciderit,
990 4352 1144 4418 excidisse
1160 4353 1258 4418 etiam
1273 4355 1375 4424 altera
