3184 5100
568 426 728 476 sensura
751 427 923 474 carrione.
1255 409 1317 472 715

177 600 237 642 nec
270 584 404 662 possunt
431 582 496 645 ullo
523 580 616 645 modo
644 579 684 645 ad
712 581 852 645 ionicum
879 601 1045 644 numerum
1073 577 1315 644 accommodari.
1374 627 1377 635 .

177 687 297 754 Eorum
319 690 400 756 haec
422 693 471 755 est
491 692 610 757 forma:

329 923 487 1002 μέλπομαι
509 924 650 1016 βρύοντα
671 923 803 1003 μὶτραιε.

178 1063 311 1148 Aliquot
333 1066 400 1130 eius
423 1065 508 1130 modi
531 1066 682 1130 dimetros
707 1067 865 1150 corrigere
887 1065 1093 1132 Hermannus
1116 1068 1165 1129 est
1186 1087 1316 1150 aggres-

179 1195 231 1238 sus
254 1174 432 1241 Elementis
455 1176 555 1240 doctr.
579 1179 671 1241 metr.
700 1200 731 1261 p.
756 1177 819 1241 485
841 1198 905 1260 sq.3
928 1197 1026 1239 unum
1048 1177 1155 1240 autem
1177 1178 1316 1260 praeter·

178 1285 276 1367 misit,
301 1287 452 1350 carminis
474 1286 505 1351 V
529 1285 631 1373 [XLII
653 1286 701 1351 ed.
726 1285 859 1374 Bergk]
883 1308 913 1350 v.
940 1285 993 1349 12:

331 1423 477 1501 ετέψον
501 1422 570 1488 οὖν
593 1444 630 1502 με
652 1423 702 1488 καὶ
725 1421 841 1503 tupiter

179 1555 229 1638 (ut
255 1559 304 1620 cst
328 1556 364 1619 in
389 1555 550 1621 Vaticano
573 1557 685 1641 libro),
717 1557 804 1622 cuius
826 1557 1063 1620 deformitatem
1086 1557 1214 1621 abluere
1235 1559 1317 1622 frus-

181 1669 230 1729 tra
254 1669 386 1732 conatus
410 1671 457 1730 est
479 1668 505 1732 1.
531 1667 571 1731 D.
595 1668 777 1751 Lennepius
801 1667 1061 1732 adnotationibus
1084 1667 1124 1731 ad
1147 1667 1317 1733 Coluthum

178 1797 210 1860 p.
234 1777 253 1840 ἵ
277 1777 311 1841 in
334 1776 418 1840 hanc
441 1777 595 1861 speciem:

330 1915 511 1995 ετεφώμεθ’
533 1914 603 1982 οὖν.
647 1915 783 1994 λυρίζων
805 1951 857 1996 -,

179 2065 399 2150 immeritoque
428 2089 592 2131 assensum
619 2066 694 2130 tulit
723 2047 888 2131 Bnmckijj
934 2065 1116 2150 Numquam
1144 2067 1229 2130 enim
1251 2088 1318 2130 ver-

180 2198 270 2239 suum
300 2177 589 2242 Anacreontionun
617 2177 798 2241 anacrusim
825 2178 860 2241 in
887 2199 951 2240 uno
979 2177 1119 2240 carmine
1141 2177 1318 2260 promiscue

180 2287 300 2350 factam
333 2308 401 2352 esse
433 2288 526 2352 modo
559 2309 598 2352 ex
627 2288 748 2352 duabus
776 2286 869 2351 modo
896 2310 934 2350 ex
965 2309 1029 2350 una
1062 2287 1150 2351 brevi
1182 2287 1317 2370 syllaba,

180 2396 257 2459 satis
280 2396 374 2460 bodie
397 2398 596 2480 exploratum
616 2401 675 2462 est.
713 2397 884 2462 Praeterea
899 2398 960 2462 καί
981 2396 1139 2481 particula
1154 2418 1219 2460 non
1234 2396 1318 2460 vidc-

179 2529 250 2570 mur
272 2529 380 2571 carere
402 2529 509 2591 posse:
545 2507 625 2572 haec
648 2509 733 2572 enim
757 2531 828 2572 curn
849 2508 1071 2593 perspicuitati
1094 2507 1319 2572 concinnitati·

179 2640 239 2702 que
261 2618 416 2682 orationis
440 2619 632 2683 conveniens
655 2623 719 2702 est,
748 2622 816 2683 turn
839 2618 1000 2682 stabilitur
1028 2618 1059 2682 vi
1082 2617 1319 2682 consuetudinis

179 2729 213 2792 in
236 2729 297 2792 hoc
318 2750 436 2814 genere
457 2729 617 2812 loquendi.
649 2729 889 2794 Sententiarum
911 2732 1018 2792 autem
1040 2750 1140 2792 nexus
1162 2728 1229 2791 fere
1245 2749 1318 2791 con-

179 2838 300 2904 tinetur
321 2839 459 2923 quadam
483 2840 721 2925 comparatione
728 2891 736 2924 ,
761 2863 841 2924 quae
864 2840 909 2904 sic
931 2838 1125 2903 instituitur:
1149 2851 1181 2902 ut
1204 2843 1319 2916 Cupido

179 2957 255 3014 rosis
282 2965 446 3016 coronatus
472 2957 565 3016 saltat
596 2973 662 3016 cum
698 2957 824 3030 Gratiis,
862 2959 905 3017 ito
932 2972 988 3032 eqo
1015 2971 1132 3030 quoquc
1158 2961 1320 3014 coronatus

177 3066 312 3125 saltabo:
348 3061 431 3144 quod
454 3062 582 3126 effertur
602 3062 808 3146 imperativo:

260 3197 263 3204 '
331 3191 536 3271 (τεφὰνου
558 3211 616 3272 με,
641 3191 702 3254 καὶ
724 3190 894 3270 λυρίζων

330 3301 418 3380 παρὰ
441 3303 517 3375 coit,
540 3300 697 3378 Δεύνυεε,
720 3305 823 3379 carol(

331 3411 408 3490 μετὰ
430 3410 546 3490 κούρη(
569 3411 773 3491 βαθυκόλπου

332 3519 485 3600 ῥοδίνοιει
508 3520 726 3602 <repositum

332 3631 573 3710 πεπυκαεμένοε
596 3630 782 3710 χορεύεω.

179 3774 231 3838 Ita
254 3774 339 3838 enim
367 3773 447 3838 haec
470 3775 586 3860 corrigi
614 3773 760 3838 existimo
789 3775 850 3837 arti
874 3773 1115 3837 convenientius
1138 3793 1233 3855 quam
1254 3773 1319 3838 fac·
1390 3839 1400 3852 ,

179 3886 248 3948 tum
271 3887 319 3949 est
341 3884 383 3949 ab
398 3884 507 3968 Anglo
530 3883 665 3968 quodam
688 3883 816 3948 homine
840 3881 884 3970 [et
905 3883 993 3967 prius
1015 3905 1035 3946 a
1050 3881 1167 3947 Botbio
1183 3881 1319 3946 ‘Grund-

181 4003 261 4079 auge
284 3995 340 4058 der
361 3994 493 4058 Metrik'
515 4016 547 4077 p.
566 3993 632 4081 33],
658 3994 745 4058 cuius
768 3993 891 4057 monitu
914 3995 1033 4073 (τέψον
1057 4014 1093 4074 με
1115 4015 1141 4056 κ.
1164 3996 1190 4055 λ.
1213 3991 1320 4076 posuit
1421 4057 1442 4093 ·

182 4103 400 4169 Mchlhornius
428 4107 556 4168 nostras
584 4101 802 4188 Anthologiae
830 4103 948 4187 lyricae
976 4126 1007 4186 ρ.
1032 4103 1083 4167 93.
1128 4101 1177 4165 De
1198 4101 1320 4164 littera-

180 4235 250 4278 rum
279 4215 513 4297 permutatione
542 4217 622 4297 pet
644 4238 686 4296 ψ,
717 4217 833 4280 aeto
862 4213 940 4277 dicis
969 4235 1080 4277 caussa
1110 4233 1319 4276 commemoro
1337 4233 1370 4284 ρο

181 4321 285 4388 Bastii
307 4323 484 4390 Comment.
508 4323 737 4410 palaeograph.
760 4345 792 4408 p.
810 4323 871 4389 737
895 4326 927 4386 et
941 4321 1093 4387 bobeckii
1115 4321 1257 4407 Parerga
1279 4322 1320 4386 ad

180 4432 399 4522 Phrynichum
420 4457 452 4520 p.
476 4433 548 4500 941.
573 4473 615 4488 -
636 4434 793 4504 Revertor
815 4433 854 4504 ad
877 4433 967 4498 illum
988 4455 1081 4518 quem
1104 4433 1200 4520 attigi
1223 4435 1320 4502 antea
