3254 5092
284 342 345 412 176
690 358 737 404 ou
760 355 1021 405 srrcuouuram

281 530 320 572 ac
352 509 455 592 primo
484 509 637 592 scriptum
669 509 768 572 fuisse
793 504 888 600 Ιαςκβ’
915 512 948 572 et
975 504 1083 597 ,αυξγζ
1112 508 1272 572 neminem
1305 508 1421 593 fugiat.

281 617 350 682 Nec
364 621 432 680 tam
446 617 634 702 diligentem
646 640 703 682 nos
719 619 846 702 quidem
857 618 892 681 in
908 617 1129 702 computandis
1142 619 1282 682 numeris
1294 639 1423 702 operam

280 727 456 810 possumne,
485 731 521 790 ut
546 750 613 791 non
639 728 834 811 potuerimus
857 749 894 792 eo
921 727 955 790 in
983 749 1101 812 genere
1130 727 1249 810 aliquid
1277 749 1420 810 peccare.

280 837 481 921 Omninoque
504 837 582 900 satis
604 835 756 901 habemus
779 839 818 901 de
839 837 896 902 illa
918 859 952 900 re
967 837 1126 900 monuisse
1149 837 1304 900 breviter:
1327 859 1423 920 quam

278 945 409 1010 ulterius
431 947 485 1030 qui
508 949 592 1010 volet
614 950 831 1031 persequatur.
854 985 897 995 -
919 947 974 1032 86)
997 946 1036 1010 In
1051 944 1203 1010 Moschi
1226 946 1333 1010 codice
1356 945 1421 1010 Me-

278 1055 467 1139 diolanensi,
491 1057 545 1140 qui
567 1055 593 1119 F
615 1057 762 1140 signatur
788 1079 806 1120 a
830 1055 1027 1139 Gaisfordio,
1052 1055 1265 1138 subscriptum
1287 1060 1336 1120 est
1358 1055 1421 1119 Eu-

278 1187 390 1248 ropae:
415 1167 547 1246 Μόςχου
569 1167 749 1232 ςικελιώτου
772 1166 925 1245 Εὐρώπης
948 1166 1046 1245 ςτίχοι
1068 1163 1147 1244 ρξςέ
1170 1187 1231 1248 quo
1252 1165 1332 1229 scite
1346 1187 1420 1229 usus

278 1278 327 1338 est
348 1274 490 1338 Naekius
513 1275 546 1338 in
567 1275 733 1339 Prooemio
756 1275 920 1358 indlect.
944 1275 1031 1338 univ.
1055 1273 1160 1338 Bonn.
1185 1298 1214 1338 a.
1241 1275 1323 1339 1830
1344 1274 1421 1359 p.V

279 1381 408 1470 [Opusc.
426 1384 442 1449 Ι
464 1407 495 1469 p.
515 1384 598 1472 180].
622 1424 664 1434 -
686 1386 740 1470 87)
764 1385 949 1468 Dionysii
972 1384 1135 1469 Perlegesi
1156 1384 1190 1448 in
1206 1384 1420 1448 Ambrosiano

277 1494 384 1558 codice
412 1495 549 1578 quodam
576 1495 803 1577 subscriptum:
832 1496 925 1560 τέλος
953 1495 1113 1561 διονυςίου
1140 1499 1199 1560 τοῦ
1226 1497 1284 1573 τὴν
1312 1497 1419 1574 περιή-

274 1625 364 1684 γηςιν
387 1605 665 1684 ςυγγραψαμένου.
687 1604 794 1696 ,apud
824 1603 907 1668 Vide
929 1605 1050 1668 Annal.
1075 1602 1268 1668 crit.Berol.
1289 1604 1419 1668 a.1839

275 1714 290 1776 l
312 1736 343 1797 p.
369 1715 420 1778 82.
466 1713 591 1779 Similes
614 1714 726 1777 harum
754 1714 1024 1796 subscriptionum
1049 1735 1178 1796 prorsus
1200 1735 1265 1777 non
1294 1713 1417 1778 dubita-

275 1845 344 1886 mus
372 1823 449 1906 quin
477 1824 511 1887 in
538 1824 647 1887 multis
674 1823 764 1886 libris
793 1824 1093 1906 mss-reperiantur
1121 1843 1158 1887 ac
1186 1823 1294 1908 colligi
1322 1823 1372 1887 vel
1400 1845 1418 1886 e

275 1932 541 1996 bibliothecarum
555 1934 720 1998 indicibus
728 1933 867 2016 possint:
884 1955 942 1998 nos
957 1933 991 1996 in
1008 1933 1053 1996 eis
1069 1933 1314 2017 acquiescimuS,
1337 1955 1417 2017 quae

276 2062 351 2105 casu
378 2043 482 2124 potius
511 2042 698 2106 offendimus
725 2065 820 2126 quam
852 2042 960 2106 dedita
987 2065 1083 2126 opera
1112 2042 1345 2127 indagavimus.
1374 2081 1417 2090 -

274 2151 328 2236 88)
361 2150 632 2236 Amphilochii
664 2151 816 2236 Episcopi
849 2152 950 2216 Iconii
987 2153 1027 2215 ad
1060 2152 1225 2218 Seleucum
1262 2153 1416 2236 epistulae

274 2261 383 2324 addita
412 2262 446 2325 in
472 2262 536 2326 fine
564 2262 644 2326 haec
671 2265 746 2326 sunt
773 2261 808 2324 in
837 2261 948 2325 Orellii
977 2263 1094 2346 Opusc.
1125 2262 1180 2328 Gr.
1209 2266 1349 2326 sentent.
1384 2266 1416 2326 et

273 2369 485 2435 maurelli
507 2395 538 2455 p.
562 2371 642 2435 412:

423 2483 464 2561 ἢν
486 2482 638 2561 ἐθέληςθα
659 2486 769 2563 μαθεῖν
795 2483 931 2567 [τούτων
953 2483 1004 2546 vel
1031 2479 1178 2566 πάντων]
1201 2483 1259 2549 τὸν
1282 2483 1414 2562 ἀριθμὸν

1033 2593 1165 2673 ἰάμβων,

423 2705 506 2781 τρεῖς
529 2703 742 2768 ἑκατοντάδας
763 2703 837 2780 ῖςθι,
861 2704 956 2768 τόςας
978 2703 1129 2779 δεκάδας,
1158 2703 1301 2782 μονάδας
1322 2705 1413 2782 τρεῖς.

271 2809 379 2894 Vulgo
400 2815 511 2891 μαθεῖν
532 2814 590 2876 τὸν
613 2814 757 2892 ἀριθμὸν,
785 2816 818 2876 et
845 2812 945 2876 altero
966 2834 1060 2876 versu
1086 2814 1221 2878 δεκάδας
1243 2814 1293 2877 καὶ
1315 2813 1413 2892 μονά-

271 2926 337 2985 δας.
364 2959 406 2968 -
434 2921 489 3005 89)
518 2920 679 3006 Diogenes
709 2923 814 3004 Laert.
832 2921 928 3004 VIII,
961 2924 1000 2986 'll
1029 2923 1068 2985 de
1096 2921 1345 3005 Empedocle:
1373 2925 1414 2986 τὰ

238 3033 329 3109 νμὲν
357 3030 417 3096 οὖν
445 3033 517 3111 περὶ
544 3033 672 3112 φύςεως
700 3033 787 3118 αὐτῷ
815 3035 865 3097 καῖ
888 3033 918 3097 οἱ
940 3034 1092 3112 καθαρμοὶ
1118 3033 1161 3097 εἰς
1184 3033 1254 3110 ἔπη
1276 3030 1413 3097 τείνουςι

270 3141 518 3220 πεντακιςχίλια,
547 3141 566 3205 δ
592 3143 627 3206 δὲ
650 3143 787 3221 ἰατρικὸς
810 3143 907 3218 λόγος
930 3141 974 3207 εἰς
996 3143 1068 3221 ἔπη
1096 3143 1286 3208 ἑξακόςια.
1331 3139 1411 3214 Quo-

271 3270 342 3313 cum
371 3249 528 3335 Bergkius
556 3249 676 3316 Comm.
707 3251 745 3314 de
773 3251 934 3334 prooemio
963 3251 1097 3334 Emped.
1127 3274 1158 3335 p.
1189 3253 1208 3315 9
1236 3249 1412 3334 composuit

270 3359 401 3424 Suidam
420 3383 449 3423 v.
473 3362 700 3441 Ἐμπεδοκλῆς·
723 3361 846 3440 ἔγραψε
867 3363 906 3427 δι’
921 3362 1012 3426 ἐπῶν
1028 3363 1100 3440 περὶ
1123 3361 1250 3442 φύςεως
1273 3365 1339 3426 τῶν
1356 3360 1410 3425 ὄν-

268 3493 335 3537 των
358 3472 459 3551 βιβλία
481 3465 520 3548 γ’,
543 3473 593 3535 καὶ
615 3471 697 3535 ἔςτιν
721 3471 793 3550 ἔπη
817 3472 861 3537 ὡς
885 3472 1067 3551 διςχίλια·
1099 3471 1219 3550 ἰατρικὰ
1234 3470 1410 3547 καταλογά-

268 3586 336 3660 δην.
380 3579 451 3643 Ηοο
479 3584 585 3644 autem
607 3580 654 3643 uti
676 3580 742 3643 noli
769 3583 933 3665 tamquam
961 3603 1043 3644 novo
1073 3580 1216 3664 exemplo
1241 3581 1301 3659 ἔπη
1323 3579 1410 3643 vocis

268 3689 366 3753 etiam
392 3711 505 3773 prosae
532 3689 670 3753 orationi
702 3689 879 3754 adhibitae:
911 3690 950 3754 de
983 3712 1045 3774 quo
1077 3713 1136 3754 usu
1167 3690 1243 3753 olim
1273 3689 1410 3754 diximus

267 3822 298 3883 p.
325 3799 395 3864 101.
434 3799 509 3862 Non
532 3799 617 3863 enim
639 3799 821 3864 dubitamus
845 3822 915 3864 cum
938 3783 1062 3865 Stuizio
1085 3822 1116 3882 p.
1133 3800 1174 3864 83
1196 3803 1229 3862 et
1249 3799 1409 3863 Karsteno

266 3933 298 3993 p.
324 3909 379 3991 70,
409 3909 485 3992 quin
509 3907 624 3972 Suidae
652 3908 730 3972 illud
754 3911 976 3990 καταλογάδην
999 3931 1015 3974 e
1037 3910 1123 3973 mala
1144 3910 1311 3973 verborum
1333 3908 1408 3971 Dio-

266 4019 358 4102 genis
381 4019 646 4101 interpretatione
674 4022 785 4082 natum
813 4019 864 4083 sit.
896 4017 1027 4094 'Quodsi
1049 4019 1189 4104 Diogeni
1217 4041 1273 4082 sua
1296 4017 1408 4082 Suidas

266 4129 376 4211 debet,
401 4130 536 4211 apparet
558 4149 624 4192 non
646 4128 846 4193 mediocriter
868 4129 1023 4193 infirmari
1047 4129 1179 4213 Bergkii
1206 4127 1408 4212 ingeniosam

265 4237 545 4302 ratiocinationem
577 4236 752 4321 quandam,
787 4240 1013 4320 τετρακιςχῖλια
1046 4261 1104 4322 pro
1137 4238 1268 4318 διςχὶλια
1295 4237 1407 4321 reponi

265 4347 414 4411 iubentis,
438 4385 481 4396 —-
502 4349 557 4434 90)
581 4346 694 4412 Suidas
724 4370 753 4410 v.
778 4349 926 4428 Θέογνις;
1032 4349 1174 4429 ἔγραψεν
1198 4348 1341 4425 ἐλεγείαν
1363 4349 1407 4414 εἰς
