3184 5100
565 433 690 483 ιιιιιινιο
714 433 933 481 οιτοοπινιτο.
1259 415 1321 480 685

177 587 308 668 γροφία.
353 588 538 668 Θεόκριτος·
561 597 630 661 τοῖς
651 587 688 650 δὲ
711 584 792 670 μετὰ
815 589 973 668 γριπεόσι
1001 635 1141 649 .....
1167 587 1261 650 Θέων
1285 587 1320 649 ἐν

178 697 377 776 ὑπομνήματι
400 702 445 762 τῶ
468 698 511 762 εἰς
535 698 723 776 Θεόκριτον)
752 736 794 745 -—
824 700 1023 778 Γριφιῑιδες
1056 697 1262 774 (Ἡρωδιανὸς
1285 697 1320 759 ἐν

178 811 215 885 τῆ
239 808 462 890 ὀρθογμαφίαν
554 807 605 872 65.
637 810 734 886 Γυνή
764 808 974 889 (Δημόκριτος
999 855 1139 869 .....
1164 806 1322 884 Φερεκρά-

118 967 128 996 .
178 937 247 996 της’
270 912 314 992 τός
336 914 464 981 ἄτοπον
487 915 579 981 ἐστιν
601 920 705 1000 μῆτερ
722 910 808 980 εἶναι
831 914 886 980 καὶ
909 914 1027 999 μονήν.
1051 916 1153 980 οὕτως
1169 917 1322 995 Ἡρωδια-

180 1030 237 1093 νὸς
262 1027 297 1094 ἐν
320 1029 540 1109 ἐπιμεριςμοῑς)

264 1250 469 1331 Δαῖφρονι
485 1250 542 1328 (ὡς
558 1249 577 1314 ὁ
592 1249 789 1329 Λυκόφρων·
812 1242 835 1310 ἃ
850 1247 973 1322 πόντος
993 1245 1112 1329 Ἕλλης
1134 1243 1189 1310 καὶ
1205 1246 1322 1328 πέτραι

167 1347 426 1441 ’σνμττληγάιλεφ
451 1397 493 1406 —
515 1359 721 1437 Δαμαςκός
743 1397 785 1406 -—
808 1360 984 1423 Δεῖπνος
1008 1359 1049 1435 (οἱ
1070 1359 1198 1436 κωμικοὶ
1220 1359 1270 1421 καὶ
1293 1357 1323 1421 οἱ

181 1471 335 1548 νεώτεροι
358 1518 499 1533 .....
529 1471 772 1550 Ἐπαφρόδιτος)
794 1506 836 1516 —
858 1469 987 1533 Δεκάς
1011 1469 1159 1548 (Ὀρφεὺς
1183 1471 1218 1532 δὲ
1240 1469 1323 1530 κλα-

181 1577 306 1662 ιλοῦχον
328 1581 428 1658 αὐτὴν
451 1579 611 1658 ὀνομάζει)
627 1617 669 1625 -
692 1579 743 1642 70.
767 1580 976 1659 Δέλφοκες
999 1579 1152 1657 (Ὅμηρος
1175 1573 1322 1659 ὁλόφρο-

181 1712 242 1764 νας
263 1691 381 1754 αὐτοὺς
403 1692 501 1770 καλεῖ)
525 1727 566 1736 -
601 1690 763 1770 Δέλφαξ
785 1688 998 1768 (ἘπίχαρμοςΙ
1022 1686 1174 1768 δέλφακά
1197 1691 1322 1751 τετῶν

181 1797 351 1880 γειτόνων.
381 1810 449 1873 τοῖς
478 1797 677 1872 ἑλενσινίοις
708 1798 883 1880 φυλάσσω)
911 1837 953 1846 -
985 1800 1141 1878 Δελφοὶ
1168 1801 1218 1862 καὶ
1241 1800 1322 1863 Δελ-

182 1911 245 1990 φός
268 1909 492 1993 (Καλλίμαχος
523 1908 647 1991 δελφὸς
675 1905 763 1990 ἀνὴρ
793 1904 870 1989 ἐμός
901 1903 1078 1990 ιἐρόεργος)
1105 1946 1148 1955 -
1178 1910 1322 1989 Δέρρις

182 2021 342 2097 (Εὔπολις
365 2017 452 2101 νυνι)
480 2019 643 2100 μέλαιναν
670 2017 787 2099 ιλὲρριν
808 2014 1018 2100 ἠμφιεσμένη
1044 2067 1183 2081 .....
1214 2019 1265 2083 ἐπὶ
1288 2020 1323 2082 δὲ

181 2134 239 2194 τοῦ
254 2130 538 2208 παραπετάςματος
553 2129 704 2210 Πλάτων)
721 2167 764 2175 —-
779 2130 910 2206 Δεῦρο
932 2167 974 2176 -
998 2130 1047 2192 Τι’).
1071 2129 1323 2209 Δημιουργός
1373 2167 1379 2179 ·

184 2241 280 2320 (παρά
301 2261 334 2304 τε
357 2239 508 2319 Ἀργείοις
531 2241 580 2304 καὶ
603 2241 803 2306 Θεςςολικοῑς
829 2287 940 2302 .....
965 2240 1053 2318 παρὰ
1073 2243 1141 2303 τοῖς
1164 2240 1322 2316 Ἀττικοῖς)

182 2387 224 2398 -
251 2350 344 2427 Δηώ
368 2349 465 2427 (οὕτω
492 2351 571 2429 γὰρ,
600 2347 686 2428 δηαί,
716 2349 1010 2427 προςογορεύονται
1038 2349 1102 2412 ὑπὸ
1133 2350 1263 2427 Κρητῶν
1292 2349 1323 2412 αἱ

182 2458 292 2540 κριθαί)
322 2497 363 2504 -
391 2459 620 2539 Διαβόητος
649 2460 855 2538 (Ἀνακρέων
882 2457 938 2520 καλ
965 2454 1000 2539 μ’
1031 2455 1213 2539 ἑπιβόητον
1240 2455 1323 2520 κατὰ

183 2571 335 2650 γείτονας
357 2567 515 2651 ποιήσεις)
539 2607 581 2616 -
603 2571 949 2652 Διακρςμηθεῑμεν
972 2607 1014 2614 -
1037 2568 1260 2646 Διάκτορος
1281 2606 1323 2617 μ-

183 2679 234 2742 80.
267 2680 489 2744 Διάλεκτος
515 2717 558 2728 —-
588 2680 784 2757 Δικαςτής
811 2679 1027 2757 (ΜένανδροςΙ
1057 2682 1136 2751 εἰτις
1167 2675 1324 2760 δικαστὴς

181 2782 204 2870 ἦ
226 2785 396 2872 διαιτητὴς
418 2791 518 2870 θεοῖν)
548 2827 589 2836 μ
623 2789 847 2869 Διθύραμος
870 2788 916 2852 sie
940 2789 1111 2868 (Πίνδαρος
1134 2791 1169 2853 δὲ
1192 2788 1240 2852 ότι
1262 2789 1323 2853 τίκ-

182 2921 249 2966 των
271 2901 372 2964 αὐτόν
400 2898 520 2979 ἐπεβόα
549 2900 567 2962 δ
589 2899 672 2964 Ζεὺς
701 2900 782 2962 λύθι
805 2900 885 2961 λῦθι
909 2896 1038 2980 ῥάμμα,
1066 2898 1112 2963 ἵν’
1135 2899 1154 2976 ἦ
1177 2899 1322 2979 λυθίρομ-

184 3015 261 3089 βος.
284 3061 291 3073 .
313 3011 539 3089 ,Ἡρωδιανὸς
562 3011 596 3074 δὲ
619 3012 677 3089 τὴν
700 3009 857 3088 πίνδαρον
880 3007 1107 3087 ἀποδοκιμάζει
1130 3010 1262 3088 φὰςκων
1284 3011 1323 3074 τά

182 3121 394 3198 προςτακτικὰ
415 3122 456 3200 μὴ
480 3119 680 3200 ςυντίθεςθαι)
708 3158 751 3168 -
781 3121 891 3198 Δόρυ
918 3119 1034 3198 (οὕτως
1064 3118 1161 3196 εὗρον
1184 3121 1219 3184 ἐν
1243 3120 1322 3184 ὑπο-

183 3231 316 3308 μνήματι
338 3231 470 3295 Θέωνος
493 3230 536 3295 εἰς
564 3231 621 3308 τήν
645 3231 837 3308 Ὀδύςςειαν)
865 3267 907 3279 —-
936 3231 1147 3308 Δορύαλος
1177 3229 1323 3309 (Ἀριςτο-

184 3339 304 3421 φάνης·
334 3339 372 3401 αλ
395 3349 554 3420 γυναῖκες
584 3337 643 3403 τόν
670 3338 841 3422 όορύαλον
868 3337 1082 3422 φράννννται
1107 3389 1247 3402 .....
1278 3341 1323 3403 ὡς

184 3453 283 3527 δῆλον
305 3451 341 3514 ἐκ
363 3455 421 3514 τοῦ
437 3451 524 3528 παρὰ
540 3451 804 3532 Ἀριςτοφάνους·
826 3443 1046 3532 ἢρυλλιιόσα.
1070 3452 1199 3512 ναίτιον
1214 3471 1323 3530 παρα-

183 3558 380 3642 τετιλμέναι)
396 3597 438 3607 —
460 3559 510 3624 85.
536 3561 748 3639 Δραπὲτης
773 3559 955 3644 (Φιλόξενος
978 3561 1013 3625 ἐν
1036 3560 1062 3640 β’
1084 3566 1149 3624 τῶν
1173 3561 1244 3639 περὶ
1266 3581 1323 3639 μο-

183 3669 393 3749 νοςυλλάβων
415 3671 575 3752 ῥημάτων)

269 3891 473 3972 Ἔγκτηνες
500 3929 543 3988 7-
570 3891 660 3972 Εἴαρ
683 3893 732 3970 (τό
755 3892 830 3971 αλμα
851 3893 939 3972 παρὰ
960 3894 1000 3957 τὸ
1024 3891 1124 3971 ῥόδον
1148 3891 1197 3956 ὅτι
1219 3913 1323 3973 φοινι-

185 4008 273 4068 κοῦν.
302 4004 351 4068 καλ
377 4003 540 4083 Πίνδαρος
570 4002 743 4085 φοινικόεις
769 4004 826 4067 τάς
856 3999 946 4084 κόρας
968 4003 1125 4068 ἐκάλεςεν.
1155 4005 1239 4067 πολὺ
1261 4005 1323 4082 γὰρ

184 4114 222 4176 τό
246 4114 345 4190 ῥόδον
373 4117 419 4178 τῶ
448 4113 525 4193 ἔαρι.
554 4115 603 4178 καὶ
629 4115 667 4178 τό
690 4115 774 4177 πολὺ
803 4115 838 4176 δὲ
867 4113 981 4190 ῥόδον·
1005 4114 1061 4191 ἔαρ
1089 4116 1258 4196 καλοῦμεν)
1282 4151 1323 4160 —-

186 4221 288 4300 Εἴβει
310 4261 349 4268 -
366 4223 683 4304 Εἰδωλολατρεία
700 4223 808 4286 -90,
833 4223 1008 4287 Εἴδωλον
1025 4223 1324 4287 --Εἰλίπουεψ

186 4332 298 4397 Ἰςτέον
321 4335 356 4396 δὲ
385 4331 432 4397 ὅτι
455 4333 621 4398 Εἵλωτες
648 4336 796 4411 λε’γονται
825 4334 855 4397 ολ
882 4338 978 4412 μιςθῶ
1002 4335 1213 4398 δουλεύοντες
1236 4335 1323 4398 ἐλεύ-

185 4449 288 4523 θεροι·
311 4443 342 4508 οἱ
364 4441 453 4507 αὐτοὶ
475 4446 511 4509 δὲ
532 4446 620 4523 παρὰ
643 4445 816 4524 Ἀθηναίοις
840 4449 931 4523 θῆτες
954 4445 1116 4526 λέγονται,
1147 4445 1235 4525 παρὰ
1257 4446 1323 4525 Ἀρ-
