3218 5094
607 357 653 404 ua
677 357 747 406 ouo
770 357 814 404 nr
836 357 978 406 oureus.
1300 342 1363 407 585

225 508 402 575 discedunt.
447 509 536 585 Quod
558 510 684 595 quidem
707 532 780 575 vere
808 511 946 576 sentiam
974 535 1018 576 an
1039 533 1129 576 secus
1136 562 1145 595 ,
1169 511 1215 576 sio
1237 511 1363 595 potissi-

224 642 311 685 mum
340 621 523 705 apparebit,
553 625 604 704 ut,
635 623 661 686 si
683 621 766 686 forte
789 622 919 686 edendis
942 622 1005 686 illis
1028 622 1260 708 Etymologicis
1282 622 1362 686 inte·

224 731 292 816 gris
315 753 430 816 operae
453 732 591 815 pretium
619 754 684 797 non
706 732 775 798 fieri
798 732 901 798 visum
922 733 1035 816 fuerit,
1061 736 1145 796 certe
1170 755 1233 796 una
1256 732 1363 817 aliqua

224 842 333 906 littera
364 863 403 906 ex
430 843 566 928 singulis
588 842 710 927 Regiae
738 843 950 907 bibliothecae
979 843 1140 908 codicibus
1168 843 1362 908 transcriba-
1424 871 1426 878 ·

223 955 277 1015 tur
308 953 453 1037 integra,
491 953 630 1038 itemque
670 954 822 1017 continua
855 953 961 1038 aliqua
994 954 1151 1038 particula
1183 953 1363 1018 Aristarchi

224 1061 373 1146 minoris,
401 1067 438 1126 ut
466 1064 553 1128 cuius
580 1065 730 1130 κανόνων
757 1065 917 1144 θηςαυρόν
936 1087 1036 1145 prope
1057 1076 1149 1130 totum
1172 1073 1267 1130 inesse
1290 1070 1363 1146 Ety-

224 1179 370 1252 malmico
397 1153 508 1253 moeno
535 1173 698 1238 Bekkerus
725 1177 836 1239 narret
863 1174 985 1240 Auecd.
1010 1175 1058 1239 ΙΠ
1086 1197 1118 1258 p.
1145 1175 1241 1257 14003
1272 1195 1362 1257 prae·

224 1285 313 1348 terea
335 1287 442 1349 autern
465 1307 503 1348 ex
525 1284 655 1368 reliquis
683 1284 777 1349 lexiei
804 1285 920 1349 litteris
948 1285 1094 1349 omnibus
1117 1284 1290 1368 diligenter
1312 1306 1363 1348 ex-

226 1397 376 1477 cerpatur
394 1395 545 1479 quidquid
568 1395 653 1458 inest
674 1395 995 1460 testimoniorum
1017 1394 1058 1458 ad
1074 1399 1217 1459 veterum
1232 1395 1363 1459 nomina

224 1505 506 1586 grammaticorum
528 1505 753 1590 spectantium,
777 1505 812 1568 in
827 1505 988 1589 impressis
1010 1508 1116 1570 autem
1131 1504 1363 1590 Etymologiois

224 1612 484 1680 desideraturum.
516 1615 602 1682 Nam
624 1636 664 1679 ne
687 1613 747 1678 hoo
769 1615 896 1699 quidem
918 1637 1031 1701 genus,
1055 1616 1090 1680 in
1112 1638 1173 1700 quo
1195 1618 1363 1700 praestan-

224 1723 270 1787 tia
289 1723 507 1792 Parisinorum
530 1725 672 1791 codicum
694 1726 851 1810 imprimis
874 1727 1067 1809 continetur,
1091 1725 1255 1790 Bekkerus
1278 1724 1362 1790 vide·

224 1836 287 1915 tur,
311 1839 465 1917 quantum
487 1836 614 1920 quidem
636 1836 759 1901 conicio
782 1858 821 1900 ex
843 1836 970 1901 indiciis
992 1837 1076 1900 haud
1098 1836 1267 1921 ambiguis,
1292 1857 1363 1900 eum

224 1943 401 2026 pulvisculo
427 1949 463 2010 ut
491 1947 582 2011 aiunt
609 1947 745 2012 voluisse
778 1947 957 2030 absolvere,
990 1968 1126 2031 quocum
1158 1946 1363 2011 coniunctum

225 2057 283 2132 est,
307 2055 389 2138 quod
411 2057 511 2121 multo
533 2058 638 2121 minus
661 2079 741 2141 quae
764 2057 955 2121 omittantur
977 2055 1012 2121 in
1034 2056 1208 2142 ParisiniS,
1238 2057 1363 2121 adiecta

225 2185 263 2227 ea
277 2163 311 2228 in
328 2161 542 2252 Sylliurgiano
564 2168 719 2251 exemplo,
742 2167 886 2231 videmur
900 2170 1065 2231 enotatum
1080 2167 1209 2252 habere,
1232 2166 1364 2231 tametsi

224 2273 317 2338 huius
338 2276 385 2339 rei
407 2299 473 2341 non
501 2277 601 2342 levius
629 2281 678 2342 est
705 2300 801 2362 quarn
828 2277 1046 2342 accessionum
1074 2277 1202 2342 illarum
1223 2299 1363 2342 momen-

155 2381 157 2386 ’
224 2386 293 2450 tum
315 2385 355 2450 ad
378 2386 583 2452 iudicandam
606 2387 776 2471 pristinam
798 2388 1016 2473 Etymologiei
1038 2387 1185 2452 formam.

757 2585 831 2666 §a

309 2718 455 2782 Alteram
486 2741 582 2803 quam
615 2740 712 2804 supra
745 2719 841 2805 attigi
873 2719 1097 2784 difficultatem
1130 2718 1169 2782 ad
1197 2718 1363 2783 nominum

224 2827 465 2894 similitudinem
492 2833 637 2913 spectare
665 2830 747 2913 dixi,
782 2853 844 2914 qua
871 2830 994 2894 factum
1023 2833 1072 2894 est
1103 2832 1138 2893 ut
1165 2829 1244 2894 locis
1270 2828 1362 2894 innu-

224 2938 430 3004 merabilibus
458 2943 716 3025 permutarentur
738 2941 837 3022 Ὧρος
865 2943 898 3004 et
919 2940 1050 3020 Ὠρίωνε
1088 2940 1176 3005 euius
1203 2942 1362 3024 permuta-

223 3048 321 3114 tionis
348 3051 494 3135 exempla
522 3051 645 3116 affatim
673 3055 845 3136 suppetent
866 3051 1027 3136 deinceps.
1072 3050 1233 3114 Pertinuit
1255 3053 1361 3116 autem

225 3159 292 3222 eius
320 3161 435 3226 erroris
465 3163 644 3227 communio
671 3163 768 3226 etiam
797 3161 837 3226 ad
860 3161 995 3227 aliorum
1023 3161 1154 3226 nomina
1176 3161 1363 3246 grammati·

225 3291 348 3354 corum,
378 3272 484 3354 qualia
513 3277 588 3337 sunt
609 3275 823 3354 Ἡρωδιανὸς,
852 3274 1020 3357 (ωρανός,
1051 3271 1225 3355 dequibus
1248 3275 1363 3355 agetur

225 3383 245 3460 ἕ
270 3381 318 3443 14.
345 3381 384 3444 16
406 3385 438 3444 et
459 3382 511 3447 20.
557 3383 662 3460 Quid?
684 3383 777 3469 quod,
805 3384 831 3448 si
854 3383 1066 3468 grammatica
1087 3383 1215 3446 tantum
1237 3382 1363 3446 ratione

224 3511 274 3554 res
298 3495 480 3576 censeatur,
504 3495 649 3577 prolecto
671 3493 754 3558 nihil
776 3494 945 3578 impediat,
974 3492 1143 3578 quominus
1164 3493 1258 3556 unius
1281 3492 1362 3557 eius-

224 3600 358 3684 demque
391 3603 530 3667 nominis
563 3605 723 3688 duplicem
753 3605 894 3689 potuisse
927 3605 1064 3669 formam
1097 3625 1164 3667 esse
1197 3603 1297 3683 Ὦρος
1330 3606 1362 3668 et
1417 3674 1421 3686 ¹

224 3710 341 3792 Ὠρίων
366 3716 553 3779 statuamus.
599 3715 686 3790 Quae
714 3716 841 3799 quidem
868 3715 977 3798 opinio
999 3735 1191 3799 quemquam
1213 3713 1394 3781 Harlesi04

224 3821 258 3886 in
280 3821 420 3887 Fabricii
444 3823 528 3890 Bibl.
552 3847 601 3909 gr.
625 3825 671 3889 VI
693 3849 725 3908 p.
748 3826 810 3891 603
833 3829 865 3890 et
887 3825 1011 3890 Sturzio
1033 3825 1135 3909 praef.
1160 3825 1195 3889 in
1209 3823 1361 3889 Orionem

223 3955 254 4016 p.
272 3931 318 3996 VI
340 3934 444 4019 magis
468 3934 605 4000 levitatis
629 3935 817 4000 administra
839 3936 995 4020 quaedam
1015 3936 1079 4001 fuit
1098 3959 1193 4022 quam
1216 3958 1233 4000 e
1255 3935 1361 4000 sobria

224 4045 268 4107 rei
284 4045 478 4110 iudicatione
494 4049 588 4111 nata:
611 4067 723 4129 reapse
738 4047 824 4110 enirn
839 4047 880 4111 ab
895 4047 957 4110 hae
979 4069 1101 4130 caussa,
1125 4051 1161 4112 ut
1175 4069 1248 4112 mox
1263 4069 1361 4131 eppa·

223 4154 322 4236 rebit,
352 4177 480 4239 prorsus
502 4157 557 4220 illa
581 4157 686 4221 aliene
709 4160 772 4220 est:
810 4158 986 4242 aptioribus
1008 4161 1117 4222 tamen
1139 4158 1244 4242 potuit
1266 4180 1360 4241 quam

224 4264 330 4328 allatis
353 4265 511 4330 aSturzio
536 4269 657 4348 Κρόνος
680 4271 713 4332 et
736 4270 880 4348 Κρονίων
904 4268 1056 4352 exemplis
1078 4267 1207 4334 defendi
1222 4270 1361 4349 Εὔρυτος

224 4376 256 4437 et
278 4375 454 4457 Εὐρυτίων,
483 4379 583 4442 Ἴαςος
610 4383 644 4442 et
670 4379 804 4463 Ἰαςίων,
835 4381 957 4460 Ἴκαρος
980 4382 1013 4443 et
1035 4380 1190 4461 Ἰκαρίων,
1218 4382 1250 4444 et
1278 4401 1359 4466 quae
