3254 5092
636 361 753 420 nuova
775 361 992 408 necrouono.
1324 342 1383 406 185

245 537 315 577 rum
337 515 372 576 in
391 513 555 577 Plutarchi
577 514 638 576 vol.
662 512 692 576 V
714 537 745 597 p.
761 515 835 578 420.
881 513 929 576 De
952 513 1153 577 librariorum
1176 517 1282 576 autem
1304 512 1383 576 vitio

245 624 295 688 vel
319 624 417 687 codex
439 623 641 686 Monacensis
663 626 787 707 monet,
817 624 851 686 in
879 645 941 706 quo
963 627 1012 686 est
1034 626 1116 702 node
1138 626 1214 688 τοὺ(
1236 644 1382 703 τετρακο-

246 736 345 799 ciouc:
380 755 571 817 quamquam
598 755 638 796 ne
670 733 730 798 hoc
763 734 889 816 quidem
922 733 999 796 satis
1027 736 1084 796 est.
1136 733 1180 796 Et
1207 732 1380 812 evidenter,

245 844 319 927 quid
348 844 511 926 scripserit
533 842 710 927 Diogenes,
740 843 923 907 Aristotelis
952 842 1147 926 comparatio
1174 842 1276 905 docet.
1322 841 1382 916 Qui

247 976 318 1018 cum
345 953 509 1036 scripsisse
537 952 577 1016 ad
604 953 856 1037 quadringentos
884 953 983 1016 libros
1010 952 1215 1035 perhibeatur
1242 951 1277 1014 in
1305 950 1382 1014 Vita

210 1077 216 1090 ·
245 1063 457 1148 Menagiana,
496 1064 627 1127 cessisse
660 1067 766 1128 autem
799 1062 958 1127 scribendi
988 1062 1157 1126 fertilitate
1189 1061 1329 1144 Epicuro
1363 1083 1382 1124 a

245 1173 390 1258 Diogene
412 1173 553 1255 dicatur,
576 1195 642 1237 non
665 1177 714 1237 est
728 1173 901 1236 verendum
921 1193 962 1236 ne
984 1171 1248 1236 inconsideratius
1263 1170 1289 1235 τ’
1305 1174 1382 1234 nota

245 1285 369 1347 mutata
391 1284 426 1347 in
454 1281 488 1364 φ’
510 1282 680 1366 pristinam
709 1282 900 1366 scripturam
922 1282 1061 1366 Diogeni
1088 1281 1134 1345 sic
1161 1281 1381 1345 restituemus:

245 1395 327 1473 uode
347 1394 423 1457 τοὺ(
445 1393 673 1458 πεντακοείουε
696 1392 764 1458 elci:
793 1393 919 1476 quando
941 1393 1040 1475 ipsius
1062 1392 1189 1475 quidem
1211 1390 1381 1480 Chrysippi
1439 1429 1443 1438 ·

244 1503 343 1565 fuisse
365 1502 587 1586 septingentos
609 1501 706 1565 libros
722 1501 835 1566 Suidas
849 1505 997 1566 testatur.
1017 1539 1050 1549 -
1070 1501 1160 1564 Licet
1182 1501 1281 1584 igitur
1295 1522 1382 1564 nuno

244 1613 467 1692 πολυγράφων
484 1611 678 1675 Graecorum
699 1610 784 1674 hunc
806 1612 950 1674 ordinem
974 1610 1167 1674 constituere
1190 1631 1207 1672 e
1228 1610 1381 1673 librorum

244 1720 447 1784 multitudine
468 1724 589 1804 aptum.
621 1719 757 1803 Scripsit
771 1721 926 1804 Didymus
947 1721 1049 1801 βιβλία
1068 1720 1162 1801 3500,
1186 1712 1380 1802 Origenes's‘)

244 1830 285 1893 ad
306 1831 400 1912 2000,
425 1830 638 1895 Callimachus
660 1831 744 1894 ultra
767 1831 840 1912 800,
864 1829 1069 1893 Aristarchus
1089 1829 1163 1912 800,
1186 1828 1381 1912 Chrysippus

243 1939 328 2004 ultra
344 1940 416 2022 700,
439 1939 596 2023 Epicurus
619 1940 659 2003 ad
681 1940 761 2022 600,
785 1939 995 2003 Aristoxenus
1006 1939 1086 2021 453,
1110 1938 1326 2003 Clitomachus
1349 1942 1382 2002 ct
1424 1949 1428 1956 '

243 2048 455 2131 Apollodorus
483 2049 659 2133 Epicureus
686 2050 771 2113 ultra
796 2050 870 2131 400,
894 2049 1085 2112 Aristoteles
1113 2049 1154 2112 ed
1175 2048 1249 2130 400,
1280 2048 1380 2112 Theo-

242 2157 392 2241 phrastus
416 2159 500 2222 circa
521 2159 594 2240 370,
619 2157 815 2224 Xenocrates
839 2159 923 2230 circa
945 2159 1024 2224 215:
1053 2159 1092 2222 de
1114 2157 1292 2242 Speusippo
1313 2179 1381 2220 rem

243 2289 312 2332 esse
333 2269 491 2332 incertam
512 2268 649 2332 diximus
671 2291 703 2352 p.
722 2269 798 2333 132:
821 2268 1040 2333 Democritum
1063 2272 1186 2350 autern,
1210 2267 1380 2349 Xenopha-

242 2399 316 2440 nem
344 2380 377 2440 et
404 2376 563 2441 Zenonem
597 2378 657 2442 etsi
690 2379 854 2462 scripsisse
887 2378 1008 2442 multa
1041 2378 1237 2460 accepimuS,
1271 2381 1380 2442 tamen

242 2487 356 2570 quibus
386 2487 528 2571 singulos
562 2487 639 2552 locis
673 2492 746 2570 post
778 2487 983 2552 Aristotelem
1017 2487 1146 2570 quidem
1179 2486 1378 2568 collocemus,

242 2619 308 2660 non
329 2595 493 2661 habemus.
537 2597 688 2662 Fateniur
710 2601 819 2662 temen
841 2603 1022 2680 suspectum
1045 2596 1145 2660 videri
1168 2596 1202 2658 in
1223 2594 1379 2678 Diogenis

243 2706 403 2790 prooemio
430 2707 623 2788 Ξενοφάνη(
654 2729 782 2771 nomen.
840 2707 909 2771 Nec
940 2707 1025 2770 enim
1057 2706 1147 2769 illum
1180 2705 1380 2788 potissimum

244 2814 393 2878 credibile
416 2817 464 2879 est
485 2815 536 2878 vel
558 2816 599 2880 ab
614 2817 798 2880 Aristotelis
820 2817 980 2881 scribendi
1001 2815 1169 2880 fertilitate
1191 2819 1259 2878 tam
1281 2835 1380 2897 prope

242 2923 360 2986 afuisse
376 2926 425 2988 vel
440 2924 571 2988 omnino
585 2925 671 2989 inter
685 2928 917 3008 πολυγράφου(
932 2927 1037 2990 locum
1052 2925 1211 2990 habuisse.
1244 2923 1380 3006 Scripsit

243 3031 418 3116 Diogenes,
442 3034 505 3098 nisi
521 3035 678 3116 fallimur,
703 3036 914 3116 Ξενοκράτης.
952 3035 1021 3110 Quo
1037 3035 1190 3116 eflicitur,
1213 3037 1249 3096 ut
1264 3033 1378 3098 Demo-

243 3142 412 3206 criteorum
444 3143 614 3208 multitudo
646 3143 799 3208 librorum
831 3145 917 3208 intra
950 3145 1012 3208 215
1040 3147 1072 3208 et
1097 3143 1162 3208 400
1188 3143 1376 3208 substiterit.

242 3251 291 3314 Ad
308 3251 537 3336 Xenocratem,
560 3253 647 3318 cuius
662 3255 790 3318 224000
805 3255 903 3334 ετίχοι
916 3253 1061 3335 fuerunt,
1084 3253 1227 3336 proxime
1243 3254 1376 3335 accedit,

243 3361 329 3424 cuius
353 3362 479 3426 170000
502 3359 689 3448 [autetiam
712 3362 811 3450 plusl,
835 3362 1068 3446 Theopompus

325 3471 355 3534 6.
385 3470 474 3545 Quod
497 3474 603 3535 sutem
630 3471 664 3534 in
688 3472 901 3555 computanda
929 3471 1081 3536 librorum
1109 3472 1314 3535 multitudine
1337 3472 1378 3535 ab

240 3602 304 3644 uno
336 3579 491 3664 scriptore
525 3581 681 3645 editorum
713 3583 815 3662 βιβλία
841 3582 977 3646 diximus
1010 3603 1076 3646 non
1109 3603 1177 3645 esse
1210 3603 1290 3663 quae
1319 3603 1378 3646 nos
1398 3597 1426 3647 lx

240 3689 344 3753 dicere
368 3710 462 3768 opera
483 3690 636 3772 solemus,
666 3690 721 3753 sed
743 3691 887 3774 singulas
914 3691 1019 3774 potius
1040 3695 1148 3774 partes
1170 3690 1282 3754 talium
1305 3713 1377 3774 ope-

240 3821 310 3862 rum
326 3799 670 3884 (Bactattlrcr'lunyen),
694 3800 726 3863 id
748 3801 844 3883 plane
865 3801 1056 3883 perspicitur
1070 3821 1087 3863 e
1103 3799 1257 3883 Diogenis
1273 3800 1377 3863 verbis

239 3907 299 3989 ΙΠ,
327 3908 379 3972 57.
430 3907 494 3971 Vbi
522 3909 709 3974 Sermonum
737 3909 975 3974 Platonicomm
1003 3909 1049 3972 ait
1076 3930 1144 3973 esse
1172 3910 1376 3989 τετραλογία(

306 4085 331 4152 *)
357 4082 425 4138 Cum
443 4085 590 4153 Origene
618 4103 632 4140 e
656 4085 749 4139 latinis
778 4085 958 4155 scriptoribus
981 4103 1065 4138 unum
1092 4101 1175 4151 quem
1197 4089 1377 4153 componeret

239 4175 425 4230 Varronem
436 4177 536 4230 habuit
546 4177 660 4231 Rufinus
672 4179 719 4232 lib.
734 4179 760 4232 ll
773 4181 870 4234 contra
882 4178 1040 4245 Hieronym.
1054 4176 1128 4244 apud
1139 4176 1260 4231 lonsirmr
1272 4195 1299 4246 p.
1316 4183 1375 4232 161:

239 4274 360 4323 videtisne
379 4283 403 4324 el
423 4275 535 4324 Graecos
556 4275 825 4337 peruersitatem
847 4278 919 4324 rricius·
941 4275 1028 4324 latore
1048 4277 1201 4336 superatos?
1237 4269 1376 4338 [Ceterum

239 4360 286 4413 adi
307 4361 450 4416 doctrinae
472 4361 567 4430 copias
584 4361 671 4416 Maur.
690 4361 835 4418 Schmidtii
852 4363 879 4418 in
904 4362 1030 4432 ‘Didymi
1049 4359 1140 4416 Chalc.
1159 4363 1270 4430 fragm'
1293 4382 1320 4432 p.
1341 4366 1374 4433 7.]
