3254 5086
265 367 329 433 536
640 383 688 429 ns
711 381 839 430 comcs
861 381 1036 429 raumara

266 559 323 620 pro
350 535 730 617 προκαταςκευαζόμενοι,
760 534 802 599 45
830 535 896 613 ἔτη
924 535 1059 613 τέτταρα
1090 556 1149 618 pro
1182 535 1244 601 ἐπὶ
1270 537 1406 616 τέτταρα

267 644 365 730 (unde
393 645 553 728 profectus
580 643 792 727 interpolator
819 643 882 708 ἐπὶ
908 645 1043 723 τέτταρα
1169 645 1254 728 ἔτη),
1283 644 1340 727 IV,
1366 648 1403 709 ll

266 755 536 834 ἀποςτερούμενοι
562 755 613 818 καί
640 753 687 818 οὐ
715 752 788 835 (pro
811 753 860 837 οἱ)
888 753 928 817 τὰ
950 752 1104 832 ἀλλότρια
1125 754 1348 820 ἀποδιδόντες·
1374 755 1406 818 οἱ

265 867 301 929 δὲ
323 864 482 942 ἀνειμένοι
503 870 569 929 τῶν
592 861 794 941 είςφορῶν
817 861 889 945 (pro
912 862 1147 946 ςομφορῶν)
1175 866 1242 929 τῶν
1264 863 1308 927 εἰς
1328 865 1405 928 τοὺς

265 973 442 1052 πολέμους,
471 974 503 1036 εί
531 974 759 1051 τιμήςαςθαι
783 971 854 1054 (pro
881 971 1186 1057 εἰςτιμήςαςθαι)
1213 975 1288 1037 τοὺς
1317 973 1405 1053 βίους

266 1083 572 1160 ἀναγκαςθήςονται,
599 1080 696 1164 vulgo
723 1079 861 1162 turpiter
890 1082 1039 1162 corrupta
1060 1079 1229 1146 levissimis
1256 1080 1295 1144 de
1318 1101 1405 1144 caus-

265 1191 324 1274 sis,
351 1190 392 1255 58
414 1192 558 1269 πικρὸς
580 1191 702 1268 ὀργὴν
724 1209 783 1270 pro
805 1190 984 1268 πονηρὸς
1006 1189 1073 1266 ὢν,
1101 1189 1144 1254 59
1170 1191 1206 1254 ἐκ
1232 1194 1288 1268 τῆς
1310 1191 1405 1254 ἀπο-

263 1304 383 1379 τομῆς
410 1299 485 1378 αἷμα
512 1300 629 1377 θερμὸν
651 1318 709 1380 pro
732 1298 766 1361 ἐκ
792 1301 848 1374 τῆς
876 1300 1052 1377 κεφαλῆς
1078 1319 1107 1362 ιι
1129 1304 1167 1380 6.,
1190 1299 1273 1382 quod
1301 1319 1405 1362 emen-

265 1408 363 1472 dandi
390 1407 574 1472 necessitati
606 1406 722 1470 cedens
755 1406 790 1468 in
824 1410 947 1487 ςφογῆς
975 1406 1111 1470 mutavit
1139 1406 1298 1472 Reiskius.
1343 1406 1406 1472 Sed

265 1517 344 1580 satis
366 1517 591 1600 exemplorum.
636 1513 775 1591 Quorum
797 1515 824 1577 si
847 1514 1018 1598 quaedam,
1048 1537 1075 1579 e.
1099 1535 1132 1599 g.
1156 1536 1227 1582 τινα
1247 1515 1326 1579 illud
1347 1537 1406 1600 pro

263 1631 309 1710 τῷ
332 1627 453 1708 Αἰνείᾳ,
483 1624 670 1689 correctoris
692 1645 839 1706 menum,
867 1644 933 1687 non
955 1623 1162 1708 integriorem
1190 1625 1313 1689 sontem
1334 1647 1406 1708 pro

264 1735 338 1800 dere
361 1734 545 1817 videantur,
578 1733 638 1797 etsi
661 1731 694 1796 id
716 1733 770 1816 qui
792 1733 1005 1797 demonstrari
1026 1734 1129 1817 possit
1149 1754 1246 1819 aegre
1268 1735 1406 1819 assequi·

263 1866 344 1927 mur,
378 1847 489 1907 tamen
521 1846 604 1908 esto:
638 1841 847 1925 probabiliter
880 1841 980 1926 igitur
1013 1842 1150 1906 correxit
1181 1847 1214 1907 et
1246 1846 1282 1907 ut
1313 1843 1406 1908 laude

264 1954 381 2037 dignus
404 1952 461 2042 sit,
490 1952 517 2016 si
544 1972 611 2016 non
638 1949 755 2036 dignus
782 1950 855 2014 fide.
899 1951 938 2015 In
960 1951 1069 2016 omnia
1095 1953 1156 2016 lroc
1183 1952 1296 2017 cadere
1317 1953 1407 2016 nullo

265 2065 361 2146 pacto
383 2064 504 2145 potest,
528 2081 566 2124 ac
587 2081 629 2124 ne
650 2060 684 2124 in
707 2061 861 2124 maiorem
882 2060 1010 2143 quidem
1032 2064 1167 2145 partem.

788 2254 882 2333 512.

214 2398 245 2445 21
349 2391 440 2455 Licet
467 2393 574 2453 autem
595 2387 763 2452 Vrbinatis
790 2388 826 2452 in
853 2387 989 2472 singulis
1017 2387 1219 2474 diligentiam
1246 2391 1343 2454 etiam
1365 2393 1406 2456 ad

265 2502 363 2566 aliam
384 2521 529 2564 normam
552 2498 696 2583 exigere,
720 2497 994 2582 quampraeclara
1016 2497 1195 2562 subtilitate
1211 2500 1246 2564 Ο.
1264 2500 1406 2565 Sintenis

264 2613 373 2675 noster
401 2631 472 2674 cum
500 2608 577 2672 alibi
600 2610 783 2690 persecutus
812 2610 861 2671 est
882 2609 951 2670 tum
977 2607 1018 2672 ad
1039 2607 1229 2692 Dionysium
1257 2631 1328 2674 cum
1350 2610 1407 2672 ali·

265 2742 326 2804 quo
348 2719 600 2801 temperamento
623 2717 856 2781 accommodari
883 2737 976 2799 posse
1005 2717 1210 2802 significavit.
1253 2717 1292 2781 Id
1314 2719 1406 2803 quale

265 2829 323 2911 sit,
347 2828 412 2892 suis
434 2825 539 2890 verbis
560 2825 746 2908 propediem
768 2826 836 2908 ipse
852 2826 1039 2910 explicabit:
1062 2847 1163 2909 nunc,
1187 2827 1338 2912 quoniam
1359 2828 1407 2892 its

264 2937 329 3000 fert
354 2935 581 3018 disputationis
608 2935 707 3017 ratic,
741 2934 801 2999 hoc
828 2957 927 2999 unum
960 2957 1095 3019 occupo,
1130 2936 1407 3019 parcissimum

265 3045 443 3108 hiatuum
469 3044 634 3108 invention
663 3065 731 3108 esse
759 3043 958 3127 Dionysium.
1014 3043 1101 3109 Hinc
1129 3065 1325 3129 consequens
1358 3049 1408 3111 est

148 3165 156 3178 ·
266 3156 429 3237 praestare
456 3173 509 3216 eas
531 3152 699 3217 Vrbinatis
726 3153 900 3235 scripturas
929 3154 971 3217 ab
995 3159 1019 3216 Α
1040 3152 1269 3237 discrepantes,
1293 3155 1406 3240 quibus

265 3263 371 3326 hiatus
393 3261 550 3326 vocalium
571 3261 705 3325 tollitur.
750 3260 848 3325 Velut
870 3283 941 3327 cum
963 3263 1028 3347 ΠΙ,
1052 3264 1094 3328 54
1122 3265 1180 3329 dcc
1207 3266 1284 3330 τοὺς
1305 3285 1405 3345 γεωρ-

264 3374 343 3450 γοὺς
376 3372 551 3452 ἀφείλοντο
585 3371 769 3454 transponit
800 3393 858 3453 pro
890 3371 949 3437 ὅςα
979 3373 1154 3453 ἀφείλοντο
1182 3395 1208 3439 τ.
1235 3395 1279 3452 γ.,
1314 3395 1340 3438 c.
1363 3374 1406 3438 56

264 3483 407 3559 licerent
433 3483 509 3546 τοὺς
532 3479 685 3560 (αβίνους
715 3481 826 3559 ἔμελλε
848 3502 906 3564 pro
929 3483 1072 3561 λήςεςθαι
1093 3484 1203 3562 ἔμελλε
1225 3506 1250 3548 τ.
1274 3484 1319 3561 (.,
1346 3483 1404 3567 IV,

264 3592 306 3655 24
332 3590 448 3670 ἀρτίως
476 3593 647 3668 κακοῦργοι
674 3609 733 3670 pro
761 3593 932 3668 κακοῦργοι
960 3591 1091 3670 ἀρτίως,
1124 3593 1166 3655 40
1192 3593 1289 3658 οὐδὲν
1318 3593 1405 3678 αὐτῷ

265 3720 323 3783 pro
344 3699 432 3783 αὐτῷ
455 3699 571 3776 οὐδέν,
592 3697 635 3762 54
655 3698 802 3762 έπιεικῶς
825 3698 903 3763 οὖςα
925 3719 984 3782 pro
1006 3699 1086 3764 οὖτα
1107 3701 1269 3778 έπιειιιιῖις,
1296 3702 1337 3765 67
1360 3701 1406 3766 ol-

265 3810 420 3873 τιώτατον
442 3807 586 3884 γενέςθαι
609 3827 667 3888 pro
687 3827 716 3883 γ.
732 3807 781 3883 cl,
804 3806 879 3888 V,7
904 3807 1040 3874 ἐπίθεςιν
1063 3809 1198 3888 ἔμελλον
1226 3811 1406 3889 ποιήςεςθαι

266 3938 323 4000 pro
345 3918 390 3996 ἔμ.
415 3939 446 3981 π.
469 3916 518 3980 ἐπ.
547 3918 580 3979 et
606 3915 714 3997 paullo
742 3917 814 3997 post
840 3917 990 3995 προςήκει
1017 3919 1185 3997 Ῥωμαίων
1213 3918 1248 3985 εὖ
1278 3940 1336 4002 pro
1363 3921 1406 3984 Ῥ.

265 4048 316 4106 πρ.
339 4025 391 4103 εὖ,
420 4025 482 4107 VI,
511 4025 636 4091 3ἔνθ’
664 4023 837 4103 ὑπομένων
866 4045 924 4107 pro
953 4027 994 4092 έν
1024 4029 1051 4110 ᾧ
1080 4025 1252 4107 ὑπομένων
1280 4027 1406 4112 alisque

265 4155 396 4198 numero
428 4155 494 4198 non
510 4174 513 4182 ·
525 4153 638 4217 pauca.
683 4132 822 4197 Rursum
845 4137 956 4216 ,autem
984 4133 1061 4198 hinc
1088 4135 1335 4218 proficiscimur,
1370 4139 1407 4200 ut

266 4243 364 4307 etiam
391 4243 468 4307 alibi
501 4245 694 4306 mutatum
727 4240 908 4305 ordinem
936 4243 1157 4327 verborum,
1191 4243 1274 4327 quod
1302 4265 1406 4328 genus

265 4352 500 4435 discrepantiae
526 4372 584 4434 per
611 4349 802 4414 Vrbinatem
831 4349 985 4414 latissime
1016 4355 1122 4435 patet,
1154 4373 1221 4416 non
1253 4353 1406 4418 contiuuo
