3254 5092
257 353 320 416 202
608 370 765 418 τακτπκιι
789 369 1049 416 νκοιμοοιικνκ

258 525 411 603 βαςιλέως
432 525 482 587 καὶ
504 527 692 602 ςτρατηγοῡ,
716 523 801 589 πάνυ
817 525 966 604 ἐχέφρων
983 524 1032 586 καί
1054 524 1219 602 νουνεχής.
1259 522 1313 586 Καὶ
1335 523 1396 601 γὰρ

257 634 410 712 ἐνναετὴς
432 633 511 698 οὖςα
534 633 636 698 έπειςε
660 636 783 713 πατέρα
803 635 862 699 τὸν
885 633 999 711 ἑαυτῆς
1021 637 1061 713 μὴ
1082 637 1244 711 πειςθῆναι
1260 634 1395 711 Ἀριςτα-
1410 657 1435 694 ιο

255 743 339 824 γόρηι
360 751 406 827 τῷ
429 743 569 808 Ἱςτιαίου
591 750 722 828 γαμβρῷ
746 745 795 808 καί
818 744 943 828 ἀνεψιῷ
971 743 1115 808 είπούςα·
1143 743 1294 820 άπατήςει
1323 763 1354 807 ςε
1377 744 1396 807 δ

256 854 348 920 ξένος
376 853 476 932 πάτερ
505 853 531 918 εἰ
559 856 599 933 μή
628 853 770 938 ἀποςτῇς
798 853 853 918 ἀπ’
881 855 996 918 αὐτού·
1024 855 1074 918 καὶ
1097 853 1229 932 ὕςτερον
1252 856 1287 917 δὲ
1310 854 1397 931 παρά

257 963 453 1042 Δημαράτου
475 963 603 1043 γράμμα
625 966 737 1028 ςταλέν
760 964 866 1031 πίνακι
881 965 1094 1047 κεκηρωμένῳ
1115 964 1167 1029 διά
1190 963 1298 1044 φόβον
1321 964 1396 1028 ὁδο-

255 1073 412 1153 φυλάκων
435 1076 555 1151 δηλοῦν
577 1078 646 1138 τοῑς
668 1073 791 1138 Λάκωςι
813 1073 919 1139 πάντα
947 1075 1005 1139 τὸν
1029 1075 1152 1153 Ξέρξου
1180 1073 1312 1150 ςκοπὸν,
1340 1095 1396 1153 μη-

256 1185 350 1248 δενὸς
378 1185 413 1249 δέ
441 1205 470 1247 τι
497 1187 620 1259 γνῶναι
649 1183 832 1262 ίςχύοντος,
861 1183 937 1262 αὕτη
967 1187 1037 1248 τοῖς
1065 1183 1208 1248 Λάκωςιν
1231 1182 1318 1260 εἷπε,
1345 1185 1434 1247 xd1²⁵

256 1294 401 1358 ξέςαντες
433 1294 491 1357 τὸν
525 1294 625 1372 κηρὸν
657 1293 755 1373 εὗρον
787 1294 954 1372 γράμματα
987 1296 1149 1372 δηλοῦντα
1181 1293 1239 1357 τὸν
1270 1293 1395 1370 Ξέρξου

256 1403 384 1467 ςκοπόν.
430 1403 566 1482 Τοιαύτη
589 1406 646 1481 μὲν
669 1403 708 1480 ἠν
736 1405 755 1482 ἡ
780 1405 799 1466 Γ
801 1405 906 1483 οργὼ·
935 1404 1012 1469 δδέ
1034 1404 1150 1482 ταύτης
1172 1405 1275 1481 πατὴρ
1300 1403 1394 1466 Κλεο-

255 1513 350 1591 μένης
373 1513 479 1591 μανείς
501 1513 640 1592 μεληδὸν
663 1513 779 1577 ἑαυτὸν
802 1513 981 1591 κατέτεμεν,
1010 1513 1075 1578 ἀπὸ
1102 1517 1231 1591 κνημιίιν
1253 1511 1394 1591 ἀπαρξά-

254 1643 350 1701 μενος
372 1624 461 1702 μέχρι
482 1625 617 1702 γαςτρός
640 1624 689 1686 καί
711 1623 884 1690 ἐντοςθίων
908 1622 1023 1689 αύτύιν.
1061 1623 1198 1703 Ἱςτορία.
1234 1624 1269 1687 Ἡ
1286 1623 1393 1686 Πειθὼ

254 1733 307 1812 μία
334 1733 396 1797 ἐςτί
428 1739 495 1798 τῶν
525 1733 684 1811 Χαρίτων
717 1734 737 1810 ἡ
764 1733 932 1812 Πολυμνία
964 1733 1018 1812 μία
1050 1733 1112 1797 ἐςτί
1145 1736 1213 1796 τῶν
1243 1733 1433 1796 Μουςύιν.ω

190 1855 236 1903 ιι3
255 1842 349 1907 Οὕτω
372 1845 428 1921 μέν
451 1846 550 1906 ταῦτα
571 1845 639 1906 καθ’
666 1843 805 1922 ίςτορίαν
834 1844 884 1907 καὶ
905 1846 1130 1922 πραγματικῶς
1159 1842 1301 1920 ἐχουςιν·
1329 1842 1393 1916 ἐγὼ

254 1953 289 2016 δέ
316 1952 590 2032 χαριεντιζόμενος
621 1955 853 2030 παρακλιτικῶς
887 1953 992 2017 οὕτως
1027 1952 1121 2018 ε’ίπον
1154 1953 1210 2018 τὰς
1243 1953 1395 2029 τέςςαρας

254 2062 384 2140 χάριτας
406 2065 464 2124 τού
487 2061 588 2137 λόγου
611 2063 661 2126 καὶ
676 2062 806 2140 ἀρετάς,
829 2064 886 2141 τήν
902 2084 936 2127 τε
952 2066 1059 2144 ςαφὴν
1075 2064 1125 2127 καὶ
1139 2064 1197 2140 τὴν
1213 2062 1394 2140 ςυντομίαν,

253 2173 291 2236 τὸ
319 2172 454 2236 πιθανόν
481 2192 516 2235 τε
545 2172 595 2235 καὶ
622 2171 722 2251 αὐτὴν
751 2175 810 2251 τὴν
837 2174 1124 2252 μεγαλοπρέπειαν.
1173 2173 1209 2236 ‘0
1237 2173 1300 2250 γὰρ
1328 2175 1394 2234 τῶν

254 2281 427 2359 ὀνομάτων
455 2282 638 2361 ἑλληνιςμός
667 2283 717 2346 καί
744 2287 811 2348 τῶν
841 2283 959 2349 λέξεων
983 2283 1116 2361 ἐργάτης
1144 2285 1199 2360 τῆς
1221 2281 1420 2361 ςαφηνείαςκ

254 2391 346 2456 ἐςτίν.

337 2500 368 2564 4.
400 2502 479 2580 Περὶ
502 2506 645 2580 ποιητῶν
674 2501 827 2566 πολλάκις
855 2502 926 2581 ύμῖν
955 2489 1139 2580 ἐδιδάξαμεν
1167 2502 1218 2565 καὶ
1244 2502 1394 2579 περὶτῆς

255 2612 408 2690 ἀγοραίας
423 2613 473 2675 καί
496 2609 678 2687 ἀγυιατίδος
702 2613 870 2695 κωμῳδίας
885 2614 935 2676 καὶ
957 2611 1143 2691 ἀγυρτίδος,
1167 2610 1215 2675 ὅτι
1237 2614 1393 2689 γεωργῶν

254 2723 375 2801 εύρημα
396 2723 445 2784 καί
468 2720 516 2784 ὅτι
538 2722 718 2803 τραγῳδίας
739 2723 840 2801 μήτηρ
862 2723 924 2786 ἐςτί
941 2723 990 2786 καί
1006 2722 1167 2801 εατύρων·
1183 2725 1243 2786 νύν
1266 2723 1301 2784 δὲ
1323 2722 1395 2801 περὶ

253 2837 308 2909 τῆς
331 2833 462 2909 λογίμη(
485 2831 557 2909 ἡμῖν
581 2832 748 2915 κωμῳδίας
771 2833 823 2912 μοί
845 2832 908 2896 ἐςτι
930 2833 1104 2896 διδακτέον.
1149 2830 1231 2908 Αύιη
1247 2832 1266 2907 ὴ
1282 2852 1394 2914 κωμῳ-
1408 2853 1432 2892 ιο

254 2939 306 3004 δία
327 2941 430 3018 τριττή
453 2941 534 3018 ἐςτι,
562 2941 689 3019 πρώτη,
718 2943 793 3020 μέςη
816 2943 866 3006 καὶ
888 2941 1016 3022 ὑςτέρα·
1040 2939 1164 3019 ἀυτῆς
1186 2941 1243 3018 μὲν
1266 2940 1394 3018 πρώτης

254 3049 293 3128 ἦν
315 3051 475 3129 γνώριςμα
498 3051 643 3129 λοιδορία
659 3053 826 3132 ςυμφανὴς
849 3053 899 3115 καί
922 3051 1208 3130 ἀπαρακάλυπτος·
1225 3053 1278 3126 τῆς
1301 3049 1394 3126 μέςης

254 3162 289 3223 δὲ
305 3161 518 3238 καὶδευτέρας
540 3161 581 3239 ἦν
603 3162 765 3240 γνώριςμα
785 3161 822 3225 τό
839 3161 1129 3242 ςυμβολικωτέρως,
1152 3162 1192 3238 μὴ
1209 3161 1394 3237 καταδήλως

254 3270 358 3345 λέγειν
382 3271 421 3334 τὰ
443 3271 626 3350 ςκώμματα,
649 3270 721 3335 οῘον
744 3269 802 3335 τὸν
827 3269 979 3349 ῥίψαςπιν
995 3270 1171 3348 ςτρυτηγὸν
1194 3269 1290 3334 ἀετὸν
1314 3268 1392 3347 ὄφιν

254 3379 370 3444 ἀςπίδα
397 3381 594 3459 κρατήςαντα
615 3382 666 3445 καί
687 3381 845 3460 δηχθέντα
874 3379 1047 3457 ὑπἀὐτῆς
1069 3379 1168 3457 αὐτὴν
1198 3379 1391 3458 ἀπορρῖψαι·
1407 3401 1431 3440 15

253 3491 373 3568 ἐχρᾶτο
404 3491 439 3554 δὲ
469 3489 546 3568 αὕτη
581 3491 600 3569 ἡ
630 3491 704 3568 μέςη
738 3493 806 3554 τοῖς
832 3491 1029 3568 ςυμβολικοῑς
1062 3488 1187 3552 τούτοις
1217 3489 1392 3565 ςκώμμαςιν

254 3599 373 3678 ὁμοίως
395 3599 447 3664 ἐπί
475 3621 508 3664 τε
531 3601 632 3666 ξένων
661 3600 711 3663 καὶ
732 3602 890 3665 πολιτῶν
913 3600 962 3662 καί
989 3599 1008 3677 ἡ
1031 3599 1116 3676 τρίτη
1145 3599 1180 3662 δὲ
1209 3599 1258 3661 καί
1281 3596 1393 3674 ὑςτέρα

255 3711 451 3788 ςυμβολικάις
474 3709 594 3787 ὁμοίως
616 3709 732 3788 ἐχρᾶτο
761 3711 828 3773 τοῖς
851 3709 1022 3786 ςκώμμαςι,
1052 3708 1135 3772 ἀλλὰ
1163 3707 1242 3770 κατὰ
1263 3706 1392 3768 δούλων

254 3819 304 3882 καὶ
332 3819 452 3896 ξένων,
481 3818 521 3882 ού
550 3819 658 3897 μέντοι
684 3837 721 3893 γε
744 3819 823 3882 κατὰ
847 3820 1005 3884 πολιτῶν·
1034 3819 1093 3897 ἤδη
1119 3816 1180 3893 γὰρ
1208 3815 1240 3879 οί
1267 3817 1394 3879 πολῖται

323 4109 365 4159 20.
380 4104 566 4171 Ἀριςταγόριμ
586 4102 646 4156 cod.
699 4109 740 4156 ⁶24.
761 4103 866 4169 μηδένα
884 4103 944 4156 cod.
997 4107 1038 4156 28.
1052 4105 1172 4168 μελοδύν
1191 4100 1250 4154 οοά.
1304 4107 1327 4152 2.
1342 4117 1393 4153 πα-

253 4198 437 4262 ραγκλιτικιίις
461 4193 520 4247 cod.
613 4197 646 4262 [3.
670 4195 844 4261 ςαφήνειανί
867 4195 896 4249 F.
920 4196 964 4263 R.]
1057 4201 1096 4250 10.
1122 4199 1136 4249 Ι.
1161 4197 1238 4260 ύμῑνι
1267 4191 1320 4244 nisi
1341 4208 1393 4260 pro

256 4306 312 4352 μοι,
337 4289 410 4354 quod
433 4305 488 4340 non
511 4287 579 4340 satis
603 4289 679 4342 certo
702 4305 745 4341 me
769 4287 870 4354 legisse
893 4287 1058 4356 significavi,
1081 4291 1125 4341 καί
1149 4285 1324 4340 scribendum
1348 4284 1392 4337 οίί.

255 4380 305 4446 [13.
326 4381 561 4446 ςυμβολικοτέρως
579 4379 638 4433 cod.
708 4381 755 4446 μὴ,
774 4396 831 4433 non
850 4383 893 4432 καί
913 4381 960 4445 μὴ,
978 4379 1049 4446 οοά.]
1120 4386 1159 4432 15.
1173 4379 1315 4444 δειχθέντα
1332 4375 1392 4430 αοά.
