3184 5100
295 346 355 409 728
687 366 847 412 sonnium
872 355 1045 414 ammian.

378 514 439 578 sal
463 515 503 578 ad
526 515 739 580 Hesiodum
762 527 913 582 revertor.
949 520 999 583 Ad
1023 520 1111 584 carina
1134 522 1232 587 verba
1254 544 1339 608 nego
1361 545 1436 588 ean-

293 623 364 686 dem
396 646 487 707 posse
516 627 665 711 loquendi
695 629 852 693 rationem
881 629 1130 713 accommodari,
1160 631 1235 716 qnia
1263 636 1296 698 et
1323 655 1434 717 prono-

293 733 379 798 mine
402 736 605 802 abundanter
626 738 732 822 posito
760 742 792 802 et
819 740 855 806 δέ
883 740 1042 823 particula
1069 742 1186 806 iterata
1209 743 1342 808 nimium
1366 767 1434 810 coa-

244 862 277 910 33
296 841 475 911 cervantur¹
493 847 642 931 loquendi
671 849 793 912 formae
822 847 1055 914 insolentiores,
1099 851 1272 918 Praeterea
1300 856 1335 920 δέ
1357 855 1434 920 illud

293 981 354 1023 nec
377 959 458 1022 solet
480 958 543 1022 nisi
566 958 711 1043 longiore
733 959 854 1024 inserta
882 961 1051 1025 verborum
1074 963 1355 1046 comprehensione
1377 966 1434 1030 ite·
1521 1047 1523 1055 y

292 1069 357 1132 rari
380 1067 476 1154 (quod
506 1069 572 1132 fere
601 1069 638 1132 fit
666 1070 905 1152 perspicuitatis
928 1073 1054 1157 caussa)
1083 1075 1115 1136 et
1144 1073 1185 1136 ab
1213 1073 1434 1142 Hesiodiornm

293 1179 459 1243 verborum
481 1180 718 1243 constructione
734 1180 964 1245 alienissimum
986 1185 1035 1246 est
1056 1187 1188 1266 propter
1209 1205 1365 1250 summam
1387 1188 1434 1252 in·

292 1289 464 1374 tellegendi
490 1289 744 1372 ambiguitatem.
790 1291 948 1366 Quoniam
970 1292 1055 1356 enim
1077 1294 1185 1377 paullo
1212 1299 1309 1360 antea
1330 1298 1434 1380 posita

292 1404 368 1464 sunt
390 1400 501 1464 verba:
538 1402 698 1481 προτέρην
721 1403 778 1482 μέν
800 1401 945 1479 ἐγείνατο
969 1404 1032 1469 Νὺξ
1055 1405 1218 1485 ἐρεβεννή,
1242 1427 1307 1470 non
1329 1411 1434 1490 potest

293 1531 373 1594 [puae
397 1510 601 1594 consequitur
623 1511 818 1593 enuntiatio,
848 1513 973 1576 adnexa
995 1535 1052 1596 per
1074 1516 1110 1579 δέ
1131 1515 1339 1600 particulam,
1368 1540 1434 1582 non
1557 1533 1558 1548 ¹

292 1620 405 1684 referri
429 1621 642 1685 construendo
665 1621 704 1684 acl
725 1623 903 1705 proximum
925 1623 1003 1686 illud
1026 1625 1099 1703 μένε
1122 1623 1169 1687 ito
1192 1629 1227 1689 nt
1249 1648 1330 1689 unus
1352 1627 1435 1710 quis-
1557 1707 1558 1736 1

293 1752 368 1815 qne,
398 1731 451 1814 qni
479 1731 616 1814 primum
646 1732 734 1816 legat
761 1733 811 1796 vel
834 1732 945 1796 audiat
972 1734 1070 1798 hacce
1099 1735 1254 1798 arationis
1276 1738 1434 1802 membra:
1557 1739 1558 1754 ³

292 1841 453 1922 προτέρην
476 1843 533 1922 μέν
556 1841 701 1918 ἐγείνατο
727 1844 791 1909 Νὺξ
813 1843 1072 1924 έρεβεννή,.θῆκε
1095 1846 1131 1910 δέ
1152 1866 1204 1925 μιν
1220 1885 1271 1930 -,
1296 1867 1333 1910 ea
1353 1847 1435 1912 invi-

294 1974 362 2016 cem
385 1952 531 2035 opposita
554 1973 622 2016 csse
645 1952 706 2016 sibi
729 1953 890 2018 informet.
921 1954 1033 2052 Itaque
1049 1955 1088 2018 ad
1111 1977 1207 2039 quam
1230 1959 1435 2023 construendi

292 2061 531 2146 simplicitatem
554 2063 696 2127 naturali
718 2064 855 2147 quodam
877 2064 978 2128 animi
1000 2065 1157 2129 instinctu
1180 2065 1339 2151 ducimur,
1364 2091 1435 2133 eam

292 2191 358 2236 non
380 2173 430 2235 est
452 2172 601 2236 credibile
625 2195 643 2236 a
666 2174 804 2257 sapienti
833 2176 988 2257 scriptore
1018 2175 1231 2240 disturbatam
1260 2200 1338 2245 esse.
1385 2177 1434 2242 Dc

292 2281 421 2366 reliquis
444 2285 551 2346 autem
574 2283 620 2346 sic
643 2287 748 2346 statuo
755 2333 763 2367 ‚
788 2289 824 2348 ut
846 2307 909 2348 una
930 2285 1074 2350 litterula
1101 2285 1231 2368 dempta
1262 2283 1435 2364 eademque

292 2392 355 2456 alio
378 2395 412 2457 in
434 2393 505 2457 loco
527 2394 675 2459 restituta
704 2393 750 2458 sic
773 2396 923 2459 mendum
947 2417 1043 2460 coner
1065 2395 1265 2479 abstergere:

354 2553 422 2628 τῆ(
445 2549 478 2612 δ’
500 2549 616 2628 ἑτέρη
639 2587 680 2596 -
703 2550 862 2629 προτέρην
885 2551 942 2629 μέν
966 2550 1110 2626 ἐγείνατο
1134 2549 1198 2614 Νὺξ
1220 2548 1381 2629 ἐρεβεννή,

356 2662 431 2738 θῆκε
454 2659 489 2724 δέ
513 2679 564 2738 μιν
589 2661 742 2739 Κρονίδη(
764 2659 933 2739 ὑψίζυγο(,
958 2659 1055 2739 αἰθέρι
1077 2659 1188 2734 ναίων,

355 2766 446 2847 γαίη(
468 2769 501 2834 τ’
523 2769 558 2836 έν
583 2769 679 2854 ritino
702 2771 751 2834 καὶ
774 2769 904 2848 crupta
925 2807 967 2817 -
989 2771 1115 2836 πολλόν
1138 2768 1313 2848 ἀμείνων

293 2919 462 2983 subaudita
498 2921 561 2986 έετί
593 2943 679 2986 voce.
725 2921 776 2985 Ita
804 2943 878 2986 vero
906 2921 944 2985 de
973 2921 1079 2986 Elridis
1112 2921 1237 3006 origine
1273 2922 1432 2986 consentit

292 3029 499 3114 'theogoniae
528 3031 639 3096 auctor
667 3054 696 3095 ν.
720 3031 801 3096 225:
839 3034 889 3096 καὶ
911 3033 998 3113 Ἔριν
1026 3034 1095 3098 τέκε
1118 3033 1354 3113 καρτερόθυμον
1375 3056 1432 3111 -3

293 3161 373 3222 quae
396 3144 445 3204 est
467 3140 522 3204 illa
545 3143 737 3222 ἐπιμωμητή,
759 3143 899 3223 (χετλίη,
928 3142 1071 3221 πόλεμόν
1093 3163 1127 3208 τε
1150 3145 1248 3211 κακόν
1271 3144 1321 3208 καί
1343 3147 1432 3220 δῆριν

293 3251 494 3333 ὀφέλλουεα,
518 3274 616 3336 qnae,
645 3273 709 3316 una
733 3275 802 3317 cum
826 3252 1055 3316 horrendorum
1077 3251 1207 3316 deorum
1228 3251 1433 3317 multitudiue

293 3361 394 3425 Nocte
424 3361 524 3446 edita,
558 3362 694 3426 similem
721 3362 901 3426 divinorum
929 3363 1097 3426 numinum
1124 3363 1214 3448 qnasi
1242 3362 1365 3427 faecem
1395 3383 1433 3426 ac

292 3471 454 3536 sentinam
475 3473 618 3556 peperit,
641 3473 772 3552 Πόνον,
796 3473 912 3552 Λιμόν,
943 3471 1079 3550 Ἄλγεα,
1103 3475 1268 3556 Ὑαμίνατ,
1299 3476 1331 3536 ct
1353 3493 1433 3556 quae

269 3581 414 3666 ‘reliqua
443 3586 671 3646 enumerantur
692 3582 898 3666 Theogoniae
920 3605 949 3645 v.
973 3581 1152 3647 226-232.
1198 3581 1281 3646 Eam
1303 3581 1433 3646 Eiidem

292 3715 364 3756 cum
386 3691 531 3776 luppiter
559 3693 676 3757 dieitur
702 3692 843 3776 posuisse
868 3693 905 3759 ἔν
933 3712 972 3775 τε
995 3694 1086 3773 γαίη(
1114 3693 1211 3778 tirso
1237 3695 1289 3757 καὶ
1316 3692 1433 3772 ἀνδρά-

292 3824 355 3880 (ιν,
384 3803 480 3887 planc
508 3803 540 3866 id
569 3805 718 3888 congruit
745 3803 780 3867 in
808 3803 884 3868 Orci
913 3799 1160 3886 descriptionem
1182 3801 1321 3887 Vergilii
1349 3803 1431 3866 Aen.

291 3913 349 3997 Vl,
372 3913 449 3979 285:
536 3959 544 3972 .

896 4029 1060 4089 Discordia
1083 4028 1208 4088 demens

495 4130 661 4209 Viperenm
683 4133 798 4191 crinem
821 4132 904 4190 vittis
927 4132 1040 4190 innexa
1063 4130 1206 4191 cruentis.

293 4269 377 4332 Nam
399 4270 503 4334 verbis
524 4271 614 4348 γαίη(
639 4271 718 4350 ῥίζαι
734 4269 904 4334 Tartarum
920 4269 1096 4354 significari
1112 4271 1247 4352 apparet
1269 4289 1309 4332 ex
1332 4269 1438 4334 Theo-

291 4378 407 4461 goniac
424 4402 453 4443 v.
476 4380 653 4458 736-739,
677 4381 729 4464 qui
753 4380 855 4446 cidem
870 4379 1022 4465 leguntur
1037 4379 1219 4444 807-810:
1243 4379 1438 4462 quibuscum
