3226 5096
270 340 327 402 126
567 355 816 403 COROLLARIVM
839 353 1107 402 DISPVTATIONIS

263 520 413 590 inuruntur,
443 529 520 586 quoe
547 515 638 586 loupo
665 515 796 572 conuitio
873 508 1031 586 Δίδυμος,
1058 507 1216 586 Τρύφων,
1246 507 1406 570 Ἀπολλώ-

264 627 367 686 uerius
385 623 587 698 reprehendit.
633 622 712 681 Nom
728 623 796 682 oiim
873 637 957 696 νιος,
972 617 1185 697 Ἡρωδιανὸς,
1206 617 1406 694 Πτολεμαῖος

262 737 353 795 LXX
387 735 502 794 duobos
537 734 633 792 doctis
669 735 741 792 uiris
777 749 796 790 o
873 727 1114 805 Ἀςκαλωνίτης,
1127 727 1177 790 καὶ
1189 726 1219 790 οἱ
1230 726 1407 806 φιλόςοφος

263 847 422 906 Pisistrato
443 845 514 903 inuio
529 845 646 916 neooiio
662 859 796 917 praepo
872 836 1076 917 Πορφύριος,
1113 836 1325 915 Πλούταρχος
1356 837 1406 898 καὶ

261 958 325 1015 silis
347 955 421 1014 dicii
442 953 604 1013 Homerum
633 955 677 1011 iio
700 949 800 1024 fuisse
824 967 856 1015 70
873 946 1037 1024 Πρόκλος,
1066 945 1111 1010 ὼς
1139 948 1188 1034 καὶ
1210 946 1274 1024 πρὸ
1297 946 1404 1010 αὐτῶν

262 1067 471 1141 compositum,
495 1066 549 1138 qui
566 1063 685 1136 quidem
702 1061 795 1122 Zeno·
871 1056 1005 1121 πάντων
1029 1056 1251 1135 Ἀριςτοτέλης.

263 1178 327 1235 doti
357 1183 387 1232 et
414 1174 587 1232 Aristarchi
617 1174 796 1232 industrium

264 1286 397 1344 ominibus
442 1283 614 1358 praelatum
660 1297 797 1355 compro-

262 1396 374 1453 boriui.
437 1393 522 1462 Quod
552 1399 670 1452 constat
701 1390 798 1464 fuisso

259 1504 471 1576 [celsissimum
496 1505 610 1577 quippo
630 1518 697 1562 cum
721 1504 800 1560 iuter
824 1503 855 1551 75

263 1615 452 1674 Pisistratum
517 1619 545 1671 ei
611 1613 795 1671 Zenodoium

258 1726 379 1798 [tremui
410 1724 486 1783 uniti
516 1739 611 1796 supro
643 1723 795 1786 duceiiios,

264 1834 458 1894 Aristarchus
505 1840 603 1891 uictum
653 1837 797 1906 quattuor

264 1967 314 2002 t*
341 1946 430 2002 nonis
465 1944 565 2001 mitior
597 1941 696 2014 suerit
731 1943 795 2015 ipso

262 2063 291 2114 e!
317 2054 471 2112 Zenodoio
498 2060 589 2126 utque
617 2052 799 2109 Ptolemaeo.
822 2065 855 2111 so

262 2179 446 2264 Gl.=Nuur·ol'
471 2209 592 2260 LXXII.
615 2209 711 2258 iliiohne
734 2206 793 2259 cod.

263 2308 302 2356 m.
322 2307 447 2355 industrio
466 2300 526 2353 cod.
616 2304 656 2354 78.
675 2311 795 2367 quattuor

261 2401 336 2448 anuis
354 2393 414 2448 eod.

227 2511 243 2558 4
346 2489 420 2552 Non
457 2491 505 2552 cst
541 2493 647 2552 autem
684 2490 809 2553 animus
843 2511 880 2552 ea
914 2490 1020 2553 omnio
1055 2489 1158 2554 denuo
1191 2493 1398 2574 pertractare,

261 2621 393 2683 quorum
421 2599 471 2662 vel
493 2599 610 2662 notitia
638 2600 688 2663 vel
710 2600 861 2664 iudicatio
884 2621 923 2663 ex
945 2599 995 2664 his
1018 2599 1212 2684 fragmentis
1234 2621 1317 2664 nexo
1340 2603 1398 2662 est.

262 2711 323 2774 Sed
359 2731 439 2792 quoe
467 2709 549 2771 ratio
577 2709 663 2773 inter
692 2713 860 2793 utrumique
895 2709 1089 2791 intercedat,
1124 2709 1156 2774 id
1184 2710 1399 2793 quaerendum

261 2842 329 2882 esse
345 2822 473 2902 praeter
488 2822 594 2882 cetero
610 2819 766 2884 videmus:
783 2842 844 2903 quo
859 2819 986 2903 quidem
1002 2820 1062 2883 hoc
1077 2819 1170 2883 simul
1185 2819 1397 2902 proficiemus,

260 2933 297 2992 ut
320 2950 391 2992 cum
413 2949 493 3011 quae
516 2928 593 2992 fides
614 2929 657 2992 sit
672 2934 704 2992 et
719 2930 893 2993 auotoritas
908 2929 1072 3012 utriusque
1089 2929 1266 2993 testimonii
1283 2929 1399 2993 certius

262 3039 457 3121 exploretur,
493 3043 562 3102 tum
589 3040 627 3102 de
655 3039 791 3123 singulis
820 3039 1009 3123 quibusdum
1037 3039 1131 3103 rebus
1160 3040 1276 3103 reetius
1304 3059 1399 3123 quam

261 3151 398 3212 u11tehac
430 3148 522 3212 licuit
555 3147 763 3212 existimetur.
814 3148 841 3212 E
875 3172 936 3233 quo
969 3149 1064 3213 focile
1101 3149 1177 3212 illud
1212 3148 1397 3233 perspicias,

261 3258 342 3322 nihil
375 3257 542 3322 admodum
575 3259 650 3322 novi
682 3259 877 3323 reconditive
912 3281 931 3322 a
963 3259 1055 3324 nobis
1089 3261 1310 3343 expromptum
1343 3258 1397 3321 iri:

260 3369 378 3451 quippe
401 3367 535 3432 doctiori
558 3367 767 3450 disputationi
790 3369 1006 3434 instituendae
1028 3391 1068 3432 ne
1091 3369 1148 3432 otii
1171 3369 1297 3451 quidem
1319 3367 1398 3431 sutis

261 3479 295 3541 in
322 3483 415 3541 tanto
443 3477 620 3541 festinandi
647 3479 839 3552 necessitate
867 3500 1052 3542 conoessum
1081 3478 1314 3564 intellegimus:
1343 3476 1397 3540 sed

261 3587 306 3650 eis
340 3588 444 3670 potius
474 3587 629 3651 limitibus
662 3577 789 3651 omnem
822 3588 1058 3652 commentandi
1091 3609 1221 3671 opernm
1254 3591 1398 3652 nostrum

261 3697 534 3780 circumscriptum
556 3697 610 3776 iri,
635 3701 670 3760 ut
692 3697 848 3782 graduum
870 3698 1068 3782 quorundam
1088 3697 1271 3762 discrimine
1292 3719 1397 3760 renim

261 3807 469 3890 probabilitas
496 3807 677 3870 definiatur.
723 3806 813 3882 Quod
840 3808 900 3871 etsi
928 3809 996 3872 leve
1024 3812 1087 3889 est,
1118 3807 1260 3871 animum
1287 3812 1396 3870 tumen

260 3916 319 3980 hoe
348 3915 545 3997 consolatur,
575 3916 658 3999 quod
687 3917 727 3979 ab
753 3939 817 3981 uno
840 3916 1146 4001 aliquo.aliq11ondo
1175 3916 1252 3981 illud
1274 3917 1395 3980 lactum

258 4027 408 4109 oportuit.
454 4024 586 4107 Saepius
609 4029 716 4090 autem
743 4049 837 4110 quarn
860 4049 932 4091 eum
955 4028 1026 4090 aliis
1056 4027 1215 4112 agendum
1240 4026 1333 4088 nobis
1361 4025 1395 4088 iu

258 4137 319 4200 hoc
353 4157 464 4199 caussa
497 4136 558 4198 erit
591 4158 662 4199 eum
693 4135 918 4220 Bernhardyo‚
957 4137 1044 4201 cuius
1075 4137 1170 4200 docta
1204 4139 1237 4199 et
1269 4133 1395 4199 subtilis

259 4267 393 4308 censura
422 4249 602 4308 nostrorum
631 4247 932 4311 commentationum
963 4245 1081 4329 prodiit
1109 4247 1142 4309 in
1171 4246 1291 4309 Annol.
1323 4247 1393 4310 crit.

259 4353 363 4418 Berol.
381 4377 409 4418 a.
430 4355 657 4438 1838part.11
678 4379 709 4440 p.
726 4357 785 4420 821
804 4379 871 4440 sqq.
909 4357 965 4420 Cui
990 4357 1024 4420 in
1046 4355 1233 4440 quibusdum
1250 4355 1401 4438 nimiunq'
