3254 5092
279 367 339 429 164
578 382 828 432 coaoualurvu
850 383 1120 432 msevrasrours

277 534 351 600 Sint
364 534 465 619 igitur
479 535 535 598 illa
551 536 601 599 vel
617 536 658 599 ab
678 537 748 620 ipso
763 537 889 600 demum
904 537 1020 600 Taetza
1042 536 1076 600 in
1091 536 1238 620 margine
1254 535 1417 619 adscripta

273 645 325 708 vel
353 645 394 708 ab
422 645 554 710 librario
582 646 715 709 extremi
743 646 862 710 saeculi
891 645 962 728 XV,
992 667 1073 730 quae
1100 645 1194 710 Hasii
1222 667 1313 710 mens
1342 645 1414 710 luit.

275 754 363 839 Ergo
392 756 571 839 quicunque
599 755 784 840 adscripsit,
817 756 918 820 voluit
950 759 1006 820 aut
1038 756 1227 840 depravata,
1264 755 1304 818 ad
1333 777 1415 840 quae

274 865 464 948 offenderet,
498 866 596 930 verba
624 865 799 950 corrigere,
835 871 890 928 aut
919 867 981 930 alio
1011 866 1144 929 consilio
1171 865 1291 948 ahquid
1318 865 1415 929 adno-

274 974 407 1037 tationis
435 974 570 1038 adicere.
621 975 721 1059 Atqui
752 974 866 1040 horum
898 979 1047 1039 neutrum
1080 976 1159 1039 satis
1193 975 1312 1058 poterit
1344 996 1415 1059 pro-

274 1083 380 1148 babile
402 1084 513 1147 videri.
552 1083 637 1147 Nam
658 1084 796 1168 primum
818 1107 837 1148 a
861 1085 1040 1148 litterarum
1055 1084 1263 1148 similitudine
1281 1084 1416 1148 nimium

273 1193 359 1258 inter
380 1215 414 1257 se
436 1193 635 1277 discrepant:

400 1313 555 1398 Ἀθηναίῳ
578 1314 629 1378 καί
651 1314 863 1399 Ἀθηνοδώρῳ
886 1314 1018 1392 ἐπίκλην
1042 1313 1238 1394 Κορδυλίωνι

273 1426 306 1485 et
563 1424 717 1508 Ἀθηναίῳ
741 1444 791 1487 και
813 1443 871 1500 κογ
894 1424 945 1488 ἐπὶ
967 1427 1126 1500 rorantur:

273 1535 309 1594 ut
343 1531 494 1595 omissum
527 1531 698 1594 articulum
729 1532 904 1596 mittamus.
963 1531 1088 1596 Deinde
1121 1554 1234 1615 parum
1266 1535 1315 1596 est
1346 1533 1413 1596 veri

273 1641 392 1724 simile,
409 1642 492 1724 quod
509 1640 555 1704 ait
569 1639 688 1704 Hosius
703 1641 838 1706 obscura
853 1645 886 1705 et
902 1642 1034 1705 confusa
1049 1642 1268 1706 recordatione
1283 1641 1412 1705 infimae

273 1751 388 1814 aetatis
416 1750 582 1814 librarium
609 1750 825 1834 Byzantinum
854 1751 889 1814 in
917 1751 1020 1835 ipsum
1053 1751 1143 1814 illum
1170 1751 1412 1815 Athenodorum

272 1860 421 1925 incidisse
449 1882 487 1925 ac
518 1861 557 1923 de
585 1863 764 1944 temporum
793 1861 971 1924 rationibus
1000 1882 1146 1924 securum
1177 1861 1262 1923 illius
1295 1883 1411 1924 nomen

272 1970 318 2033 sic
345 1973 464 2034 temere
491 1970 678 2052 reposuisse.
729 1968 953 2054 Ignorantiam
981 1970 1150 2054 largimur:
1185 1970 1239 2033 sed
1269 1969 1411 2033 Atheno-

272 2077 383 2142 dorum
399 2077 621 2162 Oordylionem
635 2079 856 2144 reconditioris
874 2079 1045 2143 memoriae
1067 2079 1228 2142 hominem
1250 2083 1409 2162 putamus,

272 2209 367 2271 quam
394 2187 448 2270 qui
475 2175 566 2252 istius
589 2189 673 2252 modi
696 2189 877 2274 Byzantino
905 2189 1001 2253 facile
1030 2192 1219 2252 occurreret.
1265 2187 1411 2272 Denique

272 2297 355 2380 quod
370 2297 538 2362 Cramerus
555 2298 796 2363 Athenodorum
812 2299 1052 2363 commemorari
1072 2320 1138 2363 non
1152 2302 1188 2361 ut
1211 2298 1411 2362 Onomacriti

271 2411 312 2471 et·
336 2407 528 2492 reliquorum
559 2407 595 2471 in
627 2408 813 2473 ordinandis
850 2408 1044 2473 carminibus
1075 2407 1254 2471 Homericis
1290 2407 1410 2471 socium

270 2521 395 2599 monet,
419 2517 473 2582 sed
496 2519 532 2580 ut
554 2521 716 2583 auctorem
736 2541 756 2580 a
778 2540 839 2602 quo
855 2541 945 2582 suam
968 2517 1007 2582 de
1022 2516 1210 2581 Pisistratea
1225 2518 1410 2582 recensione

218 2640 252 2689 48
269 2627 488 2692 narrationem
510 2626 627 2690 Taetza
654 2627 799 2710 petierit:
828 2648 869 2690 ne
897 2626 957 2690 hoc
984 2626 1112 2710 quidem
1138 2627 1265 2709 placere
1292 2629 1408 2710 potest,

269 2740 436 2820 propterea
467 2735 593 2818 quidem
623 2737 706 2819 quod
739 2735 945 2820 philosophus
977 2736 1040 2799 fuit
1067 2729 1309 2817 Athenodorus,
1343 2757 1409 2799 non

268 2846 512 2930 grammaticus,
540 2865 600 2908 nec
623 2845 792 2929 quicquam
814 2846 979 2929 scripsisse
1007 2849 1135 2929 praeter
1157 2845 1280 2910 Stoicae
1303 2845 1408 2929 dispu-

268 2955 406 3018 tationes
433 2953 634 3036 perhibetur:
663 2959 714 3036 ut,
749 2976 810 3040 quo
838 2955 963 3039 qualive
990 2954 1122 3018 taudem
1149 2954 1230 3018 libro
1257 2957 1296 3018 de
1325 2955 1408 3018 curis

267 3062 446 3127 Homericis
462 3062 624 3126 Pisistrati
639 3065 740 3148 possit
755 3064 872 3129 dixisse
886 3065 988 3128 videri
996 3115 1004 3146 ‚
1021 3065 1206 3149 neutiquam
1223 3063 1405 3148 intellegas.

267 3171 349 3236 Vide
372 3194 452 3256 quae
474 3172 514 3236 de
530 3172 737 3238 Athenodoro
752 3173 952 3259 Wegenerus
976 3175 1138 3258 congessit
1159 3174 1198 3236 de
1214 3173 1287 3236 aula
1304 3173 1405 3237 Attal.

266 3304 298 3366 p.
327 3283 392 3346 224
420 3304 487 3366 sqq.
533 3283 646 3367 Itaque
673 3283 751 3366 etsi,
787 3304 848 3366 quo
875 3282 981 3347 valeat
1009 3283 1171 3366 adscripta
1198 3283 1233 3346 in
1259 3282 1407 3367 margine

266 3392 406 3476 notatio,
436 3396 471 3455 ut
493 3413 580 3456 nunc
600 3413 651 3457 res
674 3395 739 3476 est,
769 3391 911 3476 expediri
940 3414 1011 3456 oum
1038 3393 1144 3476 aliqua
1170 3391 1406 3476 probabilitatis

266 3504 371 3586 specie
394 3503 521 3587 nequit,
544 3502 606 3566 hoc
626 3505 737 3566 tamen
751 3502 876 3566 videtur
892 3503 1038 3566 effectum
1061 3523 1145 3584 esse,
1168 3501 1250 3565 nihil
1272 3525 1343 3567 eam
1366 3502 1406 3565 ad

266 3612 335 3696 ipsa
357 3612 491 3676 Tzetzae
513 3612 611 3675 verba
635 3610 833 3676 emendanda
860 3611 1036 3695 pertinere:
1066 3634 1128 3695 quo
1156 3611 1250 3674 litut
1277 3612 1406 3697 integra

265 3721 327 3784 ista
354 3721 480 3805 quidem
508 3723 651 3806 quaestio
681 3721 723 3785 sit
745 3725 778 3784 et
805 3721 846 3783 ab
867 3719 1069 3785 Athenodori
1094 3721 1247 3784 memoria
1276 3743 1404 3806 prorsus

266 3808 421 3894 seiuncta

349 3939 470 4004 lacera
498 3940 598 4025 igitur
630 3940 665 4004 in
694 3939 801 4004 codice
829 3940 964 4004 Tzetzae
991 3943 1089 4006 verba
1117 3941 1223 4026 aliqua
1252 3943 1336 4005 certe
1365 3961 1403 4004 cx

264 4053 356 4132 parte
383 4050 429 4114 sic
457 4049 604 4134 expedire
635 4049 802 4115 Cramerus
830 4055 862 4114 et
884 4051 1003 4114 Hasius
1034 4051 1142 4114 conati
1169 4054 1260 4133 sunt,
1291 4053 1327 4112 ut
1349 4049 1403 4112 ille

264 4162 377 4241 poetae
399 4180 493 4244 quem
514 4160 702 4244 requirimus
727 4183 844 4225 nomen
865 4161 900 4224 in
922 4181 981 4238 καγ
1004 4161 1135 4243 litteris,
1164 4160 1217 4223 hic
1239 4163 1346 4223 autem
1368 4158 1402 4222 in

263 4290 313 4333 και
335 4271 386 4335 ἐπὶ
408 4269 522 4354 (voluit
551 4269 644 4334 oredo
672 4292 731 4348 καγ
753 4272 818 4355 ἐπὶ)
841 4269 972 4354 syllabis
1002 4269 1217 4353 quaerendum
1246 4269 1401 4352 simulque

262 4363 407 4456 νογκολω
441 4384 622 4463 cormptum
653 4403 670 4444 e
703 4385 837 4464 κυκλικῷ
875 4379 1005 4443 diceret.
1065 4379 1238 4463 Cogitabat
1272 4378 1401 4464 Hasius,
