3254 5092
249 330 312 410 232
600 359 756 407 'enarras
780 358 1040 407 00000000οΜ

334 513 446 597 Itaque
474 535 545 577 curn
574 512 657 576 haud
684 511 885 578 mediocriter
912 511 1110 595 infringatur
1136 510 1270 574 Taetzae
1298 510 1387 592 fidae,

250 623 438 708 praesertim
471 644 542 686 cum
574 622 613 686 (le
641 621 803 686 Demetrio
831 621 986 685 Phalereo
1014 643 1080 684 non
1112 621 1217 684 minus
1244 625 1389 704 tempora

252 733 383 797 confusa
405 732 566 797 videamus
583 732 669 818 (vide
684 732 894 796 Ritschelium
917 731 955 795 de
970 731 1070 796 schol.
1086 730 1191 794 Plaut.
1209 754 1240 814 p.
1259 732 1323 815 13),
1347 731 1388 794 ab

251 843 300 906 his
322 846 431 906 tamen
452 842 681 928 distinguenda
703 845 778 906 sunt
800 865 853 926 ea,
883 863 963 925 quae
986 841 1190 925 antiquioris,
1220 862 1313 925 quern
1335 840 1389 904 ille

183 965 233 1013 252
251 956 376 1016 secutus
399 955 463 1035 001,
493 953 656 1036 scriptoris
679 953 870 1016 auctoritate
892 953 1049 1016 nituntur.
1094 951 1157 1014 Hic
1179 951 1279 1036 igitur
1300 951 1388 1015 dubi·

250 1063 313 1126 tari
341 1062 452 1146 nequit
478 1062 555 1146 quin
583 1065 615 1126 01
643 1062 878 1126 adolescentem
904 1061 1003 1125 fuisse
1026 1060 1257 1126 Callimachum
1283 1061 1389 1125 Phila-

251 1172 367 1256 delpho
381 1175 540 1256 regnante
554 1172 719 1254 scripserit
733 1176 766 1234 et
781 1172 1051 1236 bibliothecae
1067 1193 1149 1235 eum
1164 1171 1390 1254 praefuisse

252 1281 480 1345 nesciverit.
526 1281 611 1345 Nam
634 1303 705 1345 cum
728 1281 846 1365 aliquid
869 1284 979 1345 tamen
1001 1281 1095 1345 abeo
1115 1280 1269 1364 scriptum
1292 1281 1390 1345 fuisse

252 1411 381 1455 necesse
403 1391 460 1473 sit,
484 1391 568 1455 unde
589 1392 704 1455 mirum
726 1391 805 1455 illud
820 1392 982 1458 νεανίεκοε
1004 1393 1051 1457 ὢν
1072 1396 1127 1470 τῆ(
1149 1391 1248 1471 011ῆο
1263 1391 1390 1455 efficere

252 1501 391 1584 potuerit
418 1501 550 1584 Tzetza,
579 1504 647 1564 tum
673 1523 733 1565 nec
761 1502 844 1585 ipse,
873 1502 900 1565 si
927 1501 965 1564 de
988 1500 1200 1565 bibliothecae
1228 1502 1390 1584 praefecto

251 1609 420 1694 quicquam
449 1615 645 1694 compertum
678 1612 857 1693 habuisset,
890 1613 925 1676 in
959 1611 1018 1674 tali
1047 1611 1173 1694 quidem
1202 1613 1390 1695 argumento
1417 1625 1423 1634 ·

251 1719 419 1804 tacuisset,
453 1743 513 1785 nec
545 1722 572 1785 si
605 1721 753 1804 dixisset,
788 1722 820 1785 id
849 1723 996 1786 omittere
1024 1722 1056 1784 et
1087 1721 1123 1784 in
1151 1721 1215 1784 alia
1242 1721 1391 1784 aberrare

252 1833 380 1912 poterat
400 1830 527 1895 Taetza.
573 1831 663 1895 Nihil
686 1836 791 1894 autem
814 1831 913 1895 refert
940 1831 979 1893 de
1007 1831 1063 1894 illo
1090 1830 1391 1894 adolescentulo

253 1939 399 2022 aulico,
433 1962 526 2024 quem
560 1940 873 2005 bibliothecario
901 1940 1107 2004 substitutum
1142 1961 1209 2004 esse
1237 1940 1389 2022 videmuS,

253 2069 414 2131 quaerere.
453 2049 537 2113 Nam
551 2053 588 2113 ut
609 2051 728 2114 latinus
744 2051 972 2134 grammaticus
987 2071 1063 2114 suae
1080 2051 1196 2114 aetatis
1218 2071 1295 2132 rem,
1320 2071 1391 2114 cum

253 2157 362 2221 abeis
385 2157 466 2242 quae
488 2162 661 2224 narrantur
683 2181 749 2224 non
772 2160 877 2223 aliena
905 2181 973 2224 esse
1001 2161 1177 2242 videretru,
1208 2164 1320 2244 suopte
1343 2182 1390 2223 ar-

254 2267 349 2333 bitrio
370 2268 496 2351 intulit,
521 2270 567 2332 ita
583 2270 624 2332 ab
647 2270 716 2353 ipso
731 2269 848 2333 'l'zetza
870 2269 991 2334 factum
1010 2291 1077 2333 esse
1100 2272 1193 2354 puto,
1217 2272 1253 2332 ut
1267 2269 1391 2353 Byzan-

253 2377 314 2440 tini
341 2377 466 2461 imperii
488 2400 607 2443 morem
630 2383 663 2444 et
689 2401 806 2443 nornen
833 2378 874 2443 ad
902 2401 939 2443 ea
967 2401 1048 2462 quae
1075 2378 1114 2442 de
1137 2378 1392 2442 Ptolemaeorum

253 2487 404 2551 memoria
419 2488 539 2572 scripta
554 2489 679 2552 invenit
692 2489 893 2553 transferret.
940 2488 1024 2553 Nam
1041 2489 1145 2572 ipsum
1161 2488 1392 2554 Callimachum

253 2597 311 2661 tali
327 2597 446 2662 honore
461 2597 607 2662 functum
623 2621 706 2682 esse,
730 2599 856 2663 etiamsi
872 2600 939 2662 eius
954 2603 1060 2662 aetate
1076 2598 1234 2681 extiterit,
1257 2598 1392 2662 Γ1101000

253 2707 379 2790 quidem
401 2708 585 2772 testimonio
607 2730 673 2772 000
694 2709 790 2773 facile
813 2709 916 2773 oredo.
961 2707 1022 2774 Sed
1046 2729 1117 2773 cum
1140 2707 1217 2772 illud
1243 2708 1337 2792 primi
1360 2712 1393 2771 et

254 2816 377 2899 antiqui
407 2817 544 2880 auctoris
572 2817 611 2880 de
637 2817 849 2883 bibliothecae
878 2817 1080 2902 praefectura
1107 2818 1269 2882 silentium
1295 2819 1392 2882 etiam

253 2925 364 2990 diserti
379 2926 554 2991 testimonii
570 2927 706 3012 quodam
720 2928 813 2992 modo
834 2929 899 2992 vim
921 2928 981 2992 hoc
1003 2928 1073 2991 loco
1094 2927 1227 3010 babeat,
1252 2929 1392 3012 sequitur

254 3035 315 3100 hoc
342 3057 472 3118 manue,
501 3037 583 3121 quod
605 3037 748 3102 Plautini
776 3038 888 3102 scholii
915 3038 1106 3101 auctoritate
1132 3037 1324 3102 Ritschelius
1353 3037 1391 3101 de

254 3144 353 3208 schol.
377 3145 481 3210 Plaut.
505 3169 536 3230 p.
564 3147 602 3211 le
625 3152 656 3211 01
679 3147 794 3213 coron.
819 3170 850 3230 p.
874 3148 930 3230 29,
960 3145 1006 3210 rei
1033 3147 1261 3230 probabilitate
1288 3151 1391 3211 motus

254 3339 375 3409 gendum
386 3340 507 3406 videtur,
525 3341 703 3396 Polemonem
721 3343 780 3394 tam
799 3341 900 3394 acriter
912 3340 1126 3394 Eratosthenem
1144 3341 1179 3395 de
1197 3342 1280 3396 rebus
1293 3340 1392 3395 Atticis

253 3432 443 3502 disputantem
462 3433 627 3502 castigasse,
646 3435 677 3487 ut
695 3450 757 3487 eum
770 3451 804 3488 ne
816 3433 918 3487 vidisse
938 3433 1050 3500 quidem
1062 3433 1186 3488 Athenas
1200 3434 1391 3489 contenderet:

254 3527 287 3580 cf.
300 3527 405 3581 Preller
417 3528 520 3584 Palem.
540 3527 734 3594 1100010086.
765 3525 856 3590 Quare
874 3525 1019 3595 probabile
1037 3526 1144 3595 potius,
1162 3544 1225 3580 cum
1243 3527 1310 3590 turn,
1330 3543 1391 3580 0001

254 3619 376 3674 Aristoni
399 3619 467 3674 Chio
494 3619 659 3689 philosopho
683 3618 798 3672 Athenis
822 3635 937 3688 operam
959 3618 1052 3684 daret,
1083 3636 1100 3673 a
1124 3619 1208 3674 tertio
1230 3619 1391 3674 Ptolemaeo

254 3711 418 3766 arcessitum
436 3729 504 3766 0000.
542 3711 610 3766 Cum
628 3712 727 3780 quibus
751 3712 773 3764 01
797 3711 857 3778 quia
880 3712 922 3766 ita
939 3711 1056 3766 Taetzae
1076 3713 1266 3767 narrationem
1285 3711 1391 3767 concin-

254 3821 321 3859 nare
338 3805 417 3870 velit,
440 3807 472 3859 ut
487 3805 702 3860 Eratosthenem
720 3821 836 3874 puerum
853 3805 1050 3859 Alexandriam
1068 3805 1188 3872 venisse,
1211 3804 1310 3860 deinde
1328 3821 1392 3874 geo·

254 3899 451 3967 graplricorum
470 3897 730 3952 conscribendamm
748 3913 832 3952 causa
849 3897 996 3952 Graeciam
1014 3913 1191 3974 peragrasse,
1209 3897 1257 3952 illo
1275 3897 1391 3952 absente

254 3991 425 4046 Zenodotum
438 3990 622 4046 bibliothecae
634 3991 806 4060 praefectum
819 4008 892 4056 esse,
909 3991 963 4046 hoc
975 3993 1068 4046 autem
1080 3993 1190 4045 mortuo
1202 3989 1281 4043 illum
1291 3990 1391 4044 iterum

254 4085 345 4138 locum
363 4102 442 4138 suum
454 4100 604 4153 occupasse
622 4083 711 4149 (licat,
729 4083 825 4138 obstat
841 4087 937 4137 tamen
954 4087 1033 4138 aetas
1046 4083 1251 4138 Eratosthenis:
1272 4082 1391 4150 quicum

254 4178 327 4232 teste
340 4175 425 4230 Suida
437 4177 471 4230 ol.
487 4181 534 4230 1¹26
551 4178 633 4230 natus
652 4176 700 4242 sit,
720 4193 837 4242 quocum
850 4175 1026 4230 consentiunt
1043 4176 1149 4243 reliqua
1167 4175 1200 4229 de
1222 4175 1280 4229 eius
1299 4176 1392 4229 aetate

254 4268 415 4324 testimonia
427 4287 445 4323 a
456 4269 636 4338 Bernhardyo
650 4287 676 4338 0.
689 4267 727 4322 XI
740 4269 907 4338 composita,
924 4267 1024 4338 puerili
1042 4271 1135 4322 aetate
1155 4268 1190 4322 ad
1208 4267 1275 4321 'mad
1293 4285 1392 4320 munus

255 4361 427 4416 accessisset.
