3184 5100
594 425 719 472 Βιιιινιε
743 425 963 473 οοοοιιιντιο.
1287 410 1347 472 άβῖ

288 578 467 644 Ἡλύειον
496 578 515 655 ἡ
544 578 696 658 μακάρων
725 583 823 656 νῆεοε
855 617 898 626 »-
929 578 999 640 125.
1029 580 1208 644 Ὴλύιιον
1237 581 1349 644 πεδίον

205 688 366 771 ((Ὀμηροε)
383 725 426 734 —-
447 689 570 752 Ἡοίαι
591 726 633 738 »-
657 688 784 770 Ἦπαρ
808 690 1010 770 (Χρύειπποε)
1027 727 1069 736 -
1084 691 1231 768 Ἣρωεε
1255 690 1349 768 (Πλά-

202 820 269 863 των
295 847 302 861 .
328 846 336 862 .
362 848 368 860 .
396 847 403 861 .
435 800 653 882 Ἀριττόνικοε)
682 837 724 849 —-
752 802 927 879 Ἣρωνεε
958 796 1001 884 [h.
1033 799 1206 884 6.,ἥρωεε)
1239 799 1349 883 (Ἡείο-

202 913 275 972 δοε·
298 904 317 990 ι)
342 910 402 988 ἔρα
425 905 614 990 ἑσσάμενοι)
1027 903 1030 910 ’

290 1179 361 1243 130.
386 1179 571 1245 Θάλαττα
594 1181 827 1261 (Ἀριετόνικοε)
845 1219 888 1230 -
904 1181 1153 1246 Θειλόπεδον
1178 1181 1348 1262 (Ἀλεξίων)

203 1328 245 1337 -
267 1290 519 1356 Θειλάπεδον
541 1308 584 1338 ’-
607 1292 726 1357 Θεῑον
757 1291 931 1373 (Εὐδαίμων
956 1293 991 1356 ἐν
1013 1295 1050 1369 τῆ
1073 1291 1284 1374 ὀρθογραφία)
1307 1329 1350 1340 -

204 1402 375 1479 Θυμέλαι
399 1402 563 1483 (Αίεχύλοε
585 1403 662 1466 τούε
685 1405 813 1482 βωμοὺε
836 1403 928 1484 λέγει)

290 1657 360 1720 135.
390 1657 508 1722 Ἰλεύε
538 1657 790 1740 (ἐτυμολογεῑται
823 1657 886 1738 ὑφ’
913 1658 1074 1722 Ἡειόδου·
1100 1652 1199 1736 Ἱλὲα,
1228 1655 1288 1720 τόν
1312 1649 1350 1735 ’ῥ’

205 1805 367 1891 ἐφίλησεν
388 1806 472 1886 άναξ
488 1807 571 1883 Διὸς
592 1803 850 1884 νίόςἈττόλλων
872 1807 929 1872 καὶ
951 1809 987 1872 ολ
1005 1802 1116 1872 ταῦτά
1141 1761 1248 1891 ονομάι
1270 1807 1349 1890 ὀρο-

203 1913 320 2043 με’ναῒςι
342 1955 465 2026 οὕνεκα
488 1955 627 2045 νύμφην
651 1957 835 2045 εὑράμενος
856 1962 958 2026 ἵλεων
974 1953 1058 2044 ὄχθη
1079 1959 1233 2044 ἐρατεινῇ
1248 1959 1350 2044 φιλό-

204 2093 275 2153 τητι
302 2067 404 2154 ἤματι
432 2073 479 2134 τά
507 2067 561 2135 ὅτε
589 2083 697 2154 τοῖχος
720 2067 897 2155 εάάμήτοις
919 2069 1045 2154 πόλησε
1067 2065 1199 2153 ὑψηλὸν
1223 2075 1350 2136 Ποσει-

205 2179 298 2243 δάων
327 2180 382 2244 καί
409 2177 589 2244 Ἀπόλλων.
627 2187 727 2247 ταῦτα
750 2183 954 2262 παρατίθεται
977 2183 1013 2246 ἐν
1037 2179 1082 2268 ο(
1105 2183 1284 2261 ειμωνίδαε)
1306 2221 1348 2231 —-

202 2291 417 2372 Ἰφιγένεια
441 2291 623 2374 (Εὐφορίων
647 2293 746 2372 αὐτὴν
769 2294 965 2372 ἐτυμολογεῑ.
990 2293 1120 2367 ἀγνοῶν
1144 2294 1244 2372 αὐτὴν
1260 2295 1349 2368 Ἀγα-

204 2402 341 2481 μέμνων.
371 2403 417 2464 άιτ
445 2401 545 2466 οἴεται
574 2405 609 2467 δὲ
638 2403 737 2481 αὐτὴν
767 2404 895 2481 Ἐλένηε
930 2405 979 2466 καί
1011 2404 1139 2480 Θήτεωε
1173 2404 1348 2483 ὑποβλῆτιν

205 2541 337 2616 δοθῆναι
362 2505 639 2619 Κλυταιμνήετράε.
663 2535 788 2602 οὕνεκα
804 2533 835 2600 δ’
851 2533 933 2620 ἡμῖν
956 2531 1008 2618 ἷιρι
1030 2539 1215 2620 βιησαμένη
1235 2534 1348 2621 Ἑλένη

205 2641 405 2728 άπερείνατο
426 2646 499 2710 θέει
522 2649 666 2728 ἐξελένηε
689 2650 739 2713 καὶ
758 2649 887 2729 θήεεωε)
908 2685 951 2696 -
973 2649 1134 2728 Ἰωχεάιε
1158 2643 1201 2734 (λι.
1227 2669 1254 2711 e.
1278 2649 1350 2728 ἰωχ-

204 2757 274 2841 μάε)
300 2759 318 2841 (.
338 2808 344 2820 .
365 2807 371 2820 .
392 2807 399 2819 .
422 2755 548 2838 ἰωχμόε.
572 2760 605 2825 ἐξ
629 2758 668 2822 οὗ
692 2761 853 2838 θετταλικὴ
876 2761 1013 2838 γενιτικὴ
1031 2758 1192 2838 ἰωχμοίων
1209 2759 1254 2822 ωε
1269 2761 1348 2838 παρ’

204 2867 349 2933 Ἡείοδοε
372 2867 408 2932 ἐν
431 2873 524 2945 θεογι
561 2863 710 2932 άσπάτον
739 2869 874 2952 ἰωχμοῐς
901 2867 1061 2951 βουλαίαν
1083 2891 1119 2932 τε
1142 2867 1348 2950 κρατεράων)

291 3125 518 3229 Καμιβάλληε
551 3163 593 3172 -
629 3125 754 3203 Κάλλη
791 3126 839 3207 (τὰ
871 3125 1027 3204 πορφυρὰ
1053 3125 1164 3203 ἱμάτια.
1199 3125 1348 3189 Εὔπολιτ·

205 3235 311 3316 βάντε
338 3235 379 3301 τά
407 3236 513 3319 κάλλη
542 3233 599 3330 ναὶΙ
628 3234 779 3318 κέραμος)
817 3273 860 3284 —-
898 3235 968 3298 140.
1009 3234 1185 3300 Κανόνα(
1215 3235 1270 3315 (ὼε
1299 3237 1349 3300 καὶ

205 3389 401 3470 Ἀνακρέων·
424 3339 603 3472 ναριοερροέ
623 3383 641 3452 ὁ
662 3386 773 3470 χάνιο)
796 3425 839 3437 -
870 3389 1054 3468 Κάνωβοε
1079 3388 1125 3471 (ἐν
1149 3387 1349 3466 ὑπομνήματι

205 3499 339 3580 ἀλέεχηε
360 3501 546 3580 Ἡρακλειδῖ
578 3501 755 3580 Νίκανδροε
772 3501 807 3564 δὲ
830 3499 865 3564 ἐν
883 3498 1055 3602 Θηριακοῖς
1078 3546 1089 3570 ·.
1112 3547 1118 3560 ·
1145 3547 1151 3559 ·
1175 3486 1234 3579 ἦμ’
1264 3495 1346 3560 άπο-

206 3603 315 3717 ψύχάν
338 3637 573 3718 κυβερνητηρα
595 3632 759 3717 Κάνωβος
782 3632 911 3708 Θάνιος
938 3630 976 3696 ἐν
1004 3632 1200 3714 ψαμμάθοις
1229 3629 1346 3715 άθροί-

206 3760 297 3808 σατο.
328 3746 434 3810 οὕτως
455 3745 563 3830 Ὠροε)
592 3785 635 3794 -·
672 3746 803 3826 Καπύη
835 3746 890 3828 (άκ
913 3746 987 3826 φηεὶ
1011 3745 1169 3825 Κεφάλων
1192 3744 1211 3809 ὁ
1236 3743 1348 3823 Γεργή-

205 3853 281 3922 θἰοε.
305 3857 411 3922 οὕτω(
433 3855 543 3938 Ὧροε)
571 3895 614 3906 —-
648 3857 805 3938 Κορβάν
837 3856 1041 3938 (Κυκόφρων
1074 3851 1225 3936 κάβανον
1247 3850 1349 3936 ὄχλον

205 3968 264 4054 sie)
301 4008 345 4018 —
383 3970 482 4034 Κατὰ
509 3969 655 4049 κόρρηε
687 3968 719 4050 (ὁ
748 3970 784 4032 δὲ
806 3967 1031 4047 Ἐρατοεβένητ
1058 3965 1183 4031 άπαεαν
1212 3967 1270 4044 τήν
1293 3969 1349 4044 τῆ(

205 4085 346 4160 κεφαλῆε
368 4082 495 4158 πληγὴν
518 4081 789 4143 καταδουλοῦεθαι
811 4074 927 4158 ἑτέρω)
963 4113 1006 4124 —-
1044 4077 1114 4139 145.
1155 4076 1348 4155 Καταμῆρ’

205 4189 298 4267 ἐκάη
328 4191 543 4270 (Πτολεμαῖον
565 4190 601 4254 ἐν
626 4188 798 4253 τελευταίω
828 4187 1069 4265 παραλαμβάνει
1090 4191 1168 4265 μῆρε
1190 4187 1267 4250 κτὲ.;
1305 4186 1346 4249 cf.

205 4297 258 4362 Et.
283 4285 425 4382 M.‘585‚
449 4299 505 4384 27)
528 4337 570 4348 —
594 4299 845 4379 Κατεμύξατο
866 4333 909 4345 -
932 4296 1148 4376 Καάττριοε
1170 4335 1212 4346 -
1236 4298 1348 4378 Κερα-

205 4437 322 4521 βάτηε
347 4435 403 4522 (άε
426 4455 521 4516 φησιν
544 4437 717 4520 Πίνδαροε,
743 4435 813 4503 οἷον
837 4399 981 4518 ὑμιιιέρά
1003 4430 1139 4518 πέτραν)
1162 4471 1205 4482 -
1235 4434 1347 4516 Κέρα-
