3254 5092
515 339 562 385 na
586 339 676 386 3133.
700 339 804 386 anax.
828 341 872 387 ur
894 339 1111 388 3131333113.
1325 325 1384 389 165

241 513 433 574 quamquam
461 513 527 554 non
555 491 624 554 siue
652 513 794 554 summae
822 492 1032 556 dubitationis
1063 492 1315 578 significatione,
1344 493 1384 557 de

243 601 397 686 Καρκίνῳ.
444 601 490 665 At
503 623 578 665 vero
600 622 660 664 nec
684 602 821 685 cyclicus
843 601 870 665 is
893 607 988 686 poeta
1011 603 1074 666 fuit
1095 601 1150 666 sed
1165 605 1251 666 totus
1273 625 1384 679 γενεα-

243 712 356 794 λόγοε,
381 713 414 774 33
427 733 446 774 a
461 710 650 776 PisIstratea
665 715 772 775 aetate
787 712 856 776 sine
879 711 975 775 dubio
991 712 1069 775 satis
1084 715 1233 776 remotus
1265 712 1383 787 Quodsi

241 821 463 884 commendata
496 822 537 885 ab
570 821 671 885 Hasio
704 822 756 885 via
793 821 933 886 tenenda
965 821 1022 903 sit,
1067 843 1133 886 non
1166 821 1257 886 video
1290 844 1383 908 quem

240 931 303 995 huc
325 931 494 995 convenire
517 953 534 994 3
557 932 734 995 notioribus
762 931 945 995 hominibus
973 934 1101 1014 praeter
1122 952 1221 994 unum
1244 931 1383 998 Cerco-

239 1061 324 1123 pem
358 1039 596 1126 Pythagoreum
629 1042 751 1123 dicam,
791 1041 1007 1123 Onomacriti,
1046 1040 1167 1124 Orphei
1202 1044 1235 1104 et
1266 1040 1383 1125 Zopyri

240 1149 338 1213 etiam
379 1150 414 1214 in
457 1151 638 1235 pangendis
675 1151 869 1215 carminibus
907 1150 1057 1235 Orphicis
1093 1149 1223 1215 socium.
1283 1149 1383 1226 Quem

240 1280 366 1324 omnem
393 1260 497 1324 locum
524 1264 597 1342 post
624 1261 813 1326 Muellerum
840 1260 968 1346 Proleg.
997 1260 1130 1344 mythol.
1159 1283 1192 1344 p.
1221 1262 1284 1326 379
1312 1283 1380 1346 sqq.

240 1371 274 1432 et
294 1368 489 1432 [obeckium
512 1369 673 1454 Aglaoph.
697 1371 713 1434 I
728 1393 759 1454 p.
777 1371 839 1435 353
855 1392 923 1454 sqq.
947 1370 1155 1434 tractavimus
1177 1369 1216 1434 de
1232 1371 1309 1434 bibl.
1327 1371 1380 1434 Al.

239 1501 272 1562 p.
303 1479 345 1542 42
375 1482 408 1542 et
437 1480 490 1544 34.
549 1480 656 1563 Atque
688 1501 754 1543 non
787 1479 987 1544 incommode
1020 1481 1055 1542 in
1088 1479 1267 1546 litterarum
1301 1481 1381 1548 haec

239 1588 377 1672 vestigia
399 1610 449 1652 και
471 1611 529 1666 καγ
552 1589 603 1654 ἐπὶ
625 1589 781 1673 quadrare
803 1589 880 1653 bina
902 1588 1057 1653 vocabula
1226 1573 1227 1578 ¹

330 1703 332 1708 '
401 1699 450 1762 καὶ
472 1700 611 1778 κέρκωπι

241 1810 390 1891 apparet:
413 1829 489 1870 nam
512 1829 528 1871 e
552 1808 735 1872 chartarum
756 1807 829 1872 labe
851 1829 977 1872 omnem
998 1811 1143 1891 repetere
1167 1807 1380 1891 corruptelam

241 1937 307 1980 uon
334 1916 525 1980 dubitamus,
576 1917 780 2002 Consequens
808 1921 870 2000 est,
906 1919 942 1980 ut
968 1917 1074 2000 patria
1102 1917 1251 2000 Cercopis
1280 1917 1381 1982 lateat
1398 1921 1431 1970 ⁴⁰

241 2026 276 2088 in
291 2031 448 2104 κογκυλω.
485 2027 603 2102 Quodsi
625 2027 805 2090 Milesius
827 2025 882 2090 ille
903 2025 1016 2110 suerit,
1040 2026 1101 2092 333
1122 2027 1249 2111 quidem
1263 2031 1381 2091 nomen

242 2136 283 2199 ab
306 2137 438 2200 istanmr
459 2137 667 2200 similitudine
694 2136 873 2200 litterarum
900 2140 1028 2201 tanturn
1050 2136 1166 2226 distat,
1194 2141 1231 2200 ut
1258 2137 1293 2200 in
1320 2136 1381 2202 hac

242 2245 295 2308 via
321 2245 450 2328 persisti
477 2249 625 2330 nequeat.
671 2245 731 2310 Sed
761 2247 838 2309 illud
867 2246 927 2308 etsi
957 2268 1015 2309 nos
1043 2269 1074 2330 p.
1098 2247 1141 2310 54
1168 2249 1381 2310 statueramus

242 2353 430 2418 Muellerum
452 2357 568 2438 secuti,
591 2359 700 2420 tamen
724 2355 863 2440 aliquam
886 2357 924 2418 de
946 2376 984 2418 ea
1006 2376 1040 2417 re
1062 2355 1295 2419 dubitationem
1317 2355 1382 2419 iam

241 2463 452 2548 praefationis
467 2487 498 2548 p.
516 2465 595 2529 VIII
610 2465 672 2548 ipsi
688 2464 964 2548 significabamus,
983 2463 1059 2527 alibi
1077 2485 1147 2527 eam
1162 2465 1381 2547 quaestionem

241 2595 300 2636 nos
328 2577 555 2638 retractaturos
583 2575 728 2658 professi.
784 2574 853 2649 Qua
881 2573 1008 2657 quidem
1035 2595 1132 2657 opera
1160 2595 1247 2637 nunc
1274 2595 1381 2656 super-

242 2683 350 2746 sedere
372 2683 464 2766 13333,
488 2687 656 2768 postquam
678 2706 806 2768 prorsus
829 2683 970 2747 diversos
991 2703 1059 2746 esse
1081 2683 1248 2766 antiquum
1269 2681 1381 2747 Cerco-

241 2813 315 2876 pem
337 2793 497 2857 Milesium
519 2794 644 2876 epicum
665 2797 793 2877 poetam
817 2797 912 2876 atque
928 2793 1028 2875 hunc,
1054 2792 1141 2856 cuius
1162 2791 1269 2876 patria
1290 2792 1380 2876 igno·

241 2905 347 2985 ratur,
376 2903 548 2986 Uercopcm
579 2903 816 2987 Pythagoreum
848 2925 920 2966 acre
953 2902 1103 2966 iudicium
1127 2901 1382 2966 Marchscheffeli

242 3012 340 3076 evicit
351 3013 662 3078 Commentationum
672 3012 903 3076 Hesiodearum
918 3035 949 3096 p.
965 3012 1141 3076 158-166.
1168 3011 1262 3076 Ouiae
1275 3015 1382 3076 autem

240 3121 341 3186 fuerit
352 3122 406 3186 ille
414 3123 625 3206 Orphicorum
638 3123 783 3186 conditor
795 3125 836 3205 et,
854 3122 916 3186 nisi
930 3121 1112 3186 coniectura
1127 3121 1223 3204 fallit,
1236 3121 1381 3186 Homeri-

242 3235 521 3316 301311ιδιαθέτηε,
538 3233 661 3316 assequi
677 3231 852 3296 divinando
867 3231 948 3296 velle
963 3230 1108 3314 ineptum
1123 3230 1175 3294 sit.
1199 3229 1281 3306 Quid
1297 3231 1382 3296 enim

241 3341 374 3426 prodest
394 3343 473 3406 talia
488 3342 523 3406 in
538 3341 676 3406 medium
691 3343 804 3406 afferre
825 3340 1030 3424 hariolando,
1053 3343 1091 3404 ut
1106 3341 1286 3426 Κορδυλὶῳ,
1305 3343 1381 3421 Κρο-

240 3454 341 3534 κυλεῑ,
366 3453 542 3532 Κορυλειεῖε
557 3473 689 3536 quorum
701 3454 768 3515 tam
779 3451 914 3515 obscura
927 3454 976 3515 est
990 3471 1071 3534 quae
1085 3471 1123 3514 ex
1138 3453 1230 3533 parte
1242 3450 1301 3514 soli
1314 3449 1382 3515 Ste-

240 3561 351 3648 phano
364 3561 521 3646 Byzantio
537 3562 690 3625 memoria
702 3560 845 3643 debetur,
864 3564 910 3644 ut,
929 3561 956 3624 si
973 3560 1064 3624 illinc
1076 3559 1213 3642 Cercops
1231 3558 1382 3624 oriundus

242 3675 343 3754 esset,
366 3671 534 3756 Paphlago
556 3671 661 3755 potius
683 3672 734 3734 vel
756 3670 963 3754 Pamphylius
979 3670 1028 3733 vel
1044 3669 1222 3735 Ithacesius
1246 3669 1380 3733 audiret.

330 3777 496 3845 Cramerus
524 3783 646 3864 autem,
675 3781 729 3864 qui
755 3781 791 3844 in
813 3779 887 3843 solis
910 3801 969 3856 καγ
996 3778 1113 3842 litteris
1140 3779 1240 3842 latere
1268 3781 1382 3862 poetae

241 3909 360 3954 nomen
383 3890 533 3973 putabat,
562 3890 675 3954 ultima
701 3891 757 3954 illa
778 3892 831 3956 ἐπὶ
852 3893 997 3966 κογκυλω
1019 3889 1150 3952 minime
1173 3909 1206 3952 se
1236 3887 1381 3952 dubitare

243 3998 292 4062 ait
313 3999 390 4082 quin
413 3997 453 4061 ad
474 4001 585 4067 ἐπικὸν
611 4002 729 4066 κύκλον
758 4003 814 4064 aut
835 4001 934 4084 ἐπικῷ
962 4000 1067 4083 κύκλῳ
1094 3997 1273 4062 revocanda
1301 3996 1381 4062 sint:

242 4129 305 4172 nec
326 4107 518 4192 improbavit
540 4110 600 4173 hoc
615 4109 743 4173 Hosius
788 4108 962 4173 Laudabile
985 4129 1062 4172 sane
1084 4109 1265 4172 inventum:
1288 4106 1382 4170 modo

242 4216 323 4280 illud
345 4218 534 4302 explicatius
557 4219 669 4284 docere
695 4240 762 4283 non
782 4217 1049 4303 supersedissent,
1078 4239 1140 4301 qua
1162 4217 1293 4281 tandem
1314 4237 1381 4280 ver-

243 4329 356 4392 borum
371 4329 607 4394 construetione
629 4350 730 4414 quove
751 4351 836 4396 nexu
858 4328 1038 4394 sententiae
1060 4328 1116 4390 illa
1137 4327 1248 4390 iuncta
1270 4326 1381 4422 priori-
