3254 5086
269 365 332 427 492
535 380 582 425 aa
605 379 834 426 1111111111
857 378 1150 438 11111111111111

271 533 486 616 exemplorum
522 551 668 595 numero:
705 533 741 593 ut
769 531 850 594 mira
884 532 1022 616 quadam
1055 537 1087 594 et
1117 531 1344 615 aequabilitate
1378 535 1412 596 et

270 643 426 706 varietate
453 642 503 706 vel
530 641 636 724 potius
664 640 823 724 aequabili
851 640 1006 707 varietate
1033 662 1090 724 per
1111 641 1259 704 binorum
1280 641 1410 705 testium

270 753 355 816 inter
384 773 417 815 se
442 751 691 834 discrepantium
723 751 908 814 memoriam
941 750 1019 814 fides
1047 751 1213 814 verborum
1242 750 1410 835 Dionysia-

271 883 383 926 norum
404 864 567 944 tamquam
590 860 704 923 diffusa
727 860 778 923 sit.
813 859 901 935 Quod
925 862 1060 944 apparet
1082 882 1147 924 nou
1170 881 1262 944 posse
1287 883 1352 924 non
1375 863 1410 926 iu

271 991 383 1035 caussa
405 993 483 1052 esse,
508 992 564 1034 cur
585 969 710 1053 saepius
733 991 827 1052 quam
849 969 946 1033 velles
973 969 1105 1034 fluctuet
1132 970 1283 1034 iudicium
1309 972 1410 1054 deque

270 1081 377 1144 multis
410 1081 575 1164 scripturis
604 1082 638 1144 in
665 1083 832 1162 utramque
865 1082 989 1162 partem
1016 1080 1172 1163 disputari
1205 1080 1306 1163 possit
1339 1082 1410 1164 pari

269 1190 506 1275 probabilitate.
551 1189 669 1265 Quodsi
697 1190 731 1252 in
754 1189 820 1253 eius
843 1189 928 1252 modi
952 1189 1029 1253 locis
1051 1189 1220 1253 maluimus
1247 1190 1409 1256 11110111-

269 1301 352 1366 siani
385 1322 480 1385 quam
507 1299 675 1365 Vrbinatis
709 1299 932 1363 auctoritatem
963 1299 1067 1383 sequi,
1096 1321 1161 1362 non
1188 1299 1322 1363 fecimus
1349 1301 1410 1364 hoc

269 1411 400 1493 iccireO,
425 1410 507 1493 quod
531 1431 601 1473 cum
624 1415 653 1472 B
675 1431 755 1473 uuus
778 1411 904 1472 tuntum
933 1415 968 1488 V,
993 1431 1063 1473 cum
1087 1415 1112 1472 Α
1138 1413 1203 1473 tres
1225 1409 1410 1492 plermuque

269 1521 343 1584 libri
372 1525 451 1584 CBP
476 1519 656 1583 consentire
684 1519 804 1600 solent,
839 1518 893 1581 sed
922 1519 1103 1603 graviorem
1134 1519 1293 1582 rationem
1324 1517 1410 1583 111111

269 1630 447 1713 habuimus,
472 1630 565 1712 quod,
589 1628 651 1692 uisi
673 1632 784 1692 nostra
806 1649 864 1691 nos
887 1628 1021 1711 suspitio
1043 1628 1143 1711 fallit,
1168 1628 1308 1692 Vrbinas
1329 1630 1410 1693 liber

269 1762 335 1804 nou
362 1739 483 1803 indocti
511 1757 642 1802 manum
673 1740 860 1802 correctoris
884 1741 1030 1820 expertus
1054 1741 1117 1801 est:
1141 1739 1243 1821 qualis
1266 1739 1410 1804 recensio

270 1849 362 1912 simul
379 1852 473 1932 atque
488 1849 538 1912 vel
553 1869 725 1931 paucorum
748 1848 963 1930 exemplorum
984 1869 1050 1910 non
1072 1846 1242 1911 fallacibus
1263 1849 1410 1933 vestigii·

270 1981 303 2021 sc
333 1957 522 2041 prodiderit,
557 1957 631 2021 sciri
662 1958 773 2040 nequit
801 1979 896 2040 quarn
924 1957 989 2020 late
1016 1957 1166 2039 patuerit.
1212 1957 1410 2042 Quamquam

269 2047 436 2131 fatendum
470 2070 519 2129 est
546 2069 579 2129 et
603 2066 686 2129 tales
715 2086 782 2129 esse
810 2066 923 2130 harum
951 2066 1104 2150 quasdam
1138 2067 1328 2150 scripturas,
1362 2072 1408 2151 ut,

271 2177 367 2241 ctiam
383 2178 410 2240 si
433 2176 634 2240 coniecturae
657 2175 849 2258 debeantur,
872 2176 1031 2240 omnesin
1047 2177 1239 2240 severitatis
1262 2199 1409 2242 numeros

270 2286 427 2368 habeant,
458 2289 491 2349 11
513 2286 577 2349 alia
604 2289 771 2368 practerea
797 2285 984 2350 Vrbinatem
1012 2286 1164 2370 praebere
1192 2287 1244 2350 vix
1272 2291 1342 2350 orta
1370 2309 1410 2352 ex

271 2397 464 2479 coniectura,
489 2400 601 2480 suapte
624 2399 730 2460 autem
752 2397 957 2460 naturatum
980 2395 1147 2479 exquisita,
1171 2399 1208 2459 ut
1228 2397 1313 2460 haud
1335 2397 1410 2462 hae-

271 2507 406 2570 sitanter
428 2506 650 2590 receperimus.
684 2505 759 2570 Plus
781 2505 881 2590 igitur
902 2505 1008 2569 valere
1031 2505 1071 2570 ad
1093 2505 1282 2590 Dionysium
1304 2528 1409 2570 emen-

270 2616 410 2680 dandum
439 2619 573 2698 apparet
600 2615 773 2700 diligenter
806 2635 978 2698 expensam
1007 2616 1071 2679 vim
1099 2619 1132 2678 et
1159 2616 1314 2680 rationem
1345 2617 1408 2680 sin-

270 2727 417 2809 gulamm
451 2745 521 2788 omn
552 2747 665 2789 vocum
696 2729 765 2788 tum
795 2725 1027 2788 sententiatim
1034 2775 1042 2807 ,
1080 2746 1175 2808 quam
1211 2725 1409 2808 exploratam

270 2835 448 2898 bonitatem
476 2834 629 2898 codicum.
687 2833 833 2900 Ceterum
865 2834 961 2898 facile
994 2835 1193 2918 intellegitur
1221 2857 1262 2898 ne
1289 2859 1308 2899 1
1335 2858 1409 2900 con-

270 2944 380 3007 iuncta
402 2943 529 3026 quidem
552 2942 696 3008 Ohisiani
718 2943 947 3027 Vrbinatisque
976 2945 1174 3027 praestantia
1201 2966 1329 3028 prorsus
1357 2968 1409 3009 ex-

271 3053 404 3136 politum
434 3055 466 3116 et
492 3054 579 3117 uelut
608 3053 752 3117 limatum
781 3053 971 3137 Dionysium
1004 3055 1181 3138 exspectari
1210 3076 1318 3138 posse,
1353 3056 1408 3120 sed

182 3192 189 3201 ·
270 3165 398 3244 praeter
425 3163 587 3246 graviores
616 3163 769 3246 quasdam
794 3164 935 3227 maculas
957 3163 1055 3227 veluti
1078 3163 1118 3227 ad
1140 3163 1304 3227 hominum
1325 3165 1409 3229 loco-

271 3293 401 3356 rumque
429 3272 560 3336 nomina
582 3277 765 3356 spectantes
786 3293 852 3336 non
875 3293 977 3355 pauca
999 3272 1049 3336 vel
1077 3273 1117 3336 ad
1140 3273 1335 3356 elegantiam
1356 3274 1408 3337 de-

270 3382 403 3445 siderari
426 3382 476 3445 vel
505 3383 545 3445 ad
567 3382 755 3446 elocutionis
783 3383 951 3445 leuitatem
972 3382 1022 3445 vel
1051 3381 1092 3445 ad
1117 3382 1297 3446 intellectus
1326 3405 1408 3448 corn-

270 3492 473 3573 moditatem,
489 3514 555 3556 11111
570 3493 733 3576 scriptoris
748 3491 826 3554 vitio
847 3491 901 3554 sed
924 3491 1136 3556 librariomm.
1159 3491 1198 3555 In
1213 3514 1274 3575 quo
1290 3515 1410 3577 genere

270 3604 343 3684 post
365 3601 403 3664 11.
422 3601 620 3684 Stephanum
642 3623 743 3686 sagax
765 3603 893 3684 praeter
916 3603 1036 3690 ceteros
1059 3599 1303 3684 depravatorum
1318 3603 1408 3666 inda-

270 3709 525 3794 gatorlteislrius
547 3711 681 3793 exstitit,
707 3710 910 3794 quantumvis
932 3709 983 3773 vel
1004 3710 1131 3773 inutilia
1154 3710 1204 3774 rel
1227 3711 1324 3775 etiam
1344 3711 1408 3776 fut·

270 3819 341 3882 tilia
368 3823 453 3884 recte
483 3824 515 3883 et
542 3821 702 3884 subtiliter
734 3819 895 3884 adnotatis
928 3821 1075 3883 miscens.
1130 3819 1286 3883 Pauciora
1313 3843 1408 3904 quarn

271 3936 433 4012 exspectes
462 3928 631 4014 Sylburgio
660 3929 831 4013 Dionysius
859 3928 969 3994 debet:
998 3928 1143 4013 quicum
1168 3928 1268 3993 bonas
1291 3929 1408 3994 Veneti

270 4039 343 4102 libri
366 4040 550 4122 scripturas,
574 4061 652 4123 quas
674 4038 785 4122 reponi
807 4039 991 4122 oportebat,
1014 4038 1198 4122 plerumque
1222 4060 1408 4103 commemo-

270 4170 341 4212 rare
364 4149 441 4212 satis
463 4149 597 4232 habeat,
621 4171 686 4213 non
709 4148 787 4212 satis
810 4170 829 4211 a
852 4149 996 4231 principe
1026 4148 1170 4231 exemplo
1192 4148 1316 4212 diversa
1339 4147 1408 4232 Syl—

271 4257 428 4340 burgiuna
457 4259 555 4322 editio
584 4259 701 4340 evasit,
734 4280 827 4341 quam
856 4258 943 4322 cuius
966 4257 1189 4341 ‹liserepantiis
1216 4259 1408 4340 111111111-

271 4366 378 4428 tandis
405 4367 565 4430 videretur
592 4389 706 4452 operae
735 4367 872 4450 pretium
900 4367 978 4432 lieri.
1030 4367 1163 4431 Praeter
1194 4367 1408 4432 recentiorum
