3218 5094
586 439 633 486 on
657 439 727 487 ono
750 441 795 486 nr
818 439 959 486 oarosn.
1279 421 1341 486 649

205 594 385 656 consentiat
418 593 546 676 potius?
595 592 656 675 Vt,
693 615 756 676 quo
783 592 914 656 valeant
949 591 1072 655 Osanni
1102 591 1213 654 verba:
1252 613 1341 670 qurrm

204 707 375 782 Stephanus
396 711 552 782 utriusque
575 711 785 782 prummuu'cr',
818 707 990 767 Herodiunr'
1021 711 1051 765 et
1077 707 1157 765 Hori
1181 710 1343 765 sententias

203 819 376 892 expendere
407 819 548 878 uideatur
568 835 660 892 super
681 821 852 893 scripturae
874 820 1021 877 varietate
1042 809 1103 874 rori
1124 814 1260 875 Δωτίου
1282 834 1341 874 πε-

204 924 298 1002 δίου,
331 945 396 987 non
418 945 495 988 sane
522 923 723 1006 perspiciam.
774 923 908 986 Possum
936 923 997 986 hoc
1024 923 1151 1006 longius
1179 923 1341 1004 persequi:

204 1034 259 1097 sed
286 1036 371 1097 malo
399 1034 631 1118 disputatorum
660 1055 816 1097 summam
849 1035 958 1115 paucis
992 1031 1273 1116 comprehendere,
1306 1033 1342 1094 ut

205 1146 341 1228 primum
364 1145 463 1227 ipsius
486 1144 541 1208 ΟιιΙ
565 1145 662 1208 verba
685 1166 703 1207 a
726 1143 890 1226 Stephano
913 1143 1048 1226 proferri
1070 1142 1150 1205 haec
1172 1142 1342 1205 decernam

204 1257 254 1319 καὶ
281 1255 320 1319 τὰ
348 1258 420 1334 περὶ
442 1255 585 1335 Θάμυριν
614 1255 653 1318 ad
676 1257 909 1335 τετυφλῶιθαι,
941 1256 973 1316 et
1001 1254 1041 1318 οὐ
1066 1255 1129 1332 γὰρ
1151 1289 1193 1301 κ-
1214 1289 1257 1299 -
1277 1254 1342 1332 πρὸ

203 1369 259 1442 τῆ(
287 1366 416 1444 Λιβύης,
446 1363 602 1448 Stephani
631 1368 738 1428 autem
768 1385 836 1428 esse
864 1366 896 1426 et
923 1362 1028 1426 media
1058 1365 1091 1426 et
1116 1365 1278 1446 postrema
1302 1361 1342 1424 ab
1445 1445 1451 1460 '

205 1477 293 1553 ἡμεῖς
322 1495 359 1550 γε
387 1475 581 1555 πμοῦθεμεν;
621 1475 735 1538 deinde
763 1497 800 1537 ex
832 1477 1018 1538 conservato
1040 1473 1184 1538 ‘Hcioboc
1212 1473 1342 1534 nomine

207 1584 255 1646 bis
278 1591 440 1668 repertum
462 1585 560 1648 fuisse
582 1585 615 1648 in
640 1586 706 1648 eius
729 1588 844 1668 poetae
873 1585 1066 1648 carminibus
1094 1582 1172 1646 illud
1200 1581 1342 1645 hemisti-

205 1694 311 1757 chium
339 1694 478 1758 efficiam
506 1696 647 1778 Δωτίῳ
677 1696 717 1761 ἐν
746 1696 875 1781 πεδίῳ.
927 1693 1037 1778 Neque
1065 1693 1151 1756 enim
1178 1691 1342 1754 inauditae

205 1803 288 1886 apud
304 1795 549 1887 grammaticum
566 1805 767 1869 collocationi
783 1806 951 1868 verborum
965 1803 1177 1888 patrocinium
1194 1801 1341 1865 advocari

206 1934 244 1976 cx
266 1913 385 1997 hymno
407 1913 579 1979 Homerico
600 1919 717 1998 potest.
758 1914 851 2002 [Vide
874 1937 959 1980 nunc
980 1913 1176 1978 Meinekium
1203 1934 1234 1996 p.
1254 1910 1340 2001 258]

724 2114 744 2190 ξ
766 2111 818 2174 24.

291 2245 319 2305 1.
352 2243 522 2307 Latissime
544 2244 598 2308 ille
621 2245 709 2308 locus
731 2246 847 2328 patuit,
871 2268 963 2330 quem
987 2249 1074 2326 περὶ
1095 2251 1234 2311 παθῶν
1257 2248 1342 2309 vete-

204 2374 254 2416 res
269 2354 471 2436 grammatici
488 2354 646 2437 dixmrmt,
670 2355 777 2419 dedita
800 2358 906 2419 autem
929 2377 1025 2440 opera
1047 2359 1123 2420 ante
1138 2355 1238 2420 Oruin
1253 2355 1342 2419 Mile-

206 2463 287 2526 sium
304 2464 471 2527 clarissimi
488 2465 566 2528 artis
582 2468 726 2528 auctores
749 2465 907 2548 persecuti
922 2469 997 2528 sunt
1011 2465 1177 2549 Didymus,
1201 2465 1341 2548 Tryph0‚
1361 2474 1392 2522 61

206 2572 395 2655 Apollonius
411 2573 581 2657 Dyscolus‚
605 2573 822 2639 Herodianus:
846 2576 959 2660 quibus
982 2575 1068 2638 infra
1091 2576 1221 2639 accedet
1237 2574 1343 2637 Philo-

205 2703 314 2746 xenus.
347 2684 511 2767 Apollonii
534 2685 681 2768 quintum
703 2687 776 2766 περὶ
797 2691 911 2751 παθῶν
934 2685 1051 2749 librum
1067 2685 1249 2768 Stephanus
1266 2685 1343 2748 cita-

205 2793 252 2855 vit
273 2815 303 2856 v.
330 2794 441 2873 Καρίας
479 2793 656 2859 Herodiani
685 2799 792 2860 autem
819 2795 922 2879 qualis
950 2817 1047 2878 opera
1069 2795 1181 2877 fuerit,
1212 2817 1282 2858 cnm
1305 2817 1344 2858 ex

204 2901 312 2985 Etym.
336 2903 381 2967 M.
405 2927 437 2987 p.
465 2905 535 2987 143,
558 2905 579 2968 3
601 2905 816 2989 intellegitur,
848 2906 902 2968 ubi
931 2909 979 2968 est
1000 2907 1197 2984 ‘Honoravit
1220 2905 1264 2970 εἰ(
1285 2908 1343 2984 τὴν

205 3015 428 3079 Ἀπολλωνίου
450 3015 626 3093 εἰεαγωγὴν
648 3017 667 3092 ἢ
690 3017 762 3095 περὶ
783 3022 909 3094 παθῶν,
931 3018 1000 3078 tum
1023 3037 1040 3078 e
1062 3014 1196 3079 Venetis
1218 3016 1253 3078 in
1279 3013 1343 3078 Ho-

204 3143 326 3185 merum
355 3123 500 3207 scholiis,
530 3147 663 3208 quorum
691 3125 732 3188 ad
760 3125 798 3188 u.
823 3129 843 3190 Γ
865 3126 928 3189 272
955 3125 1053 3189 verba
1081 3126 1278 3205 Ἡρωδιανὸς
1307 3127 1343 3191 ἐν

205 3237 252 3314 τῷ
280 3231 307 3311 β’
340 3236 493 3316 ποιήματι,
520 3241 566 3318 τῷ
598 3237 671 3314 περὶ
698 3239 811 3301 παθῶν
841 3236 987 3314 Διδύμου
1020 3235 1072 3298 rix
1112 3239 1161 3298 est
1187 3234 1269 3319 quod
1297 3235 1343 3298 sic

206 3342 414 3405 emaculanda
442 3363 605 3408 moneam:
642 3347 686 3409 Ἡ.
709 3345 814 3428 ἐντῷ
837 3343 864 3425 β’
886 3346 1085 3424 ὑπομνήματι
1107 3349 1166 3409 τοῦ
1193 3366 1225 3408 π.
1248 3366 1279 3407 π.
1303 3345 1343 3407 Δ.

207 3449 256 3514 cf.
281 3449 383 3514 Bastii
412 3451 533 3517 Gomm.
557 3455 719 3538 palaeogr.
744 3477 776 3537 p.
800 3455 872 3519 933.
918 3453 979 3518 Sed
1002 3455 1052 3518 his
1081 3454 1156 3516 nolo
1179 3475 1265 3516 nrmc
1286 3453 1343 3515 ims

204 3560 332 3623 morari.
377 3559 446 3625 Noc
473 3583 548 3626 vero
575 3563 625 3628 vel
648 3563 833 3627 Herodiano
859 3564 910 3628 vel
933 3565 997 3628 Oro
1025 3562 1151 3627 videtur
1173 3584 1244 3626 cum
1266 3563 1343 3646 Try·

203 3669 320 3751 phonis
344 3673 412 3734 arte
436 3673 637 3756 convenisse,
663 3695 700 3738 ex
723 3697 785 3758 qua
807 3674 868 3738 toti
890 3675 1126 3757 pependerunt,
1157 3673 1211 3758 qui
1234 3673 1343 3736 infima

203 3781 309 3842 aetate
331 3780 415 3844 idem
439 3785 536 3864 caput
555 3786 810 3866 pertractanmt,
840 3783 1093 3866 ‘Moschopulus'
1115 3806 1134 3846 a
1156 3783 1261 3846 Titzio
1277 3783 1343 3846 edi-

203 3891 255 3952 tus
277 3913 309 3972 p.
326 3890 367 3954 27
390 3913 459 3975 sqq.
483 3895 569 3976 etp.
592 3893 644 3976 58,
668 3893 899 3977 grammaticus
920 3893 1085 3957 Parisinus
1109 3893 1265 3978 Gregorio
1287 3893 1343 3957 Co-

82 4069 85 4078 λ
202 3999 324 4064 rinthio
346 4001 507 4066 subiectus
535 4025 568 4085 p.
591 4003 654 4068 675
676 4025 757 4087 sqq,
791 4025 830 4066 ex
854 4003 994 4086 antiquis
1017 4007 1124 4066 autem
1146 4007 1182 4066 ut
1204 4003 1343 4066 arbitror

201 4105 308 4173 Draco
331 4111 581 4176 Stratonicensis
604 4135 636 4196 p.
655 4113 725 4178 155.
758 4112 889 4176 Frustra
912 4112 997 4176 enim
1019 4113 1053 4176 in
1069 4113 1127 4176 Ori
1148 4112 1343 4197 fragmentis

202 4217 292 4282 illam
314 4221 551 4286 commentandi
566 4221 778 4286 subtilitatem
800 4243 945 4306 quaeras,
969 4245 1042 4306 qua,
1066 4221 1216 4306 quidquid
1239 4225 1342 4285 muta-

202 4327 326 4391 tionum
348 4329 495 4414 singulae
517 4331 644 4396 litterae
667 4355 705 4397 ac
727 4332 869 4415 syllabae
892 4331 1059 4416 patiuntur
1065 4381 1074 4415 ,
1105 4331 1145 4394 ad
1168 4353 1225 4395 sua
1247 4331 1343 4414 quod-

202 4459 262 4521 que
294 4459 416 4524 genera
449 4445 615 4526 certasque
653 4464 807 4528 generum
837 4442 957 4508 forinas
991 4442 1126 4530 singulis
1159 4442 1343 4506 nominibus
