3254 5092
661 351 697 396 ns
719 350 1004 399 naissopnnunn.
1345 339 1404 402 199

265 504 308 568 εἰ(
338 505 508 568 λουκιανόν
537 503 635 584 ιτίχοι
664 503 717 566 all.
753 504 906 567 43-108
935 510 1145 583 Aristophanis
1174 510 1303 582 [obuiae
1336 527 1403 570 cum

267 617 399 677 Tzetzae
430 618 560 678 scholiis.
616 612 705 676 Inter
739 611 848 676 Nubes
883 617 915 676 et
947 613 1057 677 Ranas
1090 615 1298 698 interpositae
1329 620 1404 679 sunt

264 723 495 806 disputationes
524 721 691 804 metricae,
727 722 855 807 reliquis
889 745 969 806 quae
997 723 1032 786 in
1065 725 1126 788 hoo
1157 724 1264 790 codiee
1292 725 1403 789 insunt

264 833 376 896 similis
392 831 574 917 argumenti
590 832 827 896 commentariis
842 833 938 917 longe
955 837 987 896 et
1001 833 1147 898 meliores
1162 838 1194 897 et
1216 834 1402 918 diligentius

263 944 417 1026 scriptae:
441 943 586 1026 equibus
605 942 668 1006 alio
690 946 833 1026 tempore
856 943 1011 1026 quaedam
1032 944 1175 1027 proferre
1189 944 1267 1007 mihi
1289 964 1401 1027 propo-

262 1053 359 1118 situm
389 1056 447 1116 est.
496 1053 667 1118 loa-175
694 1057 904 1135 lycophronis
932 1059 1113 1120 Alexandro
1146 1076 1216 1118 cum
1245 1075 1401 1118 commen-

263 1163 345 1226 tan'o
367 1162 512 1226 Tactzae·
559 1163 732 1226 176-180
749 1185 774 1227 r.
799 1169 925 1228 Hesiodi
944 1173 1059 1228 scotum
1082 1169 1231 1228 Herculis.
1256 1163 1402 1229 ὑπόθειιι

263 1276 319 1338 ιύν
341 1280 405 1358 θεῷ
428 1277 483 1351 τῆι
506 1272 639 1338 ἀιπίδοι
661 1275 800 1352 ἐξήγηιιι
821 1277 882 1338 τοῦ
898 1275 1027 1340 τζέτζου
1042 1296 1088 1338 κυ.
1105 1274 1151 1338 ἰω.
1176 1273 1238 1337 180
1253 1297 1282 1337 ν.
1299 1273 1400 1338 varia.

261 1387 320 1448 τοῦ
352 1385 481 1450 τζέτζου
517 1381 565 1446 ὅτι
599 1383 617 1447 δ
652 1383 877 1462 ὀλυμπιονίκηι
909 1387 998 1469 θαλῴ
1032 1384 1139 1464 ἐλαίηι
1173 1385 1399 1465 ἐιτεφανούτο.

264 1492 462 1556 181-206κ,
488 1498 642 1556 Pindarus
669 1493 724 1555 tin.
749 1493 889 1574 ἀρούρηι
912 1492 968 1577 (ί).
1012 1493 1076 1557 206
1098 1515 1127 1556 v.
1151 1531 1193 1542 -
1214 1494 1277 1557 218
1299 1493 1398 1557 vatia.

263 1604 344 1682 ἀρχὴ
373 1604 429 1667 ιὺν
457 1609 521 1686 θεῷ
548 1607 609 1667 τοῦ
638 1605 760 1669 λεξικοῡ
788 1603 867 1666 κατὰ
897 1606 1061 1681 ιτοιχεῑον.
1095 1603 1234 1668 ἀλεῖιθαι
1261 1603 1401 1682 ιημαίνει

135 1785 142 1802 ,
262 1714 300 1777 τὸ
328 1716 517 1791 μυληθῆναι;
547 1711 665 1775 desinit
693 1711 728 1774 in
757 1734 783 1776 ω
813 1711 921 1774 littora
948 1712 1010 1776 208
1033 1734 1062 1775 v.
1091 1750 1134 1760 -
1162 1713 1265 1794 ἕτεραι
1293 1713 1399 1779 λέξειι.

262 1823 419 1904 φέρεγρον
449 1823 550 1901 ἤγουν
578 1822 698 1903 φόριον
729 1823 791 1886 ἐιτί
823 1823 858 1886 δὲ
886 1823 936 1885 καὶ
965 1827 1024 1885 τού
1052 1826 1167 1902 νεκροῦ
1194 1823 1213 1901 ἡ
1243 1823 1330 1900 κλίνη
1357 1860 1400 1871 —-

262 1933 488 2011 έτυμολογικὸν
516 1933 596 1997 κατὰ
622 1935 787 2011 ιτοιχεῑον.
818 1929 958 1998 ἀλδαίνω
987 1933 1024 1996 τὸ
1052 1933 1220 2012 θεραπεύω
1247 1933 1336 2013 παρὰ
1362 1934 1399 1997 τὸ

262 2043 358 2121 ἄρδω.
373 2079 415 2089 -
431 2043 542 2121 ἕτερον
566 2043 794 2120 ἐτυμολογικὸν
817 2043 897 2107 κατὰ
912 2045 1078 2120 ιτοιχεῑον.
1093 2080 1136 2089 -
1150 2041 1213 2106 215
1228 2041 1309 2122 ἀρχὴ
1332 2047 1399 2107 τῶν

262 2153 446 2227 διαλέκτων,
470 2151 614 2235 adquae
637 2151 776 2234 ascripta
799 2154 874 2215 sunt
895 2150 991 2215 haee:
1020 2151 1065 2215 ἰω.
1088 2155 1304 2231 γραμματικοῦ
1327 2150 1395 2216 ἀλε-

263 2264 432 2341 ξανδρέωι.
460 2261 578 2343 γράφει
606 2264 641 2326 δέ
667 2263 718 2324 καὶ
745 2261 763 2325 ὁ
787 2261 946 2341 κορίνθιοι
968 2263 1053 2326 πάνυ
1075 2264 1181 2326 καλῶ(
1201 2264 1273 2341 περὶ
1295 2263 1399 2326 διαλέ-

262 2393 337 2437 κτου
361 2373 400 2436 ὃν
424 2373 474 2436 καὶ
496 2371 624 2450 ἔχω-
638 2369 807 2435 219-253
822 2376 949 2436 Hesiodi
970 2391 1064 2449 opero
1086 2381 1115 2434 ot
1136 2376 1208 2434 dies.
1240 2375 1298 2435 τού
1313 2372 1398 2438 τζέ-

262 2487 320 2547 Ζου
342 2482 481 2560 ἐξήγηιιι
503 2485 570 2545 τῶν
594 2481 699 2559 ἔργων
727 2482 777 2545 καὶ
798 2481 925 2560 ἡμερῶν
947 2479 1085 2559 ἡιιόδου.
1107 2479 1277 2543 253-255
1296 2479 1396 2544 vaxia.

261 2590 309 2654 De
332 2591 494 2654 Musarum
516 2590 708 2654 nominibus,
730 2628 773 2639 —-
795 2589 926 2671 ἐργίνου
948 2589 1132 2670 φιλοιόφου
1148 2589 1220 2668 περὶ
1242 2588 1397 2668 ἀκυρολο-
1418 2600 1466 2648 110
1570 2640 1575 2651 ,

260 2702 330 2777 γίαι
351 2739 393 2748 —
415 2701 603 2779 πυθαγόρου
624 2701 829 2779 παραινέιειι.
851 2737 894 2748 -
915 2698 1078 2778 παροιμίαι
1092 2698 1262 2778 θερμύιδειι
1285 2697 1398 2782 (ἄβρω-

233 2835 239 2845 ·
261 2832 316 2876 νοι
340 2810 406 2890 βίοι
421 2809 477 2873 fin.
494 2809 582 2893 ἄκρῳ
597 2810 736 2889 ἅψαιθαι
758 2817 803 2895 τῷ
826 2809 993 2894 δακτύλῳ).
1011 2847 1054 2856 -
1076 2806 1244 2872 tos-299
1268 2811 1400 2887 Oppiani

260 2925 432 2984 Hoiiemioo
462 2941 533 2983 cum
561 2919 670 3002 paucis
692 2918 837 3000 scholia,
867 2918 1077 3001 praecedente
1100 2917 1283 3002 argumenti
1305 2938 1398 3001 expo·

260 3029 375 3092 sitione
397 3029 595 3113 longissima.
634 3028 695 3092 258
717 3049 746 3091 v.
772 3028 934 3093 ὀππιανοῦ
958 3029 1142 3093 ἁλιευτικῶν
1167 3028 1287 3108 βιβλίον
1309 3031 1397 3108 πρῶ-

259 3160 317 3204 τον
339 3144 397 3204 τοῦ
420 3139 593 3219 μακαρίτου
608 3139 736 3204 τζέτζου
752 3137 900 3218 ἐξήγηιιι.
936 3138 1105 3203 300-334
1121 3142 1283 3220 Dionysius
1297 3142 1397 3202 Perie-

258 3260 339 3327 oeio.
391 3249 571 3314 335-339
597 3247 705 3312 variae
733 3246 964 3330 disputationes
997 3246 1171 3331 theologici
1203 3246 1395 3332 argumenti.

259 3358 428 3422 339-362
446 3363 636 3436 Theocritus,
661 3379 753 3441 quem
774 3357 938 3439 excipiunt
958 3357 1074 3422 diuet
1092 3356 1395 3422 πελεκύιοοκαιίαο.

343 3467 393 3530 Ex
415 3467 465 3530 his
487 3467 587 3551 igitur
608 3489 688 3551 quae
704 3489 790 3530 nunc
805 3466 897 3530 edere
917 3465 1085 3530 statuimus
1108 3466 1187 3530 haee
1202 3469 1293 3546 sunt,
1317 3487 1397 3548 quae

261 3577 301 3639 ab
330 3577 423 3642 initio
451 3576 587 3641 schedae
613 3577 655 3641 43
683 3598 781 3660 usque
809 3575 850 3639 ad
871 3575 1008 3640 mediam
1035 3575 1102 3639 fere
1127 3575 1281 3660 paginam
1301 3575 1345 3637 44
1365 3597 1395 3637 ν.

260 3685 420 3772 legimtur.

343 3906 369 3970 Ι.
394 3907 501 3987 βίβλοι
523 3907 772 3988 Ἀριιτοφάνουι
794 3907 929 3984 Τζέτζην
952 3905 1105 3987 φορέουι’
1126 3905 1306 3985 ύττοφήτην.

345 4019 373 4079 1.
391 4018 602 4095 Ἀλέξανδροι
617 4017 636 4081 δ
650 4017 791 4081 Αἰτωλόι
806 4017 857 4080 καί
871 4015 1052 4097 Λυκόφρων
1068 4016 1087 4079 δ
1105 4015 1287 4092 Χαλκιδεύι,
1303 4033 1396 4091 μεγα-

260 4127 429 4205 λοδωρίοιι
452 4130 621 4206 βαιιλικοῖι
642 4127 899 4204 προτραπέντει,
921 4125 1110 4207 Πτολεμαίῳ
1131 4130 1179 4209 τῷ
1202 4124 1395 4207 Φιλαδέλφῳ

260 4235 315 4299 uic
338 4237 482 4314 ικηνικὰι
505 4237 737 4314 διωρθώιαντο
753 4234 895 4314 βίβλουι,
918 4236 974 4300 τάι
993 4238 1048 4311 τῆι
1070 4233 1238 4314 κωμῳδίαι
1258 4233 1308 4296 καὶ
1322 4253 1395 4311 τρα-

233 4345 378 4429 υγῳδίαι
406 4347 456 4408 καί
485 4347 541 4410 τὰι
568 4349 635 4410 τῶν
666 4346 810 4423 ιατύρων
838 4345 932 4426 φημί,
963 4342 1183 4424 ιυμπαρόντοι
1210 4341 1319 4407 αὐτοῑι
1346 4345 1396 4406 καὶ

810 4707 928 4811 &⁹⁸¹2

808 4816 926 4866 ‚ussum

819 4883 917 4956 *ηερ
