3184 5100
563 392 724 440 scamma
745 393 920 438 carmena.
1252 375 1313 438 721

256 547 445 611 llixeramus
474 550 550 610 ante
577 567 673 630 quam
703 546 744 609 ad
771 545 958 629 Euripidem
985 545 1171 609 dedrmimus
1199 547 1314 608 oratio-

171 679 261 740 nem,
292 681 359 722 non
387 657 465 721 satis
494 657 588 740 plen'e
616 656 821 740 descripsisse
849 655 1073 720 Hermannum
1104 655 1183 719 illud
1210 677 1312 738 genus
1331 669 1364 716 aa

171 767 336 852 loquendi,
362 789 433 833 cum
455 767 490 830 in
512 767 623 831 eadem
646 767 866 830 enuntiatione
894 766 943 830 bis
967 765 1106 850 positum
1129 768 1177 828 est
1199 787 1313 848 prono-

171 900 245 942 men
274 879 384 943 eodem
413 899 498 941 casu.
543 877 764 941 Praetermisit
793 876 878 940 enim
906 877 960 940 ille
988 876 1067 940 duas
1096 877 1162 939 eius
1185 876 1314 960 generis

171 989 304 1070 species,
336 988 421 1052 Nam
436 987 533 1051 etiam
556 987 727 1072 gravitatis
751 1009 863 1050 caussa
886 987 986 1070 repeti
1010 990 1116 1070 potest
1138 1007 1314 1070 pronomen

172 1099 283 1162 eadam
315 1099 439 1162 ratione
474 1119 536 1182 qua
566 1097 697 1180 quaevis
726 1097 789 1160 alia
819 1119 895 1179 vox3
932 1101 967 1161 ut
995 1101 1044 1160 est
1071 1097 1106 1160 in
1134 1096 1314 1160 Horatiano

172 1209 228 1272 illo
251 1208 429 1274 Satirarum
452 1207 477 1291 l,
502 1207 533 1290 2,
561 1209 636 1272 120:

322 1367 448 1426 Illam:
472 1375 541 1444 post
563 1366 680 1444 paullo,
705 1365 762 1426 sed
786 1365 895 1445 pluris,
920 1367 945 1424 si
969 1365 1077 1424 exierit
1100 1366 1161 1424 vir:

326 1467 423 1528 Gallis
446 1467 558 1540 hanc,
582 1467 782 1526 Philodemus
805 1469 849 1525 ait
870 1491 925 1542 -3

170 1639 251 1700 qum
274 1615 400 1700 quidem
425 1615 546 1698 species
570 1635 629 1678 nec
651 1614 793 1699 pertinet
817 1615 858 1677 ad
880 1614 1124 1698 grammaticam
1147 1615 1314 1678 verborum

170 1727 373 1808 structuram,
400 1725 455 1788 sed
478 1725 637 1789 rhetorica
659 1725 783 1789 ratione
806 1725 945 1808 regitur,
969 1729 1002 1788 et
1024 1724 1166 1788 onmium
1188 1724 1313 1809 lingua-

170 1858 240 1900 rum
263 1835 439 1900 communis
463 1839 526 1917 est,
550 1836 638 1910 velut
660 1835 744 1918 apud
767 1837 944 1898 nostratem
965 1839 1110 1918 poetam:

322 1993 418 2053 Drum
441 1993 503 2052 will
525 1992 574 2051 ich
597 1991 682 2062 dich
704 1994 758 2052 mit
780 1992 1011 2070 kriegerischen
1033 1993 1148 2066 Ehrcn,

322 2096 386 2155 Vor
408 2095 490 2154 allon
513 2095 732 2154 Erdenfrauen
762 2094 848 2154 ‹lich
871 2094 1046 2154 verklttrcn.

170 2243 262 2306 Talia
291 2265 362 2306 cum
391 2243 429 2307 de
457 2243 616 2306 industria
644 2243 815 2326 scriptores
845 2245 1085 2326 consectentur,
1114 2248 1224 2307 tamen
1247 2266 1312 2307 sue-

170 2353 300 2438 pissime
329 2353 427 2416 etiam
455 2353 579 2417 incuria
610 2354 767 2437 quaedam
800 2353 938 2417 iterandi
972 2353 1170 2436 pronominis
1202 2376 1314 2417 caussa

168 2462 250 2546 fuit,
280 2463 327 2526 ita
355 2462 483 2546 quidem
511 2465 547 2526 ut
576 2467 649 2547 post
670 2463 873 2526 interiectam
895 2462 1035 2546 aliquam
1058 2463 1313 2526 enuntiationem

171 2571 326 2656 cogitatio
346 2572 545 2656 pronominis
574 2576 670 2636 antea
698 2572 763 2636 iam
784 2573 880 2656 positi
903 2571 1192 2656 redintegraretur:
1231 2573 1312 2656 quod

169 2681 224 2746 ubi
246 2682 350 2746 media
371 2681 428 2746 illa
450 2683 631 2747 enuntiatio
657 2682 764 2766 paullo
787 2681 914 2767 longior
937 2685 996 2765 est,
1020 2682 1118 2746 etiam
1139 2681 1313 2766 perspicui·

170 2793 231 2855 tati
253 2815 290 2856 ea
313 2815 347 2856 re
370 2793 555 2856 consulitur.
601 2794 707 2876 Atque
730 2793 790 2856 hoc
812 2813 914 2877 genus
937 2814 998 2876 quo
1020 2792 1116 2856 latius
1139 2795 1246 2876 patet,
1277 2815 1313 2856 eo

168 2902 274 2967 minus
296 2903 427 2988 neglegi
451 2903 634 2988 oportebat3
663 2924 700 2967 eo
723 2902 809 2966 enim
832 2903 927 2988 longe
949 2902 1089 2966 maxima
1112 2925 1187 2986 pars
1210 2925 1313 2967 exem·

169 3014 294 3096 plorum
328 3013 616 3097 comprehenditur.
631 3013 662 3094 *1
713 3013 852 3088 Quorum
885 3035 1016 3078 numero
1048 3013 1127 3077 illud
1161 3014 1242 3078 oddo
1274 3037 1313 3077 ex

168 3121 322 3206 Aeschyli
344 3122 474 3207 Septem
496 3121 536 3186 ad
559 3123 686 3188 Thebas
710 3146 739 3188 v.
767 3123 848 3188 1028
873 3121 996 3211 [10211τ

320 3276 427 3357 τάφον
449 3277 512 3355 γὰρ
533 3276 637 3360 αὐτῷ
660 3277 711 3340 καὶ
733 3277 938 3357 aurataeque
960 3276 1037 3354 ἐγώ,

320 3387 400 3465 γυνή
425 3406 485 3464 περ
508 3385 597 3466 οὖτα,
622 3392 721 3470 τῷδε
744 3387 970 3466 μηχανήτομαι,

318 3495 430 3580 κόλπῳ
453 3497 597 3577 φέροντα
620 3497 766 3577 flacciaco
789 3497 1013 3574 πεπλώματος,

321 3605 419 3685 καύτὴ
442 3607 594 3686 καλύψω·
616 3607 693 3686 μηδέ
716 3628 762 3690 τῳ
784 3606 861 3690 δόξῃ
884 3606 995 3670 πάλιν;

166 3757 354 3841 incorrupta
376 3757 462 3822 enim
483 3757 563 3822 haec
585 3779 654 3822 esse
677 3757 829 3840 arbitror,
860 3761 955 3841 atque
982 3758 1126 3842 improbo
1149 3756 1311 3822 Piersonie

167 3867 386 3932 coniecturam
409 3869 504 3948 αὐτὴ
527 3871 657 3951 propter
679 3868 800 3947 καύτὴ
824 3867 921 3931 verba
943 3889 973 3931 v.
1000 3867 1077 3932 1031
1105 3865 1224 3956 [10241.

167 4041 243 4048 --....
265 4043 373 4049 .--.-.=

236 4139 262 4203 *1
282 4137 400 4206 [Nollem
418 4157 462 4192 me
480 4138 599 4206 fugisset
617 4137 649 4192 G.
669 4137 823 4192 Hermanni
840 4137 877 4191 ad
895 4137 1040 4207 Sophoclis
1058 4137 1174 4192 Philoot.
1195 4144 1244 4194 315
1263 4138 1310 4192 ad-

162 4229 276 4283 notatio
299 4247 382 4299 supor
404 4231 516 4300 repetiti
539 4231 711 4301 pronominis
734 4229 896 4284 rationibus.
934 4230 1014 4284 Nunc
1037 4232 1097 4284 tum
1119 4249 1152 4285 ex
1175 4231 1228 4286 illis
1246 4249 1311 4286 mea

161 4321 362 4376 iudicabrmtur
380 4323 606 4392 qualiacumque,
624 4328 684 4378 tum
702 4323 770 4378 meis
790 4323 992 4392 supplebuntur
1010 4323 1224 4379 Hermanniana.
1262 4329 1308 4379 Ea·

161 4419 303 4472 Addendis
317 4437 345 4485 p.
366 4417 418 4486 411
