3272 5088
615 366 734 414 annun
757 365 1016 416 sonrrronmvs.
1324 352 1388 418 459

247 543 313 586 non
336 521 376 584 ad
399 518 577 584 Alexandri
600 521 739 604 aetatem
761 520 901 604 rettulit,
931 520 986 584 red
1008 523 1154 605 spectare
1183 522 1223 586 ad
1245 522 1387 606 mythico

247 635 392 715 tempora
413 629 636 714 antiquissima
652 628 863 694 Macedonum
886 631 1037 695 coniecit:
1060 653 1174 715 parum
1196 632 1228 696 id
1251 632 1387 716 quidem,

247 741 275 806 si
302 741 377 825 quid
405 740 511 822 video,
541 739 581 803 ad
609 739 863 823 persuadendum
891 741 1046 824 apposite.
1091 740 1160 817 Quo
1193 764 1265 806 eum
1298 765 1388 827 prae·

249 873 359 936 gressa
394 850 507 915 scholii
538 849 704 933 Euripidei
736 850 833 914 verba
866 850 1041 934 duxerunt,
1076 873 1156 935 quae
1189 851 1269 916 haec
1298 857 1387 918 sunt:

248 963 324 1028 καθ’
340 962 425 1041 ἅμμα
447 957 564 1046 noceo]
589 961 677 1040 παρὰ
698 962 757 1040 τὴν
779 961 969 1040 παροιμίαν,
997 962 1064 1040 linc
1093 961 1174 1028 ἐετὶν
1199 963 1281 1042 «οὐχ
1304 963 1389 1042 ἅμμα

250 1074 352 1140 δόεειε
363 1099 391 1136 ι.
415 1071 534 1152 εἴρηται
550 1073 586 1136 δὲ
601 1070 666 1136 ἀπὸ
680 1072 827 1150 τοιαύτης
843 1071 955 1136 αίτίαε·
977 1074 1045 1137 τοῑε
1061 1073 1158 1152 Φρυξὶ
1173 1072 1271 1150 λόγοι
1293 1073 1388 1153 ἐδόθη

248 1183 373 1250 ἐκεῖνον
397 1182 588 1263 βαειδεόεειν
618 1185 673 1260 τῆ(
696 1181 813 1258 Ἀιίαι,
843 1183 880 1246 ὃε
908 1182 948 1247 ἂν
976 1186 1032 1261 τῆε
1060 1181 1185 1262 ἀπήνη(
1214 1185 1303 1250 δῦεαι
1330 1185 1388 1250 τόν

248 1294 362 1372 δεεμόν
386 1291 534 1372 δυνηθείη
556 1295 624 1370 τῆε
651 1289 863 1371 κομιεάιηε
892 1292 1019 1357 Μίδαν
1048 1293 1102 1357 είε
1126 1293 1317 1372 Φρυγίαν,
1352 1295 1389 1360 ὃ(

248 1403 287 1484 ἠν
310 1402 500 1482 ἀμπέλινοε,
529 1402 766 1486 ᾧιυνεδέδετο
796 1401 932 1478 δζυγδε
962 1403 1012 1466 καὶ
1039 1402 1058 1466 δ
1082 1402 1188 1481 ῥυμόε.
1234 1403 1331 1479 λόγοι
1353 1405 1389 1468 δὲ

248 1515 459 1593 Ἀλέξανδρον
481 1514 624 1577 διαλῦεαι
646 1511 796 1578 ἐξελόντα
817 1512 875 1576 τόν
898 1511 1036 1592 ἔμβολον
1059 1514 1085 1595 ᾧ
1108 1512 1269 1592 κατείχετο
1284 1513 1312 1577 ’δ
1335 1513 1388 1592 ῥυ-

247 1625 322 1704 μόε,
346 1625 381 1689 ἐν
411 1630 456 1709 τῷ
485 1621 659 1706 ἐγχειριδίῳ
683 1620 888 1700 ἀποτεμόντα
915 1623 992 1700 μετὰ
1014 1624 1073 1701 τὴν
1097 1622 1148 1687 ἐπὶ
1172 1623 1311 1706 Γρανίκῳ
1334 1623 1389 1701 μά·

248 1755 318 1815 χην.
350 1735 465 1810 γέγονε
492 1734 528 1798 δὲ
556 1732 575 1796 δ
598 1732 807 1810 Ἀλέξανδροι
834 1732 913 1797 κατὰ
940 1733 1016 1796 τοὺ(
1044 1731 1213 1812 Εὐριπίδου
1242 1733 1388 1812 χρόνους,

250 1848 462 1924 παροιμιῶδεε
480 1841 539 1908 οὖν
563 1842 646 1908 ἐιτιν
661 1842 793 1907 ἐπὶτῶν
809 1842 965 1907 δύιλυτόν
981 1863 1009 1906 τι
1025 1842 1275 1922 ἐπιχειρούντων
1291 1846 1388 1908 λῡευι.

250 1953 402 2034 Μαρεύαε
423 1954 459 2018 δέ
481 2002 487 2016 .
511 2002 518 2016 .
542 1950 563 2040 .]

333 2061 408 2148 (xl)
446 2061 533 2126 Hinc
561 2082 754 2144 quamquam
790 2060 873 2124 nihil
909 2060 985 2124 lieet
1014 2059 1053 2124 da
1083 2061 1236 2126 mediocri
1267 2062 1389 2126 ambitu

250 2173 439 2256 scriptorum
467 2171 508 2235 ab
536 2171 665 2254 Marsya
693 2169 894 2254 Philippensi
927 2170 1157 2235 Macedonicon
1185 2174 1272 2234 certo
1303 2172 1388 2236 colli·
1470 2153 1472 2158 Ι

249 2304 343 2368 gere,
367 2281 484 2368 quippe
507 2281 560 2364 qui
584 2301 638 2364 ea,
661 2301 742 2364 quae
764 2280 829 2344 iam
850 2283 1049 2364 pertractata
1071 2302 1090 2344 a
1110 2281 1234 2346 Pellaeo
1255 2281 1387 2363 videret,

250 2391 390 2477 potuerit
416 2391 587 2456 summario
615 2389 753 2474 quodam
781 2392 941 2473 coartare,
972 2390 1099 2454 uberius
1127 2411 1178 2454 res
1206 2391 1388 2475 abolymp.

252 2503 323 2584 112,
346 2503 367 2565 2
395 2504 504 2585 gestas
530 2500 692 2584 persequi:
730 2503 839 2564 tamen
866 2502 993 2564 tantum
1022 2500 1176 2584 efficitur,
1204 2501 1257 2564 vix
1285 2501 1390 2566 locum

251 2612 286 2676 in
300 2610 517 2676 Macedonicis
539 2611 684 2674 invenire
709 2607 912 2696 [quamquam
933 2609 1083 2674 dissentit
1097 2610 1269 2674 Muellerus
1285 2633 1317 2693 p.
1334 2610 1387 2698 45]

251 2721 441 2786 scholiastae
471 2720 506 2782 in
532 2718 677 2784 Platonis
707 2719 895 2785 Conuiuium
923 2743 955 2804 p.
979 2720 1041 2786 373
1070 2719 1172 2784 Bekk.
1202 2717 1276 2806 [958
1299 2719 1388 2808 Tun]

251 2831 289 2896 de
317 2831 490 2916 Agathone
517 2829 750 2894 testimonium:
788 2832 837 2895 καί
865 2832 948 2911 πρόε
975 2831 1149 2911 Ἀρχέλαον
1177 2831 1235 2896 τὸν
1263 2830 1390 2910 βαιιλέυ

253 2945 366 3026 ᾤχετο,
391 2941 436 3004 ὼε
453 2941 635 3021 Μαρεύα(
652 2939 695 3024 [ὁ]
711 2941 919 3020 νεώτεροι.
953 2937 1106 3026 [Quocum
1129 2940 1279 3003 convenit
1300 2939 1390 3003 scho-

252 3050 294 3114 lio
317 3050 476 3114 Lucisneo
495 3071 514 3113 a
532 3051 683 3114 Cramero
705 3049 790 3114 edito
813 3049 936 3113 Anecd.
961 3049 1064 3114 Onon.
1094 3049 1157 3112 vol.
1181 3048 1227 3112 lV
1256 3072 1287 3133 p.
1311 3049 1390 3113 269:

252 3163 323 3239 μεθ’
346 3159 386 3226 οὗ
409 3159 597 3242 (praecessit
618 3164 677 3224 τοῦ
700 3160 865 3244 τραγικοῦ)
888 3161 969 3240 πρό(
986 3160 1159 3238 Ἀρχέλαον
1182 3158 1241 3225 τὸν
1265 3159 1392 3240 βαειλέα

252 3299 373 3380 ᾤχετο,
408 3295 452 3359 ὼε
481 3295 668 3374 Μαριόαε
694 3294 713 3358 ό
743 3296 951 3372 νεώτεροιι
979 3294 1034 3357 ubi
1063 3295 1107 3360 ὼε
1128 3257 1219 3374 nupti
1241 3298 1275 3360 τὲ
1296 3258 1387 3375 verto*

167 3465 172 3476 ,
253 3403 418 3492 οοόοιι.*)]
468 3401 553 3467 Nam
582 3406 618 3467 ut
643 3404 727 3467 hunc
755 3404 825 3486 ipso
856 3404 950 3467 initio
978 3404 1074 3487 primi
1107 3404 1181 3468 libri
1213 3408 1391 3469 statuamus

252 3514 393 3597 priorum
415 3533 527 3598 regum
549 3513 765 3576 successiones
788 3535 1004 3596 summamque
1027 3514 1216 3597 antiquioris
1238 3514 1391 3578 historiae

253 3622 479 3687 Macedonicae
501 3622 612 3705 paucis
636 3623 834 3706 complexum
857 3643 935 3703 esse,
959 3625 1069 3686 tamen
1091 3624 1125 3686 in
1148 3624 1214 3687 eius
1231 3624 1317 3687 modi
1339 3624 1391 3687 de-

253 3733 371 3797 lectum
406 3730 667 3816 gravissimorum
700 3732 841 3815 capitum
868 3732 976 3815 ecquis
1008 3732 1070 3796 sibi
1102 3733 1293 3816 persuadeat
1323 3737 1391 3797 tam

200 3867 203 3876 ·
253 3842 355 3906 levem
377 3863 444 3904 rem
467 3862 534 3904 esse
557 3841 728 3924 adscitam,
757 3841 860 3925 qualis
883 3841 1005 3924 aliquot
1032 3845 1198 3925 poetarum
1220 3843 1391 3907 artificum-

254 3973 313 4034 que
336 3951 469 4038 (habuit
496 3951 582 4014 enim
614 3950 716 4014 socios
750 3952 841 4014 istius
875 3950 1144 4036 peregrinationis
1177 3951 1323 4036 Agatho)
1358 3952 1392 4016 iu

256 4059 479 4124 Macedoniam
512 4060 669 4124 adventus
701 4059 787 4124 suit?
830 4059 891 4125 Sed
926 4059 981 4124 ubi
1014 4059 1140 4144 quidem
1173 4061 1239 4124 eius
1268 4061 1392 4125 itineris

322 4287 347 4354 ⁸¹)
373 4287 453 4356 [Huic
468 4286 597 4356 Marsyae
614 4285 770 4342 narrationi
788 4304 838 4341 sua
856 4286 957 4342 dobere
976 4286 1123 4342 Aelianum
1140 4287 1205 4342 Ver.
1226 4286 1289 4342 hist.
1309 4289 1342 4355 ll,
1361 4293 1391 4342 21

255 4377 410 4449 suspicatur
427 4379 590 4436 Welckerus
608 4380 643 4436 de
662 4378 814 4450 tragoediis
832 4379 941 4451 graecis
958 4379 998 4436 Ill
1015 4398 1042 4452 p.
1061 4381 1131 4450 986]
1207 4373 1211 4382 ’
