3272 5088
612 427 732 476 aaavu
760 425 1020 477 scarrromsvs.
1326 406 1387 473 451

248 584 409 662 νεώτερον
437 581 614 666 intellegit:
644 584 757 646 neuter
784 580 961 644 rationibus
989 579 1141 663 expositis
1164 601 1239 644 suae
1261 581 1388 643 senten-

248 692 323 776 tiae,
348 691 461 776 quibus
477 693 552 776 quid
569 696 624 756 aut
638 691 839 776 Philippensi
862 695 917 754 aut
936 690 1068 754 Tabeno
1089 691 1180 754 fieret
1202 689 1386 774 explicaret.

248 801 382 886 Propior
405 805 512 866 autem
534 803 574 865 ad
589 802 758 866 veritatem
773 800 981 885 Wesselingii
1003 823 1114 865 sensus
1136 800 1213 864 fuit:
1237 799 1320 884 quod
1342 799 1388 864 ita

248 911 324 976 licet
346 913 549 996 confirmare,
579 916 615 976 ut
641 915 780 996 nequeat
809 914 921 976 contra
948 909 1022 974 dici.
1067 911 1163 994 Apud
1191 909 1390 993 Stephanum

248 1022 333 1086 enim
355 1021 547 1106 Byzantium
570 1023 650 1086 haec
671 1023 823 1107 leguntur
837 1044 867 1086 v.
884 1023 998 1102 Τάβαιε
1021 1023 1114 1087 πόλις
1136 1021 1265 1087 Λυδίας·
1289 1073 1296 1086 .
1319 1072 1325 1085 .
1349 1072 1355 1084 .
1379 1071 1386 1084 .

248 1133 278 1197 ol
299 1134 335 1198 δέ
358 1154 434 1214 (potr
454 1135 513 1199 τὸν
538 1134 673 1213 Κιβύραν
696 1134 746 1198 καὶ
768 1133 922 1212 Μαραίαν
945 1132 1109 1213 ἀδελφοὺς
1130 1133 1188 1197 τὸν
1211 1135 1268 1212 μὲν
1290 1131 1387 1196 κτίεαι
1405 1138 1422 1186 4

250 1243 384 1324 Κιβύραν
407 1245 513 1323 πόλιν,
539 1245 598 1308 τὸν
620 1245 656 1308 δὲ
678 1244 784 1324 Τάβαε
807 1265 833 1306 e.
858 1265 888 1326 q.
912 1265 949 1326 s.,
980 1243 1088 1326 paullo
1116 1246 1223 1306 autem
1245 1246 1332 1326 post:
1370 1242 1388 1306 ὁ

247 1354 377 1432 πολίτη(
400 1355 555 1434 Ταβηνόε.
599 1351 692 1416 Vnde
721 1351 907 1436 planissime
931 1355 1066 1436 apparet
1087 1353 1191 1417 deleto
1213 1352 1295 1437 apud
1321 1350 1389 1416 Sui-

248 1462 322 1527 dam
343 1462 439 1526 tertio
460 1463 625 1546 ίετορικόε,
650 1463 733 1547 quod
756 1484 773 1526 e
796 1463 958 1548 superiore
980 1484 1074 1527 versu
1095 1461 1158 1526 huc
1179 1462 1308 1545 invasit,
1333 1465 1389 1525 aut

246 1572 316 1636 loeo
343 1573 492 1656 pellenda
520 1594 589 1637 esse
617 1574 769 1653 Μαρείας
797 1574 930 1654 Μάριον
958 1573 1120 1654 Ταβηνόε,
1154 1573 1220 1636 sive
1249 1593 1286 1636 ea
1316 1574 1389 1654 post

246 1681 400 1747 librorum
421 1683 561 1747 indicem
582 1682 799 1767 Philippensis
822 1684 969 1767 Marsyae
998 1684 1039 1747 ab
1067 1683 1136 1767 ipso
1158 1682 1256 1748 Suida
1283 1682 1389 1766 posita

247 1792 393 1876 iuemnt,
421 1794 488 1859 sive
516 1793 607 1857 illata
635 1797 725 1877 sunt,
760 1793 792 1856 id
815 1792 900 1878 quud
922 1794 990 1858 veri
1012 1815 1081 1858 esse
1103 1793 1246 1857 omnium
1267 1792 1389 1856 similli-

247 1923 334 1966 mum
355 1907 520 1988 putamus,
553 1927 591 1968 ex
619 1903 782 1986 adscripta
808 1904 843 1968 in
866 1905 1012 1989 margine
1035 1904 1216 1969 notatione:
1253 1907 1309 1968 aut
1331 1903 1389 1968 eis·

247 2013 318 2076 dem
341 2035 397 2077 suo
419 2014 454 2078 in
477 2014 546 2079 loco
569 2014 702 2078 servatis
725 2013 771 2078 sic
787 2036 855 2078 esse
871 2014 1073 2079 scribendum
1089 2015 1195 2080 dicam
1215 2038 1258 2079 an
1279 2015 1390 2079 luden-

247 2123 337 2187 dum:
369 2125 521 2205 Mopcdur
546 2126 760 2208 Κριτοφήμου,
785 2126 973 2202 Φιλιππεύι,
996 2127 1149 2206 λιτορικό(
1172 2127 1191 2192 ὁ
1214 2127 1388 2208 νεώτεροι·

247 2233 356 2314 ἕτερος
379 2234 442 2319 (δὲ)
467 2235 619 2315 Μαραίαι
642 2236 783 2315 Μάρεοα,
807 2236 961 2315 Ταβηνόε.
990 2236 1133 2316 ἔγραψεν
1159 2237 1389 2318 ἀρχαιολογίαν

248 2393 253 2406 .
277 2394 283 2406 .
307 2395 313 2407 .
337 2393 343 2408 .
366 2345 416 2408 καὶ
438 2345 530 2424 ἕτερά
553 2367 623 2410 τινα
645 2347 717 2425 περὶ
735 2349 790 2424 τῆ(
805 2344 884 2410 ἰδία(
899 2346 1062 2426 πατρίδος,
1085 2346 1147 2410 hoc
1162 2349 1211 2410 est
1233 2348 1271 2410 de
1294 2349 1387 2412 rebus

246 2453 472 2517 Macedonicis.
508 2453 594 2518 Nam
609 2456 771 2538 Φίλιπποι,
795 2478 837 2519 ne
860 2455 930 2539 quis
952 2459 1047 2538 erret,
1071 2458 1163 2521 πόλι(
1186 2458 1388 2523 Μακεδονία(

247 2566 295 2626 est
317 2562 419 2627 eidem
442 2562 616 2646 Stephano.
648 2564 710 2629 Sed
733 2587 773 2629 ex
793 2565 955 2629 Eudociae
977 2587 1055 2630 sane
1077 2565 1182 2630 verbis
1205 2565 1282 2630 illud
1306 2589 1388 2631 asse·

246 2673 299 2756 qui
321 2694 416 2737 nemo
442 2674 538 2737 facile
566 2678 731 2759 potuerat,
766 2697 847 2759 quae
874 2675 996 2740 Pellaei
1024 2675 1152 2760 scriptis
1181 2698 1252 2740 oum
1279 2677 1388 2742 imme·

246 2782 393 2847 morabili
420 2782 637 2869 discrepantia
666 2786 859 2850 enumeratis
878 2785 934 2850 -sic
960 2786 1068 2870 pergit
1094 2809 1126 2870 p.
1156 2787 1234 2852 298:
1272 2788 1326 2854 etti
1353 2791 1388 2854 δὲ

245 2894 295 2957 καί
317 2892 410 2959 ἄλλοι
432 2895 492 2960 δύο
513 2896 679 2976 ἱετορικοὶ,
708 2897 726 2961 ὁ
750 2899 806 2975 μὲν
838 2898 1040 2979 Κριτοφήμοο
1068 2897 1243 2963 Φιλιππεὺε
1266 2899 1285 2964 ὁ
1307 2901 1388 2965 νεώ-

245 3023 354 3084 τεροι,
385 3005 461 3070 ou
491 3007 623 3086 Μάρεου
651 3008 812 3086 Ταβηνὸε,
846 3007 883 3071 ὃ(
908 3008 959 3072 καὶ
988 3007 1217 3088 ἀρχαιολογίαν
1245 3009 1387 3090 ἔγραψεν

247 3133 273 3176 e.
298 3135 329 3198 q.
353 3135 378 3177 s.

330 3223 421 3287 Licet
453 3228 560 3289 autem
592 3247 679 3289 nuno
711 3226 844 3290 ulterius
876 3226 1027 3312 progredi
1061 3230 1093 3291 et
1127 3249 1209 3312 quae
1242 3233 1388 3314 tempora

245 3331 383 3416 fuerint,
413 3335 496 3417 quod
525 3335 610 3398 vitae
633 3357 735 3420 genus
757 3336 920 3421 utriusque
943 3337 1124 3421 scriptoris,
1159 3339 1212 3422 qui
1235 3340 1385 3425 ambitae,

246 3464 326 3525 quae
348 3443 514 3528 dispositio
536 3448 568 3508 et
589 3445 667 3509 fides
690 3446 853 3529 utriusque
875 3446 1165 3532 Macedonicorum,
1189 3470 1271 3532 quae
1292 3452 1387 3515 vesti·

245 3553 300 3636 gia
324 3554 458 3618 aliomm
480 3554 634 3619 libromm
656 3556 697 3619 ab
720 3557 765 3620 eis
788 3555 960 3640 editomnr,
995 3557 1102 3642 aliqua
1126 3562 1211 3622 certe
1233 3581 1272 3623 ex
1295 3565 1386 3643 parte

246 3663 295 3726 vel
324 3667 586 3748 argumentorum
613 3665 805 3729 necessitate
833 3687 947 3752 cogere
974 3668 1025 3730 vel
1053 3690 1162 3732 eruere
1185 3668 1387 3735 coniecturae

245 3773 483 3854 probabilitate.
530 3774 570 3838 ln
592 3797 656 3859 qua
677 3795 774 3858 opera
796 3775 843 3838 ita
864 3777 1078 3861 versabimur,
1108 3782 1144 3842 ut
1172 3778 1233 3844 hoc
1260 3781 1295 3844 in
1317 3781 1387 3846 loeo

246 3903 353 3947 eorum
382 3905 538 3948 summam
567 3885 887 3969 comprehendamus,
921 3909 1002 3971 quae
1030 3910 1069 3953 ex
1096 3891 1301 3972 pertractatis
1323 3893 1386 3956 sin·

246 3993 329 4076 gulis
357 3993 423 4057 sive
449 3994 642 4079 fragmentis
670 3995 736 4058 sive
762 3995 954 4060 testimoniis
983 4019 1051 4062 esse
1077 4002 1275 4064 consectaria
1297 3999 1386 4065 dein-

247 4122 320 4183 ceps
353 4102 651 4168 demonstrabimus.
706 4102 755 4167 Ea
789 4108 896 4170 autem
903 4155 911 4188 ,
951 4107 979 4170 si
1018 4111 1104 4172 recte
1137 4110 1383 4194 numeravimus

245 4215 374 4292 praeter
405 4212 537 4277 Suidam
573 4217 605 4277 et
640 4213 817 4277 Eudociam
854 4215 889 4278 in
921 4219 991 4279 tota
1028 4219 1220 4302 antiquitate
1258 4225 1389 4284 exstant-

245 4318 371 4401 XXVI,
395 4325 427 4385 et
448 4321 496 4384 lX
528 4323 671 4406 quidem,
705 4326 861 4406 quantum
894 4325 1089 4410 colligimus,
1122 4330 1318 4412 pertinentia
1345 4332 1384 4394 ad

245 4427 424 4512 Pellaeum,
464 4431 504 4494 ud
536 4431 776 4516 Philippensem
809 4433 972 4519 Marsyam
1008 4437 1129 4521 reliqua
1165 4440 1215 4503 vel
1246 4441 1385 4504 maxima

1115 4541 1182 4607 29*
