3254 5092
646 378 681 423 m
705 378 987 426 aarsroeuaumr.
1317 363 1378 426 :217

244 554 305 595 uuo
337 530 491 594 vocabulo
526 530 656 592 reddere
693 533 834 613 poterat,
874 530 937 593 alia
973 531 1154 613 substituit,
1192 553 1272 614 quae
1310 548 1380 594 erun

242 641 399 722 ἀθροίζειν
429 643 461 703 et
488 640 702 719 (υναθροίζειν
731 639 835 703 verbis
857 643 969 722 postea
991 641 1120 722 positis,
1148 644 1216 703 tum
1244 641 1293 703 his
1315 663 1380 704 ma-

242 750 326 814 xime
348 752 425 829 μετὰ
448 751 568 830 βραχύν
591 770 661 814 τινα
683 749 803 829 χρόνον
825 754 891 826 τῆ(
915 755 1146 827 (υναγωγῆε
1173 755 1240 814 τῶν
1263 751 1380 831 βίβλων

243 863 288 925 ὡ(
318 861 401 941 ἔφην
430 861 490 924 καὶ
527 861 777 938 διορθώτεωε
811 857 952 922 indicata
981 880 1048 922 esse
1078 859 1283 940 videbantur,
1319 860 1380 922 nisi

243 969 325 1052 quod
354 971 489 1033 alterum
516 968 555 1031 de
583 968 818 1051 grammaticis,
848 968 983 1031 alterum
1012 969 1051 1031 de
1079 989 1154 1052 rege
1182 969 1287 1032 valere
1315 991 1380 1032 nou

244 1078 479 1142 animadvertit.
525 1076 574 1140 ua
596 1099 676 1160 quae
698 1078 840 1161 proxime
862 1081 1053 1160 sequuntur,
1083 1078 1251 1161 inquibus
1275 1099 1291 1140 e
1315 1099 1381 1141 cor·

243 1191 337 1271 rupto
359 1188 488 1252 nomine
512 1191 636 1267 arzer,
668 1188 741 1250 dum
758 1187 852 1250 modo
875 1187 990 1250 certius
1019 1187 1057 1250 de
1084 1186 1201 1250 codicis
1223 1188 1381 1271 scriptura

244 1301 422 1380 constaret,
454 1304 733 1378 praestantiamque
764 1296 944 1360 faciendum
979 1317 1046 1359 esse
1076 1296 1280 1380 coniicias*),
1315 1319 1381 1360 nou

243 1407 365 1470 habent
379 1429 441 1490 quo
456 1407 689 1471 dubitationem
704 1408 864 1468 moveant.
895 1405 969 1468 Mox
986 1410 1092 1469 autem
1115 1406 1153 1469 de
1167 1406 1382 1470 Eratosthene

244 1519 275 1579 et
298 1516 493 1581 Callimacho
515 1538 581 1580 non
603 1515 705 1578 solum
726 1514 831 1577 verbis
852 1521 943 1578 sicali
962 1520 1060 1593 refert
1081 1517 1114 1578 et
1133 1520 1196 1594 snit
1219 1527 1382 1595 praeterea

243 1633 297 1704 qai
321 1632 399 1689 idem
428 1637 576 1691 asseveret
603 1623 733 1688 adiectis
762 1645 818 1686 suo
845 1623 978 1687 arbitrio
1006 1646 1123 1686 nexum
1150 1625 1381 1688 sententiarum

243 1735 418 1817 supplevit,
458 1735 512 1799 sed
546 1736 643 1798 etiarn
682 1733 777 1796 istum
810 1739 942 1796 aulicam
975 1740 1090 1811 rapiam
1123 1739 1381 1824 bibliothecarium

244 1867 309 1907 uon
331 1845 440 1908 dubito
463 1845 539 1927 quin
556 1867 572 1908 e
588 1843 712 1928 graecis
735 1843 897 1907 veavlcaor
920 1843 967 1907 ὢν
989 1847 1045 1920 τῆς
1069 1843 1183 1925 αὐλῆς,
1208 1864 1288 1926 quae
1304 1865 1401 1920 sane¹

243 1952 317 2036 quid
333 1953 394 2017 sibi
409 1953 528 2018 vellent
544 1975 609 2016 non
632 1955 758 2035 poterat
780 1951 975 2034 perspicere,
998 1952 1156 2034 petiverit.
1200 1953 1382 2016 Admodum

244 2064 404 2126 contraxit
431 2063 584 2126 librorum
611 2063 820 2124 barbarorum
850 2066 883 2124 et
911 2083 1005 2125 curae
1031 2061 1237 2126 Pisistrateae
1265 2085 1389 2126 memo-1

242 2171 338 2254 riam,
363 2173 408 2235 ita
430 2176 550 2253 tamen,
573 2175 611 2234 ut
625 2192 686 2254 quo
704 2171 796 2234 modo
812 2192 963 2255 graecum
979 2171 1167 2254 scriptorem
1182 2194 1239 2254 per
1254 2172 1381 2255 singula

243 2286 407 2364 sequatur,
439 2283 519 2345 bene
547 2261 738 2363 perspicias.¹
787 2279 932 2363 Denique
960 2302 1040 2363 quae
1068 2279 1233 2344 Heliodori
1263 2281 1381 2344 fabella

243 2391 343 2453 relata
359 2394 392 2454 et
407 2390 605 2474 argumentis
627 2390 739 2472 quibus
756 2413 774 2451 a
790 2388 905 2451 Tzetza
929 2389 1117 2472 impugnata
1141 2393 1209 2452 erat
1231 2389 1381 2453 indicatis

243 2499 276 2561 in
299 2501 362 2563 fine
385 2500 603 2564 annotationis
626 2499 665 2562 de
681 2497 861 2561 Aristarchi
877 2500 982 2560 aetate
1004 2499 1125 2580 posuit,
1150 2520 1216 2560 non
1232 2502 1381 2581 corrupta

242 2608 298 2670 illa
320 2609 463 2691 quidem,
488 2609 543 2672 sed
566 2631 582 2671 e
605 2609 729 2692 graecis
752 2608 857 2672 verbis
878 2609 1059 2690 recripserit
1082 2608 1215 2690 πέμπτῳ
1238 2608 1302 2672 ἀπὸ
1318 2609 1380 2687 Ζη-

243 2719 384 2783 νοδότου
398 2723 562 2783 τελοῦνττι
578 2717 660 2781 male
682 2719 723 2780 ab
738 2717 820 2780 ltalo
843 2717 1015 2780 intellectis
1037 2718 1182 2799 profecta
1198 2737 1265 2779 esse
1282 2717 1379 2780 vides

326 2827 438 2910 ltaque
461 2849 532 2890 curn
555 2827 652 2890 alium
675 2827 847 2889 habeamus
869 2847 1019 2910 graecum
1039 2826 1302 2889 commentarium
1324 2826 1380 2889 ali·
1400 2838 1448 2886 129

243 2940 362 3018 quanto
385 2937 513 3019 propius
528 2958 623 3019 quarn
646 2935 736 2998 illum
751 2935 931 2998 Parisinum
947 2935 987 2997 ad
1009 2935 1146 2998 latinum
1164 2936 1379 3018 accedentem,

242 3067 334 3127 quem
368 3045 402 3108 in
429 3045 581 3109 Plautino
614 3045 735 3108 scholio
768 3065 950 3128 expressum
978 3066 1046 3108 esse
1079 3044 1244 3128 probabile
1271 3045 1379 3128 sitm),

342 3281 367 3348 *l
386 3280 466 3345 Quod
484 3280 678 3348 Bernhardyus
696 3280 724 3332 iu
743 3279 858 3347 egregia
877 3297 994 3333 censura
1011 3279 1076 3332 libri
1087 3279 1268 3334 Ritsehcliani
1280 3281 1379 3334 Anual.

242 3371 302 3424 crit.
322 3373 412 3426 Berol.
431 3391 455 3426 a.
476 3377 541 3426 1838
559 3391 595 3425 m.
615 3372 746 3426 Decemb.
765 3389 792 3440 p.
806 3377 856 3426 828
874 3372 991 3426 coniecit
1009 3385 1034 3425 et
1051 3375 1137 3433 LXX,
1157 3371 1282 3437 quamvis
1300 3372 1329 3425 iu
1347 3391 1379 3426 eo

244 3464 425 3530 verissimum,
448 3465 523 3532 quod
541 3467 704 3531 sequentem
722 3481 818 3518 vocem
835 3484 920 3517 renum
938 3482 993 3517 non
1011 3463 1141 3528 mutavit,
1162 3481 1217 3517 non
1235 3464 1380 3533 probabile

242 3574 302 3609 csse
325 3574 396 3610 nunc
418 3557 498 3610 l'acile
522 3559 565 3610 cst
587 3557 737 3611 intellectu.
786 3555 928 3609 Ritschelii
955 3559 1047 3609 autern
1072 3555 1231 3609 coniectura
1254 3561 1381 3624 prehensa

241 3667 322 3700 ‚secum
342 3649 386 3711 (de
405 3649 489 3702 schol.
508 3649 597 3702 Plaut.
618 3667 645 3716 p.
665 3653 704 3713 16,
722 3647 776 3716 ipsi
793 3648 954 3716 improbata
972 3647 1071 3702 Coroll.
1090 3666 1117 3715 p.
1138 3653 1180 3706 52)
1199 3648 1259 3701 sola
1276 3647 1380 3702 littera-

241 3757 302 3792 rum
315 3739 493 3794 sirnilitudine
506 3741 722 3811 commendatur.
743 3741 802 3808 [per
815 3747 992 3794 menandriani
1003 3740 1033 3792 in
1045 3739 1208 3808 compendio
1227 3740 1274 3794 illo
1292 3739 1380 3794 latere

242 3823 359 3886 coniecit
370 3831 509 3900 Eugenius
519 3833 656 3886 Mehlems
668 3832 887 3900 Asciburgeusis.
908 3831 988 3898 (Vide
1000 3849 1071 3884 nunc
1085 3849 1168 3900 supra
1180 3849 1206 3900 p.
1216 3835 1282 3900 172.)
1296 3831 1325 3886 F.
1336 3833 1379 3900 lh]

308 3927 348 3991 **)
371 3925 486 3992 Collegii
508 3923 628 3978 Romani
650 3925 770 3989 codices,
793 3924 821 3976 in
846 3925 945 3991 quibus
968 3926 1011 3978 est
1030 3924 1172 3977 Plautinus
1189 3925 1260 3978 liber
1287 3942 1302 3978 e
1326 3941 1379 3990 quo

242 4015 407 4070 Ritscheh'us
429 4017 498 4070 illud
521 4017 654 4071 scholium
684 4016 842 4085 descripsit,
872 4034 1003 4085 magnam
1025 4017 1136 4084 partem
1159 4033 1192 4068 ex
1215 4015 1275 4069 aliis
1298 4016 1380 4070 lesui·

241 4111 332 4162 tarum
351 4109 491 4178 collegiis,
509 4108 635 4162 etmulti
654 4108 765 4175 quidem
784 4126 798 4162 e
818 4108 957 4177 superiore
977 4108 1057 4160 ltalia
1074 4109 1192 4161 Romam
1211 4107 1288 4162 allati
1307 4111 1378 4163 sunl.

242 4199 332 4264 Quare
351 4201 374 4252 si
396 4201 430 4254 de
453 4201 546 4270 patria
563 4205 592 4254 et
610 4199 716 4267 origiue
734 4201 854 4254 Plautini
877 4201 979 4255 codicis
998 4199 1128 4254 certiores
1151 4199 1210 4252 fieri
1227 4217 1379 4268 possemus,

242 4291 271 4344 id
289 4293 363 4359 quod
380 4311 430 4361 por
443 4311 550 4358 canini,
569 4293 616 4359 qui
633 4293 673 4345 illi
691 4291 876 4347 bibliothecae
889 4295 1034 4362 praesunt,
1051 4291 1183 4344 invidiam
1200 4291 1259 4346 fieri
1276 4295 1379 4360 nequit,

241 4383 306 4439 inde
320 4385 436 4439 fortasse
450 4401 511 4440 cum
530 4385 651 4454 quadam
669 4383 868 4454 probabilitate
882 4385 1069 4456 colligeretur,
1088 4383 1197 4450 Italum,
1216 4384 1262 4454 qui
1276 4385 1380 4442 scholia
