3218 5094
647 373 694 420 un
717 371 787 422 ono
810 371 855 421 nr
877 371 1019 420 emona.
1338 353 1400 418 601

262 523 443 609 corrigendi
479 527 562 590 ratio
598 529 635 589 ut
666 525 771 609 specie
804 525 941 610 quadam
972 525 1117 590 veritatis
1152 523 1399 606 commendetur,

261 656 373 718 reapse
395 638 504 700 tamen
528 638 737 720 cognoscetur
760 639 792 700 et
813 657 936 702 summa
959 635 1137 700 coniciendi
1158 635 1289 699 levitate
1312 655 1401 698 erco-

261 746 366 830 gitata
388 748 516 810 atvero
537 747 599 829 ipsi
621 746 750 811 veritati
772 767 900 829 prorsus
929 746 1099 809 contraria.
1144 744 1287 808 Primum
1316 743 1402 808 enim

261 855 428 920 minimam
454 859 583 920 tantum
610 857 664 920 ille
692 859 817 939 partem
845 856 1047 925 notationum
1079 856 1114 919 in
1140 850 1236 918 istam
1263 854 1402 937 speeiem

263 966 517 1050 conspirantium
538 967 629 1031 novit
651 967 797 1030 omnino:
821 965 948 1031 Orionis
971 987 1088 1030 nomen
1109 965 1259 1028 nimirum
1281 965 1402 1028 instau-

262 1097 333 1140 rare
355 1076 416 1142 sibi
438 1077 523 1142 visus
544 1081 592 1141 est
607 1076 734 1142 deciens
749 1077 949 1161 quinquiens,
966 1076 1086 1159 debuit,
1110 1076 1137 1140 si
1154 1074 1216 1139 sibi
1237 1075 1305 1157 ipse
1329 1095 1401 1137 con-

262 1189 348 1250 stare
363 1188 469 1270 vellet,
493 1188 619 1252 circiter
634 1187 858 1272 quadragiens.
896 1186 1028 1251 Praeter
1041 1187 1100 1251 has
1116 1186 1216 1268 enirn,
1245 1207 1323 1268 quas
1346 1205 1402 1248 suo

263 1318 419 1381 quamque
440 1297 512 1362 loco
532 1298 685 1362 tractavit
707 1297 813 1361 adnot.
835 1297 871 1360 in
893 1297 1055 1380 Orionem,
1079 1296 1132 1361 Et.
1156 1295 1200 1359 M.
1224 1317 1256 1378 p.
1273 1295 1325 1376 64,
1348 1294 1401 1358 38.

263 1406 314 1489 91,
338 1407 390 1470 28.
415 1407 466 1490 97,
489 1408 541 1471 42.
564 1409 638 1490 408,
662 1408 711 1474 32.
740 1407 814 1486 479,
836 1408 888 1472 39.
918 1408 990 1489 611,
1016 1409 1044 1470 1.
1073 1405 1146 1488 619,
1168 1405 1220 1470 28.
1253 1405 1325 1486 704,
1349 1403 1453 1468 3018

264 1515 336 1597 709,
361 1517 412 1580 28.
438 1517 510 1599 719,
533 1519 585 1582 33.
610 1518 683 1601 723,
706 1517 757 1582 54.
783 1517 855 1599 724,
878 1517 930 1582 59.
955 1517 1027 1598 757,
1050 1519 1078 1579 1.
1103 1515 1242 1593 811,14.
1266 1514 1338 1595 823,
1360 1513 1403 1576 40

264 1626 402 1706 (diversa
426 1627 511 1690 enirn
533 1627 616 1691 ratio
638 1631 687 1691 est
713 1650 745 1710 p.
769 1626 848 1709 683,
871 1626 926 1713 35)
953 1625 1128 1689 tentandae
1149 1624 1308 1689 Larchero
1335 1623 1430 1692 sue-c

263 1739 339 1798 rant
361 1739 393 1799 et
420 1736 455 1800 in
481 1736 609 1800 illarum
637 1737 823 1801 societatem
845 1735 1048 1800 asciscendus
1075 1734 1189 1799 haece:
1218 1757 1249 1818 p.
1275 1734 1326 1815 87,
1352 1733 1400 1798 15.

264 1845 315 1908 20.
338 1845 412 1928 452,
440 1847 488 1909 17.
517 1847 592 1930 535,
616 1847 645 1910 6.
674 1847 747 1929 583,
771 1847 824 1911 50.
847 1846 920 1929 618,
944 1846 974 1911 5.
1003 1845 1076 1926 621,
1099 1845 1151 1908 46.
1175 1845 1248 1926 624,
1271 1843 1301 1906 2.
1328 1842 1401 1924 625,

263 1954 315 2017 26.
339 1954 417 2033 626,
438 1955 490 2020 57.
514 1956 593 2039 636,
619 1957 668 2020 18.
699 1956 778 2038 685,
801 1956 852 2020 57.
880 1955 958 2037 696,
982 1956 1034 2019 31.
1064 1955 1142 2032 706,
1168 1953 1217 2018 14.
1246 1954 1322 2035 711,
1349 1952 1400 2016 55.

267 2065 338 2146 718,
365 2066 413 2129 18.
436 2065 510 2147 725,
534 2065 584 2130 21.
608 2066 680 2149 728,
706 2066 755 2130 16.
780 2066 852 2148 738,
876 2065 906 2128 6.
931 2066 1003 2148 780,
1019 2065 1071 2128 32.
1096 2064 1168 2146 780,
1183 2063 1236 2127 49.
1261 2062 1333 2145 789,
1349 2062 1401 2125 20.

264 2174 336 2256 793,
363 2175 399 2238 17
405 2224 411 2236 .
457 2173 581 2239 Deinde
610 2177 718 2240 autem
744 2175 779 2238 in
808 2179 941 2259 utroque
969 2194 1087 2259 genere
1115 2173 1330 2256 exemplorum
1356 2174 1402 2233 te-

263 2304 349 2347 mere
372 2305 444 2348 cum
464 2287 661 2350 tentatorum
688 2288 756 2349 tum
783 2284 1077 2368 praetermissorum
1098 2304 1165 2348 non
1187 2283 1319 2367 exiguus
1345 2304 1402 2345 nu-

263 2415 367 2457 merus
396 2397 445 2458 est
472 2395 674 2458 notationum
703 2417 773 2459 eum
796 2393 944 2460 Orioneie
971 2414 1199 2478 congruarum,
1233 2391 1267 2455 in
1290 2389 1403 2474 quibus

265 2524 335 2566 eum
363 2525 440 2567 sane
469 2502 718 2589 Sylburgianum
744 2504 1002 2588 Etymologieum
1028 2503 1127 2583 Ὦρος
1156 2501 1305 2566 exhibeat
1329 2499 1402 2564 sim·

263 2612 405 2697 pliciter,
436 2615 547 2678 contra
574 2614 609 2678 in
631 2612 787 2678 Parisinis
810 2614 915 2695 libris,
944 2613 1081 2677 maxime
1104 2615 1212 2676 autern
1239 2609 1321 2694 apud
1346 2608 1404 2673 Zo

264 2744 377 2787 naram
399 2724 494 2807 plene
517 2724 671 2807 scriptum
693 2727 797 2788 exstet
817 2724 916 2804 Ὠρο(
939 2722 969 2790 ὁ.
982 2724 1140 2802 Mitteret.
1184 2720 1280 2804 Apud
1302 2719 1403 2794 Zona-

264 2854 333 2896 ram
355 2833 482 2917 quidem
503 2833 537 2898 in
560 2833 625 2898 his:
647 2835 715 2913 ἴτης
737 2833 792 2898 Et.
816 2833 861 2897 M.
884 2856 916 2916 p.
940 2833 1018 2915 479,
1047 2833 1127 2912 μήλη
1149 2831 1213 2897 583
1240 2829 1309 2914 (ubi
1332 2851 1404 2894 cum

264 2942 319 3006 illo
343 2944 504 3008 consentit
525 2942 689 3008 Parisinus
711 2966 744 3008 n.
768 2944 861 3030 346),
885 2946 1011 3022 πυθμήν
1034 2942 1096 3006 696
1102 2992 1111 3025 ,
1137 2941 1225 3022 ῥινός
1248 2941 1326 3023 704,
1351 2961 1403 3019 τη-

264 3053 317 3117 λία
339 3053 411 3136 757,
435 3055 559 3136 φθόνοι
583 3055 662 3136 793,
686 3055 797 3135 npetu
819 3054 892 3119 823.
936 3051 1056 3129 Quibus
1078 3051 1158 3115 adde
1181 3054 1330 3136 quattuor
1351 3071 1403 3114 vo»

266 3183 316 3226 ces
339 3162 424 3246 apud
452 3165 553 3228 solum
571 3165 734 3229 ,Zonaram
755 3163 928 3228 instructas
955 3162 1055 3242 Ὠρο(
1083 3162 1101 3227 ὁ
1125 3163 1276 3240 Mitteret
1302 3159 1403 3224 norni-

264 3272 374 3356 nibus,
409 3274 509 3354 ἦπαρ,
543 3273 618 3357 ἰωή,
652 3275 789 3356 καρπός,
812 3274 971 3353 Ιετερρόε,
1007 3273 1086 3336 item
1124 3293 1177 3334 eas
1212 3291 1250 3334 91
1284 3269 1403 3335 Orione

265 3382 407 3446 haustas.
452 3383 506 3447 An
528 3384 563 3450 in
584 3384 702 3448 talibus
726 3404 848 3468 quoque
876 3383 993 3463 Ὠρίων
1016 3403 1134 3446 nomen
1160 3382 1267 3464 placet
1289 3379 1404 3444 substi-

264 3491 377 3557 tuere?
421 3491 526 3567 Ouid?
554 3493 636 3578 quod
664 3493 820 3578 quaedam
847 3494 893 3557 ita
927 3495 1111 3576 comparata
1144 3494 1219 3555 sunt
1246 3490 1402 3573 exempla,

265 3605 301 3666 ut
322 3602 357 3666 in
379 3624 502 3667 summa
526 3625 596 3668 cum
619 3603 737 3669 Orione
761 3603 984 3668 convenientia
1005 3602 1098 3667 huius
1125 3601 1202 3665 item
1229 3621 1347 3665 nomen
1369 3600 1404 3664 in

264 3734 328 3776 uno
356 3713 495 3777 alterove
527 3715 610 3779 libro
637 3719 807 3798 appareat,
839 3712 941 3777 nihilo
974 3717 1081 3778 autem
1113 3712 1218 3776 minus
1250 3710 1284 3774 in
1318 3710 1403 3774 illius
1442 3763 1449 3778 .

264 3823 369 3887 locum
392 3822 473 3888 Orus
495 3824 700 3889 sufficientius
722 3824 764 3887 sit
786 3845 803 3887 e
825 3822 1017 3888 melioribus.
1062 3821 1160 3886 Velut
1181 3822 1216 3885 in
1237 3819 1291 3884 nt.
1310 3819 1354 3883 M.
1371 3843 1401 3884 r.

265 3935 342 4001 ἕδνα
364 3957 396 4018 p.
420 3935 493 4018 316,
516 3935 558 4000 43
580 3935 731 4019 vulgatur
753 3934 885 4014 Ὠρίων,
912 3933 1011 4015 Ὠροε
1033 3933 1052 3998 ὁ
1076 3934 1227 4012 Matrinio(
1248 3951 1403 4014 reponen-

265 4044 339 4108 dum
363 4048 410 4109 est
433 4065 450 4108 e
473 4043 620 4110 Parisino
642 4067 675 4107 n.
699 4044 761 4108 346
785 4047 817 4107 91
839 4043 964 4107 Zonara
991 4065 1022 4126 p.
1046 4043 1119 4108 612.
1156 4041 1244 4107 Voce
1266 4041 1403 4134 κακιςάβη

265 4152 349 4218 idem
366 4154 445 4218 illud
462 4155 580 4240 legitur
596 4156 631 4218 in
649 4152 731 4218 Gud.
748 4176 779 4236 p.
797 4153 871 4236 293,
888 4153 909 4218 5
927 4151 1203 4238 Etymologicique
1219 4153 1263 4216 M.
1281 4174 1312 4235 p.
1329 4151 1402 4235 485,

265 4261 287 4324 4
307 4261 454 4328 Parisino
476 4287 509 4328 n.
530 4265 613 4330 2636
636 4263 770 4350 (Adnot.
800 4286 832 4347 p.
855 4263 917 4327 906
940 4265 1019 4326 extr.
1047 4266 1080 4327 et
1102 4263 1185 4348 apud
1210 4263 1404 4327 Lareherum

266 4369 301 4436 in
323 4372 380 4437 Or.
402 4395 434 4456 p.
452 4373 518 4460 88),
542 4373 613 4439 hoc
636 4374 766 4439 affertur
788 4394 805 4437 e
826 4371 982 4436 Parisinis
1004 4395 1037 4437 n.
1054 4374 1116 4438 346
1139 4377 1171 4438 et
1192 4373 1291 4456 26383
1313 4373 1403 4438 item-
