3254 5092
641 342 677 386 τκ
700 341 983 390 λιιιυτοκιικιικιτ.
1321 325 1381 388 θῦί

243 498 367 557 νευτῶν
390 493 542 572 Ἐβραίων
572 499 686 572 (οφῶν
713 495 907 573 πεφυκότων
938 497 1005 557 καθ’
1028 495 1180 572 ἑκατέραν
1209 494 1382 558 διάλεκτον.

243 603 306 666 Τὰ(
329 603 453 666 ἐθνικὰ(
476 605 533 680 μέν
556 602 643 666 οίίτω
666 603 850 682 μετεποίηεε
874 604 1015 683 βίβλουε·
1044 609 1111 668 τῶν
1133 603 1324 680 Ἑλληνίδων
1348 605 1383 666 δέ

245 712 379 792 βίβλων,
403 712 448 774 ιδ(
463 714 512 776 καί
527 715 703 793 προλαβὼν
727 713 828 793 ἔφην,
850 714 906 777 τά(
922 713 1069 792 τραγικὰ(
1091 715 1148 791 μὲν
1167 714 1330 792 διώρθωεε
1344 714 1384 776 δι’

204 841 230 880 ω
244 822 454 901 Ἀλεξάνδρου
476 826 534 887 τοῦ
549 822 709 898 Αἰτωλοῦ,
733 825 790 886 τά(
813 826 869 899 τῆ(
890 824 1058 904 κωμῳδία(
1078 825 1114 887 δὲ
1136 824 1188 886 διὰ
1209 826 1268 887 τοῦ
1284 824 1382 887 Λυκό·

242 952 385 1012 φρονοε,
406 933 459 996 διὰ
480 935 515 996 δέ
530 932 720 1011 Ζηνοδότου
743 936 802 996 τοῦ
825 932 969 1012 Ἐφεείου
989 933 1045 996 τά(
1060 939 1128 997 τῶν
1151 935 1275 996 λοιπῶν
1291 953 1381 1009 ποιη-
1402 952 1450 997 ιιιι

241 1047 316 1106 τῶν.
354 1042 418 1106 Τὰ(
433 1042 618 1121 Ὁμηρείου(
640 1044 676 1105 δέ
691 1041 911 1121 κατεξαίρετον
927 1043 991 1120 πρό
1014 1043 1181 1106 διακαείων
1205 1043 1254 1106 καὶ
1276 1042 1383 1105 πλειό-

242 1173 309 1216 νων
332 1151 489 1218 ἐνιαυτῶν
506 1152 708 1231 Πτολεμαίου
730 1157 789 1216 τοῦ
805 1153 1012 1230 Φιλαδέλφου
1035 1153 1084 1215 καὶ
1104 1156 1160 1230 τῆ(
1183 1152 1383 1231 διορθώεεω(

242 1261 430 1339 Ζηνοδότου
446 1267 638 1332 (υντέθεικεν
655 1266 776 1342 (πουδῇ
792 1261 1012 1340 Πειείετρατο(
1034 1263 1122 1341 παρὰ
1141 1266 1207 1327 τῶν
1221 1262 1382 1340 τεττάρων

216 1373 368 1436 ετούτων
402 1373 533 1449 (οφῶν·
572 1367 623 1431 ἐπὶ
658 1371 839 1450 Κογκῦλου,
878 1371 1105 1450 Ὀνομακρίτου
1133 1393 1168 1436 τε
1204 1372 1383 1450 Ἀθηναίου,

241 1481 404 1559 Ζωπύρου
434 1501 469 1544 τε
495 1480 719 1557 Ἡρακλεώτου
746 1484 796 1544 καὶ
827 1480 1050 1559 Κροτωνιάτου
1079 1481 1236 1560 Ὀρφέωε.
1289 1481 1382 1545 Οὕτω

241 1593 298 1669 μέν
320 1592 356 1655 ἐν
378 1590 508 1671 χρόνοι(
534 1593 593 1652 τοῦ
615 1589 844 1668 Πει(ι(τράτου
866 1593 933 1653 τοί(
959 1592 1099 1669 τέκεεορει
1120 1591 1247 1654 τοῦτον(
1268 1595 1383 1671 (οφοῑ(

241 1701 272 1762 αί
300 1700 461 1779 Ὁμηρικοὶ
490 1699 667 1778 (υτγροιφαὶ
702 1699 861 1778 τεμαχίοι(
896 1700 1145 1779 περιφερόμενοι
1175 1701 1382 1777 (υνετέθηεαν

242 1811 292 1873 καὶ
320 1809 423 1888 βίβλοι
452 1809 620 1884 ἐγένοντο·
648 1808 780 1886 χρόνοι(
814 1810 853 1885 δ’,
882 1807 927 1872 ὼ(
955 1809 1055 1890 ἐφην,
1089 1813 1148 1872 τοῦ
1176 1809 1383 1889 Φιλαδέλφου

205 1943 229 1979 10
241 1921 328 1998 παρὰ
343 1923 402 1982 τοῦ
417 1918 606 1995 Ζηνοδότου
622 1919 826 1997 ῶρθώθηων·
843 1919 922 1995 μετὰ
936 1919 971 1981 δέ
986 1918 1176 1996 Ζηνόδοτον
1191 1919 1382 2001 Ἀριετάρχιρ

241 2030 338 2092 πόλιν
361 2028 555 2105 ῶρθῶθη(υν
576 2028 718 2111 τετάρτῳ
739 2029 759 2104 ἢ
780 2027 884 2091 ῐάπό
900 2028 1089 2106 Ζηνοδότου
1104 2031 1258 2092 τελοῦντι.
1284 2028 1382 2092 Κᾶνδ

240 2138 447 2218 πεφυρμένα(
480 2139 530 2200 καί
558 2138 712 2217 βδελυρό(
739 2129 966 2218 Ἡλιόδωροε,
985 2139 1044 2202 οὐκ
1074 2138 1166 2202 εἰδὼ(
1200 2138 1249 2202 ότι
1283 2141 1380 2219 ληρεῖ,

242 2248 328 2332 φύρῃ
351 2248 402 2310 καί
416 2246 523 2310 πάντα
537 2247 704 2324 (ῦμμικτον
719 2255 881 2328 κυκεῶνα,
905 2249 1027 2324 μᾶλλον
1048 2249 1083 2311 δέ
1106 2251 1278 2326 κοπρεῶνα
1292 2253 1380 2331 ποιῇ,

241 2357 293 2420 ἐπὶ
307 2355 532 2433 Πει(ι(τράτου
554 2358 612 2421 τόν
627 2356 771 2435 Ὅμηρον
794 2360 979 2433 (υντεθῆναι
1002 2357 1051 2420 καί
1072 2357 1252 2435 ὀρθωθῆναι
1274 2359 1383 2434 ληρῶν

206 2468 330 2546 ιιπαρά
357 2473 424 2531 τῶν
448 2455 497 2548 οβ,
521 2469 716 2546 έπικριθῆναι
738 2468 773 2529 δέ
796 2466 929 2531 πάντων
951 2467 1011 2544 τὴν
1026 2466 1215 2543 Ζηνοδότου
1232 2467 1281 2529 καί
1304 2467 1381 2543 Ἀρι-

243 2577 379 2654 (τάρχου
395 2576 536 2641 (ύνθε(ίν
559 2597 593 2640 τε
615 2576 666 2639 καί
688 2576 873 2656 διόρθωειν,
897 2577 948 2638 καί
969 2576 1050 2653 ἡμᾱ(
1072 2575 1117 2639 ἐτι
1137 2576 1309 2639 νεάΖοντα(
1332 2577 1382 2636 καί

241 2687 390 2763 πρῶτον(
417 2685 580 2765 ὑπηνήτα(
608 2687 782 2750 τελοῦντα(
809 2683 933 2749 ἔπειτεν
963 2684 1067 2749 οὕτω(
1094 2685 1139 2749 ἔτι
1165 2705 1230 2747 που
1252 2685 1382 2761 ἐξηγου-

241 2796 356 2873 μένου(
377 2796 436 2860 τόν
460 2796 620 2875 Ὅμηρον,
644 2795 688 2858 ὼ(
711 2797 761 2858 καί
783 2781 887 2873 ἕτεροί
909 2815 991 2859 τινε(
1007 2795 1127 2873 κομψοί
1148 2795 1197 2857 καί
1217 2792 1381 2871 αἰθεροβά-

241 2924 353 2987 μονε(,
376 2903 424 2968 οί(
447 2905 487 2970 ἂν
509 2906 559 2969 καί
581 2907 670 2984 μέχρι
692 2907 762 2982 μιᾶ(
783 2906 900 2970 λέξεω(
916 2904 1130 2984 ἀβαεανίετω(
1153 2904 1308 2982 ἐπείεθην,
1331 2904 1382 2967 καί

204 3041 229 3078 ιο
241 3015 281 3092 μή
305 3014 339 3076 ἐκ
361 3018 419 3078 τοῦ
442 3017 587 3094 κειμένου
609 3018 665 3091 τῆ(
687 3015 824 3077 παλαιά(
848 3013 957 3093 βίβλου
975 3015 1012 3078 τό
1029 3014 1142 3091 άληθὲ(
1165 3013 1379 3094 ἀπηκρίβωεα,

242 3125 307 3185 κατ’
329 3123 471 3188 ἐκείνου(
498 3127 695 3204 παραληρῶν
719 3123 912 3203 ἐφαινόμην,
943 3123 1011 3186 ἀλλ’
1034 3122 1117 3187 ἅπαξ
1139 3123 1189 3186 καί
1218 3125 1264 3186 δί(
1282 3122 1381 3187 ταύτό

241 3235 355 3297 παθῶν
382 3241 429 3318 τῷ
457 3235 600 3300 νεάΖοντι
630 3239 676 3316 τῷ
699 3233 792 3297 πάθει
814 3233 914 3310 μάθο(
937 3232 1066 3311 ἐθέμην,
1096 3227 1302 3297 καὶτούτου(
1325 3234 1381 3310 μὲν

241 3341 355 3421 ἥγημαι
376 3345 522 3422 κομψοῦ(
545 3343 717 3422 αἰθερίουε,
746 3343 843 3406 αὐτὸ(
873 3343 909 3405 δὲ
931 3342 966 3405 ἐκ
988 3347 1054 3405 τῶν
1078 3343 1232 3418 κειμένων
1255 3341 1382 3405 ἀνθέων

241 3453 307 3517 τῶν
336 3453 453 3533 βίβλων
484 3453 591 3532 ὥεπερ
617 3472 663 3516 τι(
686 3453 811 3531 μέλιεεα
838 3451 992 3531 φίλεργο(
1020 3451 1120 3514 ὁποῖα
1142 3451 1295 3528 δυναίμην
1319 3471 1381 3528 (ιμ-

205 3591 229 3628 ικ
243 3565 402 3640 βλοποιῶ,
426 3561 513 3640 οἶμαι
527 3565 562 3626 δὲ
577 3564 627 3627 καί
642 3569 688 3646 τῷ
704 3563 801 3638 μέλιτι
824 3562 969 3625 πολλοῦ(
992 3561 1177 3641 διεκτρέφω.
1218 3560 1281 3624 Κᾶν
1297 3560 1382 3637 μυῑαί

241 3690 324 3735 τινε(
345 3676 522 3755 δυεγενεῑε,
555 3673 598 3736 ῶ(
627 3671 704 3735 οὐδὲ
726 3677 772 3756 τῷ
795 3671 910 3753 άττικιβ
934 3671 1011 3734 οὐδὲ
1038 3671 1143 3754 τούτῳ
1166 3671 1264 3746 ίζῆεαι
1286 3669 1381 3732 δυνά-

243 3887 443 3898 --..-.—..---=-

310 4019 360 4088 [30.
379 4023 423 4074 διό
440 4019 505 4087 τοῦ,
525 4034 581 4074 non
598 4019 655 4087 διά,
680 4015 751 4089 δοά]
824 4021 849 4070 4.
869 3965 1008 4086 πει(ι(ττίά
1026 4015 1086 4071 cod.
1162 4017 1213 4085 [11.
1232 4018 1249 4083 ἢ
1268 4009 1303 4068 ἐτῐ
1324 4017 1381 4089 ἀπό

243 4110 302 4165 cod‘.
351 4115 415 4174 κάν,
436 4131 492 4167 nou
511 4117 570 4180 καί,
590 4113 649 4167 cod.
705 4119 744 4165 15.
758 4119 818 4168 τῶν
828 4096 892 4179 όρῗ
903 4111 962 4164 eod.
1016 4111 1380 4176 ἐπικριθῆνυι,υοιιέπεκρ.,

243 4271 313 4342 eod]
351 4211 455 4326 1ῖ.ἐτίί
474 4271 533 4327 cod.
584 4281 621 4328 19.
636 4272 789 4339 ἀβυνίετω(
809 4271 943 4342 desen'psi
961 4289 976 4326 ο
995 4269 1096 4325 codiee.
1142 4275 1183 4322 20.
1198 4269 1301 4335 βιβλίου
1319 4269 1378 4324 cod.

242 4369 281 4418 21.
300 4370 387 4444 τοῦτο
405 4365 465 4419 cod.
535 4371 575 4419 26.
595 4369 737 4433 δυεμενεῑ(
756 4384 825 4420 οοττ.
843 4370 1012 4433 δυ(γενεῑ(.-
