<?xml version="1.0" encoding="UTF-8"?>
<!DOCTYPE html PUBLIC "-//W3C//DTD XHTML 1.0 Transitional//EN"
    "http://www.w3.org/TR/xhtml1/DTD/xhtml1-transitional.dtd">
<html xmlns="http://www.w3.org/1999/xhtml" xml:lang="en" lang="en">
 <head>
  <title>
</title>
<meta http-equiv="Content-Type" content="text/html;charset=utf-8" />
  <meta name='ocr-system' content='tesseract 3.04.00' />
  <meta name='ocr-capabilities' content='ocr_page ocr_carea ocr_par ocr_line ocrx_word'/>
</head>
<body>
  <div class='ocr_page' id='page_1' title='image "./fridericiritsch11wachgoog_0097.png"; bbox 0 0 3226 5096; ppageno 0'>
   <div class='ocr_carea' id='block_1_1' title="bbox 252 349 957 412">
    <p class='ocr_par' dir='ltr' id='par_1_1' title="bbox 252 349 957 412">
     <span class='ocr_line' id='line_1_1' title="bbox 252 349 957 412; baseline -0.003 0"><span class='ocrx_word' id='word_1_1' title='bbox 252 349 291 412; x_wconf 82' lang='grc'>76</span> <span class='ocrx_word' id='word_1_2' title='bbox 688 364 957 412; x_wconf 55' lang='grc' dir='ltr'>εἰιιοιιοιιοιίιιο.</span> 
     </span>
    </p>
   </div>
   <div class='ocr_carea' id='block_1_2' title="bbox 133 509 1398 4439">
    <p class='ocr_par' dir='ltr' id='par_1_2' title="bbox 247 509 1389 694">
     <span class='ocr_line' id='line_1_2' title="bbox 251 509 1389 598; baseline -0.001 -15"><span class='ocrx_word' id='word_1_3' title='bbox 251 521 308 584; x_wconf 88' lang='grc' dir='ltr'>τὸν</span> <span class='ocrx_word' id='word_1_4' title='bbox 338 518 494 596; x_wconf 83' lang='grc' dir='ltr'>Μιλήειον</span> <span class='ocrx_word' id='word_1_5' title='bbox 529 520 674 594; x_wconf 83' lang='grc' dir='ltr'>λέγουειν</span> <span class='ocrx_word' id='word_1_6' title='bbox 704 519 809 584; x_wconf 84' lang='grc' dir='ltr'>ἐπῶν</span> <span class='ocrx_word' id='word_1_7' title='bbox 839 516 919 584; x_wconf 85' lang='grc' dir='ltr'>ὄντα</span> <span class='ocrx_word' id='word_1_8' title='bbox 946 509 1026 598; x_wconf 69' lang='grc' dir='ltr'>’ΘΡς</span> <span class='ocrx_word' id='word_1_9' title='bbox 1055 515 1090 580; x_wconf 89' lang='grc' dir='ltr'>Ζ.</span> <span class='ocrx_word' id='word_1_10' title='bbox 1122 518 1176 580; x_wconf 81' lang='lat'>12:</span> <span class='ocrx_word' id='word_1_11' title='bbox 1296 518 1327 582; x_wconf 93' lang='grc' dir='ltr'>Π</span> <span class='ocrx_word' id='word_1_12' title='bbox 1356 517 1389 582; x_wconf 89' lang='grc' dir='ltr'>Μ</span> 
     </span>
     <span class='ocr_line' id='line_1_3' title="bbox 247 623 496 694; baseline 0.008 -2"><span class='ocrx_word' id='word_1_13' title='bbox 247 623 321 694; x_wconf 76' lang='grc' dir='ltr'>’ΔΥ</span> <span class='ocrx_word' id='word_1_14' title='bbox 346 665 496 690; x_wconf 87' lang='grc'>....--</span> 
     </span>
    </p>

    <p class='ocr_par' dir='ltr' id='par_1_3' title="bbox 251 737 1390 1048">
     <span class='ocr_line' id='line_1_4' title="bbox 336 737 1388 820; baseline 0.001 -21"><span class='ocrx_word' id='word_1_15' title='bbox 336 737 492 820; x_wconf 88' lang='lat' dir='ltr'><strong>Beispiele</strong></span> <span class='ocrx_word' id='word_1_16' title='bbox 524 739 576 801; x_wconf 70' lang='lat' dir='ltr'>fiir</span> <span class='ocrx_word' id='word_1_17' title='bbox 603 737 772 802; x_wconf 87' lang='lat' dir='ltr'><strong>Prosaiker</strong></span> <span class='ocrx_word' id='word_1_18' title='bbox 799 739 907 802; x_wconf 85' lang='lat' dir='ltr'><strong>finden</strong></span> <span class='ocrx_word' id='word_1_19' title='bbox 943 738 1010 803; x_wconf 80' lang='lat' dir='ltr'><strong>sich</strong></span> <span class='ocrx_word' id='word_1_20' title='bbox 1044 739 1096 802; x_wconf 90' lang='lat' dir='ltr'>bei</span> <span class='ocrx_word' id='word_1_21' title='bbox 1124 737 1237 803; x_wconf 83' lang='lat' dir='ltr'><strong>Suidas</strong></span> <span class='ocrx_word' id='word_1_22' title='bbox 1268 737 1388 800; x_wconf 88' lang='lat' dir='ltr'><strong>meines</strong></span> 
     </span>
     <span class='ocr_line' id='line_1_5' title="bbox 252 847 1390 932; baseline 0.002 -22"><span class='ocrx_word' id='word_1_23' title='bbox 252 847 396 910; x_wconf 83' lang='lat' dir='ltr'><strong>Wissens</strong></span> <span class='ocrx_word' id='word_1_24' title='bbox 423 847 513 910; x_wconf 79' lang='lat' dir='ltr'><strong>nieht</strong></span> <span class='ocrx_word' id='word_1_25' title='bbox 542 868 650 910; x_wconf 83' lang='lat' dir='ltr'><strong>ausser</strong></span> <span class='ocrx_word' id='word_1_26' title='bbox 674 848 727 932; x_wconf 82' lang='grc'>18)</span> <span class='ocrx_word' id='word_1_27' title='bbox 750 871 779 911; x_wconf 92' lang='lat' dir='ltr'>v.</span> <span class='ocrx_word' id='word_1_28' title='bbox 805 849 972 928; x_wconf 77' lang='grc' dir='ltr'>Ἀριετέαεῑ</span> <span class='ocrx_word' id='word_1_29' title='bbox 1001 849 1123 928; x_wconf 86' lang='grc' dir='ltr'>ἔγραψε</span> <span class='ocrx_word' id='word_1_30' title='bbox 1151 851 1187 913; x_wconf 87' lang='grc' dir='ltr'>δέ</span> <span class='ocrx_word' id='word_1_31' title='bbox 1216 847 1311 913; x_wconf 73' lang='grc' dir='ltr'>οὗτοι</span> <span class='ocrx_word' id='word_1_32' title='bbox 1339 849 1390 912; x_wconf 87' lang='grc' dir='ltr'>καί</span> 
     </span>
     <span class='ocr_line' id='line_1_6' title="bbox 251 956 1387 1048; baseline -0.003 -26"><span class='ocrx_word' id='word_1_33' title='bbox 251 959 471 1036; x_wconf 73' lang='grc' dir='ltr'>καταλογάδην</span> <span class='ocrx_word' id='word_1_34' title='bbox 499 957 670 1034; x_wconf 86' lang='grc' dir='ltr'>θεογονίαν</span> <span class='ocrx_word' id='word_1_35' title='bbox 697 957 740 1022; x_wconf 86' lang='grc' dir='ltr'>είε</span> <span class='ocrx_word' id='word_1_36' title='bbox 769 959 838 1036; x_wconf 86' lang='grc' dir='ltr'>ἔπη</span> <span class='ocrx_word' id='word_1_37' title='bbox 868 979 913 1048; x_wconf 61' lang='lat' dir='ltr'>,uu</span> <span class='ocrx_word' id='word_1_38' title='bbox 946 957 1011 1022; x_wconf 90' lang='lat' dir='ltr'>und</span> <span class='ocrx_word' id='word_1_39' title='bbox 1045 957 1129 1021; x_wconf 85' lang='lat' dir='ltr'><strong>wohl</strong></span> <span class='ocrx_word' id='word_1_40' title='bbox 1162 956 1243 1022; x_wconf 83' lang='lat' dir='ltr'><strong>auc-h</strong></span> <span class='ocrx_word' id='word_1_41' title='bbox 1278 957 1329 1041; x_wconf 82' lang='grc'>19)</span> <span class='ocrx_word' id='word_1_42' title='bbox 1357 979 1387 1020; x_wconf 90' lang='grc' dir='ltr'>ν.</span> 
     </span>
    </p>

    <p class='ocr_par' dir='ltr' id='par_1_4' title="bbox 133 1059 1389 1915">
     <span class='ocr_line' id='line_1_7' title="bbox 133 1059 1387 1151; baseline -0.001 -20"><span class='ocrx_word' id='word_1_43' title='bbox 133 1097 142 1124; x_wconf 73' lang='grc' dir='ltr'>ι</span> <span class='ocrx_word' id='word_1_44' title='bbox 251 1067 450 1147; x_wconf 82' lang='grc' dir='ltr'>Ἀνάχαρειε,</span> <span class='ocrx_word' id='word_1_45' title='bbox 474 1088 530 1130; x_wconf 85' lang='lat' dir='ltr'>aus</span> <span class='ocrx_word' id='word_1_46' title='bbox 546 1065 641 1151; x_wconf 81' lang='lat' dir='ltr'><strong>Diog.</strong></span> <span class='ocrx_word' id='word_1_47' title='bbox 661 1067 692 1148; x_wconf 87' lang='lat'>1,</span> <span class='ocrx_word' id='word_1_48' title='bbox 712 1067 787 1132; x_wconf 87' lang='lat'>101:</span> <span class='ocrx_word' id='word_1_49' title='bbox 811 1069 933 1147; x_wconf 87' lang='grc' dir='ltr'>ἔγραψε</span> <span class='ocrx_word' id='word_1_50' title='bbox 949 1069 1063 1148; x_wconf 92' lang='grc' dir='ltr'>νόμιμα</span> <span class='ocrx_word' id='word_1_51' title='bbox 1079 1059 1211 1134; x_wconf 79' lang='grc' dir='ltr'>(κυβικά</span> <span class='ocrx_word' id='word_1_52' title='bbox 1233 1068 1273 1131; x_wconf 82' lang='grc' dir='ltr'>δι’</span> <span class='ocrx_word' id='word_1_53' title='bbox 1287 1067 1387 1142; x_wconf 85' lang='grc' dir='ltr'>ἐπῶν,</span> 
     </span>
     <span class='ocr_line' id='line_1_8' title="bbox 251 1175 1389 1263; baseline 0 -23"><span class='ocrx_word' id='word_1_54' title='bbox 251 1178 322 1255; x_wconf 86' lang='grc' dir='ltr'>περὶ</span> <span class='ocrx_word' id='word_1_55' title='bbox 344 1175 502 1242; x_wconf 69' lang='grc' dir='ltr'>εὐτελείας</span> <span class='ocrx_word' id='word_1_56' title='bbox 520 1182 587 1242; x_wconf 90' lang='grc' dir='ltr'>τῶν</span> <span class='ocrx_word' id='word_1_57' title='bbox 610 1177 653 1242; x_wconf 77' lang='grc' dir='ltr'>εἰ(</span> <span class='ocrx_word' id='word_1_58' title='bbox 674 1177 734 1243; x_wconf 85' lang='grc' dir='ltr'>τὸν</span> <span class='ocrx_word' id='word_1_59' title='bbox 757 1176 962 1256; x_wconf 82' lang='grc' dir='ltr'>ἀνθρώπινον</span> <span class='ocrx_word' id='word_1_60' title='bbox 991 1180 1061 1258; x_wconf 91' lang='grc' dir='ltr'>βίον</span> <span class='ocrx_word' id='word_1_61' title='bbox 1085 1176 1146 1263; x_wconf 78' lang='grc' dir='ltr'>[καί</span> <span class='ocrx_word' id='word_1_62' title='bbox 1167 1179 1207 1242; x_wconf 89' lang='grc' dir='ltr'>τά</span> <span class='ocrx_word' id='word_1_63' title='bbox 1230 1178 1308 1242; x_wconf 91' lang='grc' dir='ltr'>κατὰ</span> <span class='ocrx_word' id='word_1_64' title='bbox 1329 1177 1389 1241; x_wconf 92' lang='grc' dir='ltr'>τὸν</span> 
     </span>
     <span class='ocr_line' id='line_1_9' title="bbox 250 1283 1389 1374; baseline -0.003 -23"><span class='ocrx_word' id='word_1_65' title='bbox 250 1285 407 1374; x_wconf 85' lang='grc' dir='ltr'>πόλεμον]</span> <span class='ocrx_word' id='word_1_66' title='bbox 436 1287 508 1364; x_wconf 87' lang='grc' dir='ltr'>ἐπη</span> <span class='ocrx_word' id='word_1_67' title='bbox 534 1283 594 1373; x_wconf 78' lang='grc' dir='ltr'>[τά]</span> <span class='ocrx_word' id='word_1_68' title='bbox 618 1287 724 1352; x_wconf 90' lang='grc' dir='ltr'>πάντα</span> <span class='ocrx_word' id='word_1_69' title='bbox 753 1287 969 1352; x_wconf 86' lang='grc' dir='ltr'>ὀκτακόεια.</span> <span class='ocrx_word' id='word_1_70' title='bbox 1015 1287 1170 1370; x_wconf 85' lang='lat' dir='ltr'><strong>Dagegen</strong></span> <span class='ocrx_word' id='word_1_71' title='bbox 1202 1287 1236 1349; x_wconf 92' lang='lat' dir='ltr'>in</span> <span class='ocrx_word' id='word_1_72' title='bbox 1266 1285 1389 1349; x_wconf 87' lang='lat' dir='ltr'><strong>reicher</strong></span> 
     </span>
     <span class='ocr_line' id='line_1_10' title="bbox 251 1393 1388 1479; baseline 0 -22"><span class='ocrx_word' id='word_1_73' title='bbox 251 1393 329 1457; x_wconf 86' lang='lat' dir='ltr'><strong>Zahl</strong></span> <span class='ocrx_word' id='word_1_74' title='bbox 358 1394 465 1458; x_wconf 77' lang='lat' dir='ltr'><strong>bieten</strong></span> <span class='ocrx_word' id='word_1_75' title='bbox 495 1395 540 1458; x_wconf 86' lang='lat' dir='ltr'>sie</span> <span class='ocrx_word' id='word_1_76' title='bbox 561 1394 722 1479; x_wconf 83' lang='lat' dir='ltr'>Diogenes</span> <span class='ocrx_word' id='word_1_77' title='bbox 744 1395 889 1460; x_wconf 75' lang='lat' dir='ltr'><strong>Laertius</strong></span> <span class='ocrx_word' id='word_1_78' title='bbox 919 1396 984 1460; x_wconf 85' lang='grc' dir='ltr'>ιιιιιί</span> <span class='ocrx_word' id='word_1_79' title='bbox 1015 1396 1183 1479; x_wconf 85' lang='lat' dir='ltr'><strong>Dionysius</strong></span> <span class='ocrx_word' id='word_1_80' title='bbox 1211 1396 1273 1458; x_wconf 80' lang='lat' dir='ltr'>von</span> <span class='ocrx_word' id='word_1_81' title='bbox 1299 1394 1388 1458; x_wconf 84' lang='lat' dir='ltr'><strong>Hali-</strong></span> 
     </span>
     <span class='ocr_line' id='line_1_11' title="bbox 250 1504 1388 1590; baseline 0.001 -23"><span class='ocrx_word' id='word_1_82' title='bbox 250 1504 400 1586; x_wconf 80' lang='lat' dir='ltr'><strong>karnasa3</strong></span> <span class='ocrx_word' id='word_1_83' title='bbox 415 1504 622 1568; x_wconf 72' lang='lat' dir='ltr'><strong>vereinzelter</strong></span> <span class='ocrx_word' id='word_1_84' title='bbox 634 1504 762 1588; x_wconf 82' lang='lat' dir='ltr'><strong>andere,</strong></span> <span class='ocrx_word' id='word_1_85' title='bbox 776 1505 836 1569; x_wconf 86' lang='lat' dir='ltr'>wie</span> <span class='ocrx_word' id='word_1_86' title='bbox 848 1505 903 1590; x_wconf 85' lang='grc'>20)</span> <span class='ocrx_word' id='word_1_87' title='bbox 917 1505 1147 1569; x_wconf 82' lang='lat' dir='ltr'><strong>Athenaeus</strong></span> <span class='ocrx_word' id='word_1_88' title='bbox 1159 1504 1206 1568; x_wconf 87' lang='lat' dir='ltr'>VI</span> <span class='ocrx_word' id='word_1_89' title='bbox 1223 1527 1253 1587; x_wconf 83' lang='lat' dir='ltr'>p.</span> <span class='ocrx_word' id='word_1_90' title='bbox 1267 1505 1330 1568; x_wconf 71' lang='lat'>244</span> <span class='ocrx_word' id='word_1_91' title='bbox 1348 1511 1388 1568; x_wconf 79' lang='lat' dir='ltr'>A:</span> 
     </span>
     <span class='ocr_line' id='line_1_12' title="bbox 249 1615 1388 1698; baseline 0.001 -20"><span class='ocrx_word' id='word_1_92' title='bbox 249 1619 308 1679; x_wconf 86' lang='grc' dir='ltr'>τοῦ</span> <span class='ocrx_word' id='word_1_93' title='bbox 332 1615 560 1696; x_wconf 78' lang='grc' dir='ltr'>Χαιρεφῶντα(</span> <span class='ocrx_word' id='word_1_94' title='bbox 582 1617 632 1680; x_wconf 87' lang='grc' dir='ltr'>καὶ</span> <span class='ocrx_word' id='word_1_95' title='bbox 653 1616 836 1695; x_wconf 83' lang='grc' dir='ltr'>εύγγραμμα</span> <span class='ocrx_word' id='word_1_96' title='bbox 862 1615 1042 1697; x_wconf 85' lang='grc' dir='ltr'>ἀναγράφει</span> <span class='ocrx_word' id='word_1_97' title='bbox 1066 1616 1263 1695; x_wconf 75' lang='grc' dir='ltr'>Καλλίμαχοι</span> <span class='ocrx_word' id='word_1_98' title='bbox 1285 1616 1321 1681; x_wconf 92' lang='grc' dir='ltr'>ἐν</span> <span class='ocrx_word' id='word_1_99' title='bbox 1343 1621 1388 1698; x_wconf 82' lang='grc' dir='ltr'>τῷ</span> 
     </span>
     <span class='ocr_line' id='line_1_13' title="bbox 250 1725 1389 1806; baseline 0.002 -18"><span class='ocrx_word' id='word_1_100' title='bbox 250 1729 317 1788; x_wconf 89' lang='grc' dir='ltr'>τῶν</span> <span class='ocrx_word' id='word_1_101' title='bbox 332 1729 553 1790; x_wconf 85' lang='grc' dir='ltr'>παντοδαπῶν</span> <span class='ocrx_word' id='word_1_102' title='bbox 573 1725 680 1791; x_wconf 91' lang='grc' dir='ltr'>πίνακι</span> <span class='ocrx_word' id='word_1_103' title='bbox 702 1726 841 1806; x_wconf 88' lang='grc' dir='ltr'>γράφων</span> <span class='ocrx_word' id='word_1_104' title='bbox 862 1725 982 1790; x_wconf 82' lang='grc' dir='ltr'>οὕτωε·</span> <span class='ocrx_word' id='word_1_105' title='bbox 1005 1728 1133 1791; x_wconf 89' lang='grc' dir='ltr'>Δεῑπνα</span> <span class='ocrx_word' id='word_1_106' title='bbox 1148 1725 1217 1789; x_wconf 86' lang='grc' dir='ltr'>ὅεοι</span> <span class='ocrx_word' id='word_1_107' title='bbox 1232 1727 1389 1804; x_wconf 88' lang='grc' dir='ltr'>ἔγραψαν.</span> 
     </span>
     <span class='ocr_line' id='line_1_14' title="bbox 251 1834 1388 1915; baseline -0.001 -17"><span class='ocrx_word' id='word_1_108' title='bbox 251 1834 423 1915; x_wconf 89' lang='grc' dir='ltr'>Χαιρεφῶν</span> <span class='ocrx_word' id='word_1_109' title='bbox 453 1835 635 1914; x_wconf 84' lang='grc' dir='ltr'>Κυρηβίωνι.</span> <span class='ocrx_word' id='word_1_110' title='bbox 666 1834 724 1900; x_wconf 80' lang='grc' dir='ltr'>εἷθ’</span> <span class='ocrx_word' id='word_1_111' title='bbox 754 1837 824 1913; x_wconf 82' lang='grc' dir='ltr'>έξῆε</span> <span class='ocrx_word' id='word_1_112' title='bbox 851 1838 908 1915; x_wconf 88' lang='grc' dir='ltr'>τὴν</span> <span class='ocrx_word' id='word_1_113' title='bbox 938 1835 1039 1915; x_wconf 81' lang='grc' dir='ltr'>ἀρχὴν</span> <span class='ocrx_word' id='word_1_114' title='bbox 1068 1835 1240 1914; x_wconf 88' lang='grc' dir='ltr'>ὑπέθηκεν·</span> <span class='ocrx_word' id='word_1_115' title='bbox 1265 1835 1388 1912; x_wconf 85' lang='grc' dir='ltr'>Ἐπειδή</span> 
     </span>
    </p>

    <p class='ocr_par' dir='ltr' id='par_1_5' title="bbox 199 1941 1398 4439">
     <span class='ocr_line' id='line_1_15' title="bbox 199 1941 1389 2028; baseline 0.003 -26"><span class='ocrx_word' id='word_1_116' title='bbox 199 1955 232 2002; x_wconf 78' lang='grc' dir='ltr'>οι</span> <span class='ocrx_word' id='word_1_117' title='bbox 250 1964 302 2022; x_wconf 92' lang='grc' dir='ltr'>μοι</span> <span class='ocrx_word' id='word_1_118' title='bbox 324 1944 478 2020; x_wconf 85' lang='grc' dir='ltr'>πολλάκιε</span> <span class='ocrx_word' id='word_1_119' title='bbox 505 1944 693 2011; x_wconf 83' lang='grc' dir='ltr'>ἐπέετειλαε.</span> <span class='ocrx_word' id='word_1_120' title='bbox 724 1945 867 2024; x_wconf 76' lang='grc' dir='ltr'>ετίχυιν</span> <span class='ocrx_word' id='word_1_121' title='bbox 895 1949 987 2010; x_wconf 83' lang='grc' dir='ltr'>τοε’.</span> <span class='ocrx_word' id='word_1_122' title='bbox 1011 1982 1054 1992; x_wconf 91' lang='grc'><strong>-</strong></span> <span class='ocrx_word' id='word_1_123' title='bbox 1080 1944 1136 2028; x_wconf 89' lang='grc'>21)</span> <span class='ocrx_word' id='word_1_124' title='bbox 1166 1943 1284 2006; x_wconf 77' lang='lat' dir='ltr'><strong>Athen.</strong></span> <span class='ocrx_word' id='word_1_125' title='bbox 1309 1941 1389 2006; x_wconf 84' lang='lat' dir='ltr'>XIII</span> 
     </span>
     <span class='ocr_line' id='line_1_16' title="bbox 251 2052 1389 2135; baseline 0.001 -19"><span class='ocrx_word' id='word_1_126' title='bbox 251 2075 282 2134; x_wconf 91' lang='lat' dir='ltr'>p.</span> <span class='ocrx_word' id='word_1_127' title='bbox 299 2052 363 2116; x_wconf 80' lang='lat'>585</span> <span class='ocrx_word' id='word_1_128' title='bbox 374 2057 417 2116; x_wconf 89' lang='lat' dir='ltr'>B:</span> <span class='ocrx_word' id='word_1_129' title='bbox 434 2053 597 2133; x_wconf 83' lang='grc' dir='ltr'>ἀνέγραψε</span> <span class='ocrx_word' id='word_1_130' title='bbox 613 2057 648 2119; x_wconf 85' lang='grc' dir='ltr'>δέ</span> <span class='ocrx_word' id='word_1_131' title='bbox 663 2054 763 2120; x_wconf 84' lang='grc' dir='ltr'>αὐτὸν</span> <span class='ocrx_word' id='word_1_132' title='bbox 780 2054 892 2133; x_wconf 83' lang='grc' dir='ltr'>(νόμον</span> <span class='ocrx_word' id='word_1_133' title='bbox 907 2056 978 2120; x_wconf 89' lang='grc' dir='ltr'>τινὰ</span> <span class='ocrx_word' id='word_1_134' title='bbox 993 2055 1174 2135; x_wconf 80' lang='grc' dir='ltr'>ευεειτικάν)</span> <span class='ocrx_word' id='word_1_135' title='bbox 1192 2053 1389 2132; x_wconf 87' lang='grc' dir='ltr'>Καλλίμαχοε</span> 
     </span>
     <span class='ocr_line' id='line_1_17' title="bbox 250 2147 1389 2247; baseline 0 -21"><span class='ocrx_word' id='word_1_136' title='bbox 250 2163 286 2226; x_wconf 84' lang='grc' dir='ltr'>ἐν</span> <span class='ocrx_word' id='word_1_137' title='bbox 308 2169 353 2247; x_wconf 83' lang='grc' dir='ltr'>τῷ</span> <span class='ocrx_word' id='word_1_138' title='bbox 376 2163 470 2247; x_wconf 85' lang='grc' dir='ltr'>τρίτῳ</span> <span class='ocrx_word' id='word_1_139' title='bbox 493 2163 598 2230; x_wconf 92' lang='grc' dir='ltr'>πίνακι</span> <span class='ocrx_word' id='word_1_140' title='bbox 621 2167 687 2229; x_wconf 86' lang='grc' dir='ltr'>τῶν</span> <span class='ocrx_word' id='word_1_141' title='bbox 710 2165 836 2243; x_wconf 89' lang='grc' dir='ltr'>νόμων,</span> <span class='ocrx_word' id='word_1_142' title='bbox 860 2166 910 2228; x_wconf 89' lang='grc' dir='ltr'>καλ</span> <span class='ocrx_word' id='word_1_143' title='bbox 931 2165 1033 2244; x_wconf 88' lang='grc' dir='ltr'>ἀρχὴν</span> <span class='ocrx_word' id='word_1_144' title='bbox 1051 2165 1152 2229; x_wconf 86' lang='grc' dir='ltr'>αὐτοῦ</span> <span class='ocrx_word' id='word_1_145' title='bbox 1175 2147 1270 2241; x_wconf 77' lang='grc' dir='ltr'>τήνδε</span> <span class='ocrx_word' id='word_1_146' title='bbox 1291 2163 1389 2242; x_wconf 90' lang='grc' dir='ltr'>παρέ-</span> 
     </span>
     <span class='ocr_line' id='line_1_18' title="bbox 250 2273 1389 2356; baseline -0.001 -20"><span class='ocrx_word' id='word_1_147' title='bbox 250 2277 333 2336; x_wconf 80' lang='grc' dir='ltr'>Θετο·</span> <span class='ocrx_word' id='word_1_148' title='bbox 363 2273 441 2338; x_wconf 72' lang='lat' dir='ltr'><strong>“oue</strong></span> <span class='ocrx_word' id='word_1_149' title='bbox 464 2273 483 2336; x_wconf 87' lang='grc' dir='ltr'>δ</span> <span class='ocrx_word' id='word_1_150' title='bbox 506 2273 604 2352; x_wconf 86' lang='grc' dir='ltr'>νόμοε</span> <span class='ocrx_word' id='word_1_151' title='bbox 634 2273 701 2338; x_wconf 86' lang='grc' dir='ltr'>ίεοε</span> <span class='ocrx_word' id='word_1_152' title='bbox 728 2274 853 2356; x_wconf 87' lang='grc' dir='ltr'>ἐγράφη</span> <span class='ocrx_word' id='word_1_153' title='bbox 881 2275 930 2338; x_wconf 89' lang='grc' dir='ltr'>καὶ</span> <span class='ocrx_word' id='word_1_154' title='bbox 958 2273 1079 2353; x_wconf 84' lang='grc' dir='ltr'>δμοιοε.</span> <span class='ocrx_word' id='word_1_155' title='bbox 1109 2273 1251 2353; x_wconf 86' lang='grc' dir='ltr'>ετίχων</span> <span class='ocrx_word' id='word_1_156' title='bbox 1280 2291 1389 2352; x_wconf 85' lang='grc' dir='ltr'>τρια-</span> 
     </span>
     <span class='ocr_line' id='line_1_19' title="bbox 252 2381 1387 2468; baseline 0 -24"><span class='ocrx_word' id='word_1_157' title='bbox 252 2381 402 2466; x_wconf 44' lang='grc' dir='ltr'>κοείιιιν,</span> <span class='ocrx_word' id='word_1_158' title='bbox 415 2381 540 2446; x_wconf 85' lang='grc' dir='ltr'>είκοει</span> <span class='ocrx_word' id='word_1_159' title='bbox 562 2387 690 2462; x_wconf 91' lang='grc' dir='ltr'>τριῶν.</span> <span class='ocrx_word' id='word_1_160' title='bbox 711 2421 745 2430; x_wconf 89' lang='lat'><em>-</em></span> <span class='ocrx_word' id='word_1_161' title='bbox 763 2383 819 2468; x_wconf 90' lang='grc'>22)</span> <span class='ocrx_word' id='word_1_162' title='bbox 835 2382 1085 2452; x_wconf 77' lang='lat' dir='ltr'><strong>Lucienusde</strong></span> <span class='ocrx_word' id='word_1_163' title='bbox 1102 2381 1258 2446; x_wconf 81' lang='lat' dir='ltr'><strong>conscrib.</strong></span> <span class='ocrx_word' id='word_1_164' title='bbox 1275 2381 1387 2444; x_wconf 74' lang='lat' dir='ltr'><strong>hisnu.</strong></span> 
     </span>
     <span class='ocr_line' id='line_1_20' title="bbox 251 2491 1388 2573; baseline 0 -19"><span class='ocrx_word' id='word_1_165' title='bbox 251 2513 278 2554; x_wconf 90' lang='grc' dir='ltr'>ο.</span> <span class='ocrx_word' id='word_1_166' title='bbox 298 2491 351 2555; x_wconf 84' lang='lat'>19:</span> <span class='ocrx_word' id='word_1_167' title='bbox 375 2493 393 2571; x_wconf 87' lang='grc' dir='ltr'>ἡ</span> <span class='ocrx_word' id='word_1_168' title='bbox 416 2493 474 2571; x_wconf 85' lang='grc' dir='ltr'>μὲν</span> <span class='ocrx_word' id='word_1_169' title='bbox 496 2492 558 2572; x_wconf 88' lang='grc' dir='ltr'>γὰρ</span> <span class='ocrx_word' id='word_1_170' title='bbox 574 2493 779 2570; x_wconf 82' lang='grc' dir='ltr'>Οὐολογέεου</span> <span class='ocrx_word' id='word_1_171' title='bbox 802 2493 949 2572; x_wconf 82' lang='grc' dir='ltr'>άναξυρλε</span> <span class='ocrx_word' id='word_1_172' title='bbox 972 2494 1172 2573; x_wconf 79' lang='grc' dir='ltr'>ἢδχαλινὸε</span> <span class='ocrx_word' id='word_1_173' title='bbox 1195 2496 1253 2557; x_wconf 92' lang='grc' dir='ltr'>τοῦ</span> <span class='ocrx_word' id='word_1_174' title='bbox 1274 2492 1388 2568; x_wconf 83' lang='grc' dir='ltr'>ἵππου,</span> 
     </span>
     <span class='ocr_line' id='line_1_21' title="bbox 249 2601 1398 2700; baseline -0.003 -35"><span class='ocrx_word' id='word_1_175' title='bbox 249 2602 425 2680; x_wconf 72' lang='grc' dir='ltr'>Ἡράκλεια,</span> <span class='ocrx_word' id='word_1_176' title='bbox 449 2601 519 2666; x_wconf 70' lang='lat' dir='ltr'>aa</span> <span class='ocrx_word' id='word_1_177' title='bbox 541 2603 726 2682; x_wconf 84' lang='grc' dir='ltr'>μυριάδεε</span> <span class='ocrx_word' id='word_1_178' title='bbox 748 2604 854 2669; x_wconf 85' lang='grc' dir='ltr'>ἐπῶν</span> <span class='ocrx_word' id='word_1_179' title='bbox 877 2603 1009 2668; x_wconf 86' lang='grc' dir='ltr'>έκαετον</span> <span class='ocrx_word' id='word_1_180' title='bbox 1030 2603 1157 2667; x_wconf 84' lang='grc' dir='ltr'>τούτων</span> <span class='ocrx_word' id='word_1_181' title='bbox 1180 2625 1210 2666; x_wconf 92' lang='lat' dir='ltr'>u.</span> <span class='ocrx_word' id='word_1_182' title='bbox 1235 2625 1260 2665; x_wconf 86' lang='lat' dir='ltr'>s.</span> <span class='ocrx_word' id='word_1_183' title='bbox 1284 2624 1323 2663; x_wconf 85' lang='lat' dir='ltr'>w.</span> <span class='ocrx_word' id='word_1_184' title='bbox 1346 2639 1398 2700; x_wconf 73' lang='lat'>--¹</span> 
     </span>
     <span class='ocr_line' id='line_1_22' title="bbox 249 2709 1388 2794; baseline 0.003 -21"><span class='ocrx_word' id='word_1_185' title='bbox 249 2711 305 2794; x_wconf 85' lang='grc'>23)</span> <span class='ocrx_word' id='word_1_186' title='bbox 322 2709 445 2774; x_wconf 85' lang='lat' dir='ltr'><strong>Ebeud.</strong></span> <span class='ocrx_word' id='word_1_187' title='bbox 463 2733 490 2775; x_wconf 88' lang='lat' dir='ltr'>c.</span> <span class='ocrx_word' id='word_1_188' title='bbox 507 2712 563 2776; x_wconf 78' lang='lat'>28:</span> <span class='ocrx_word' id='word_1_189' title='bbox 587 2713 682 2789; x_wconf 75' lang='grc' dir='ltr'>ἔγωγ’</span> <span class='ocrx_word' id='word_1_190' title='bbox 698 2712 757 2778; x_wconf 86' lang='grc' dir='ltr'>οὖν</span> <span class='ocrx_word' id='word_1_191' title='bbox 772 2712 891 2791; x_wconf 85' lang='grc' dir='ltr'>ἤκουεά</span> <span class='ocrx_word' id='word_1_192' title='bbox 911 2731 998 2777; x_wconf 86' lang='grc' dir='ltr'>τινοε</span> <span class='ocrx_word' id='word_1_193' title='bbox 1018 2714 1076 2791; x_wconf 86' lang='grc' dir='ltr'>τὴν</span> <span class='ocrx_word' id='word_1_194' title='bbox 1099 2713 1156 2790; x_wconf 80' lang='grc' dir='ltr'>μὲν</span> <span class='ocrx_word' id='word_1_195' title='bbox 1178 2713 1228 2777; x_wconf 83' lang='grc' dir='ltr'>ἐπ’</span> <span class='ocrx_word' id='word_1_196' title='bbox 1244 2711 1388 2794; x_wconf 85' lang='grc' dir='ltr'>Εὐρώπῳ</span> 
     </span>
     <span class='ocr_line' id='line_1_23' title="bbox 250 2821 1389 2902; baseline 0.003 -19"><span class='ocrx_word' id='word_1_197' title='bbox 250 2821 352 2900; x_wconf 88' lang='grc' dir='ltr'>μάχην</span> <span class='ocrx_word' id='word_1_198' title='bbox 375 2821 411 2886; x_wconf 93' lang='grc' dir='ltr'>ἐν</span> <span class='ocrx_word' id='word_1_199' title='bbox 435 2821 504 2885; x_wconf 79' lang='grc' dir='ltr'>οὐδ’</span> <span class='ocrx_word' id='word_1_200' title='bbox 527 2821 615 2887; x_wconf 72' lang='grc' dir='ltr'>ὅλοι(</span> <span class='ocrx_word' id='word_1_201' title='bbox 638 2823 735 2887; x_wconf 88' lang='grc' dir='ltr'>ἑπτά</span> <span class='ocrx_word' id='word_1_202' title='bbox 762 2821 870 2887; x_wconf 85' lang='grc' dir='ltr'>ἔπεει</span> <span class='ocrx_word' id='word_1_203' title='bbox 899 2823 1180 2902; x_wconf 86' lang='grc' dir='ltr'>παραδραμόντοε,</span> <span class='ocrx_word' id='word_1_204' title='bbox 1209 2821 1330 2887; x_wconf 87' lang='grc' dir='ltr'>είκοει</span> <span class='ocrx_word' id='word_1_205' title='bbox 1353 2823 1389 2886; x_wconf 85' lang='grc' dir='ltr'>δὲ</span> 
     </span>
     <span class='ocr_line' id='line_1_24' title="bbox 250 2929 1388 3014; baseline 0.005 -23"><span class='ocrx_word' id='word_1_206' title='bbox 250 2951 280 2992; x_wconf 90' lang='grc' dir='ltr'>υ.</span> <span class='ocrx_word' id='word_1_207' title='bbox 304 2952 330 2992; x_wconf 84' lang='lat' dir='ltr'>s.</span> <span class='ocrx_word' id='word_1_208' title='bbox 354 2951 393 2993; x_wconf 87' lang='lat' dir='ltr'>w.</span> <span class='ocrx_word' id='word_1_209' title='bbox 416 2967 457 2977; x_wconf 93' lang='lat'>—</span> <span class='ocrx_word' id='word_1_210' title='bbox 477 2929 533 3014; x_wconf 89' lang='grc'>24)</span> <span class='ocrx_word' id='word_1_211' title='bbox 556 2930 679 2994; x_wconf 77' lang='lat' dir='ltr'><strong>Ebend.</strong></span> <span class='ocrx_word' id='word_1_212' title='bbox 705 2953 731 2994; x_wconf 86' lang='lat' dir='ltr'>e.</span> <span class='ocrx_word' id='word_1_213' title='bbox 755 2931 812 2996; x_wconf 88' lang='lat'>30:</span> <span class='ocrx_word' id='word_1_214' title='bbox 836 2933 881 2997; x_wconf 86' lang='grc' dir='ltr'>εἷε</span> <span class='ocrx_word' id='word_1_215' title='bbox 902 2933 938 2997; x_wconf 89' lang='grc' dir='ltr'>δέ</span> <span class='ocrx_word' id='word_1_216' title='bbox 959 2951 1005 2996; x_wconf 84' lang='grc' dir='ltr'>τιε</span> <span class='ocrx_word' id='word_1_217' title='bbox 1029 2933 1186 3012; x_wconf 86' lang='grc' dir='ltr'>βέλτιετοε</span> <span class='ocrx_word' id='word_1_218' title='bbox 1208 2931 1333 3004; x_wconf 80' lang='grc' dir='ltr'>ἅπαντα</span> <span class='ocrx_word' id='word_1_219' title='bbox 1355 2931 1388 2997; x_wconf 85' lang='grc' dir='ltr'>ἐξ</span> 
     </span>
     <span class='ocr_line' id='line_1_25' title="bbox 250 3039 1387 3124; baseline 0.001 -20"><span class='ocrx_word' id='word_1_220' title='bbox 250 3039 349 3118; x_wconf 72' lang='grc' dir='ltr'>ἀρχῆς</span> <span class='ocrx_word' id='word_1_221' title='bbox 372 3039 405 3104; x_wconf 85' lang='grc' dir='ltr'>ἐε</span> <span class='ocrx_word' id='word_1_222' title='bbox 425 3041 518 3105; x_wconf 86' lang='grc' dir='ltr'>τέλοε</span> <span class='ocrx_word' id='word_1_223' title='bbox 540 3042 579 3105; x_wconf 90' lang='grc' dir='ltr'>τά</span> <span class='ocrx_word' id='word_1_224' title='bbox 601 3043 825 3122; x_wconf 87' lang='grc' dir='ltr'>πεπραγμένα,</span> <span class='ocrx_word' id='word_1_225' title='bbox 849 3041 908 3106; x_wconf 86' lang='grc' dir='ltr'>ὁέα</span> <span class='ocrx_word' id='word_1_226' title='bbox 922 3041 959 3106; x_wconf 90' lang='grc' dir='ltr'>ἐν</span> <span class='ocrx_word' id='word_1_227' title='bbox 975 3042 1135 3124; x_wconf 85' lang='grc' dir='ltr'>Ἀρμενίᾳ,</span> <span class='ocrx_word' id='word_1_228' title='bbox 1160 3041 1218 3106; x_wconf 74' lang='grc' dir='ltr'>ὅκα</span> <span class='ocrx_word' id='word_1_229' title='bbox 1232 3041 1268 3106; x_wconf 88' lang='grc' dir='ltr'>ἐν</span> <span class='ocrx_word' id='word_1_230' title='bbox 1284 3040 1387 3123; x_wconf 79' lang='grc' dir='ltr'>(υρίᾳ,</span> 
     </span>
     <span class='ocr_line' id='line_1_26' title="bbox 251 3148 1388 3234; baseline 0.002 -22"><span class='ocrx_word' id='word_1_231' title='bbox 251 3148 310 3213; x_wconf 86' lang='grc' dir='ltr'>άεα</span> <span class='ocrx_word' id='word_1_232' title='bbox 332 3149 368 3213; x_wconf 92' lang='grc' dir='ltr'>ἐν</span> <span class='ocrx_word' id='word_1_233' title='bbox 393 3151 635 3234; x_wconf 84' lang='grc' dir='ltr'>Μεεοποταμίᾳ,</span> <span class='ocrx_word' id='word_1_234' title='bbox 662 3153 702 3216; x_wconf 88' lang='grc' dir='ltr'>τά</span> <span class='ocrx_word' id='word_1_235' title='bbox 729 3152 781 3216; x_wconf 86' lang='grc' dir='ltr'>ἐπὶ</span> <span class='ocrx_word' id='word_1_236' title='bbox 802 3151 942 3232; x_wconf 89' lang='grc' dir='ltr'>Τίγρητι,</span> <span class='ocrx_word' id='word_1_237' title='bbox 970 3153 1010 3216; x_wconf 90' lang='grc' dir='ltr'>τὰ</span> <span class='ocrx_word' id='word_1_238' title='bbox 1035 3152 1071 3217; x_wconf 90' lang='grc' dir='ltr'>ἐν</span> <span class='ocrx_word' id='word_1_239' title='bbox 1095 3151 1215 3230; x_wconf 84' lang='grc' dir='ltr'>Μηδίᾳ,</span> <span class='ocrx_word' id='word_1_240' title='bbox 1244 3171 1388 3215; x_wconf 79' lang='grc' dir='ltr'>πεντα·</span> 
     </span>
     <span class='ocr_line' id='line_1_27' title="bbox 252 3258 1387 3342; baseline -0.001 -20"><span class='ocrx_word' id='word_1_241' title='bbox 252 3259 398 3324; x_wconf 85' lang='grc' dir='ltr'>κοείοιε</span> <span class='ocrx_word' id='word_1_242' title='bbox 421 3260 490 3325; x_wconf 83' lang='grc' dir='ltr'>οὐδ’</span> <span class='ocrx_word' id='word_1_243' title='bbox 512 3259 601 3325; x_wconf 79' lang='grc' dir='ltr'>ὅλοι(</span> <span class='ocrx_word' id='word_1_244' title='bbox 624 3261 710 3326; x_wconf 81' lang='grc' dir='ltr'>ἔπεα</span> <span class='ocrx_word' id='word_1_245' title='bbox 731 3262 929 3341; x_wconf 83' lang='grc' dir='ltr'>περιλαβὼν,</span> <span class='ocrx_word' id='word_1_246' title='bbox 957 3261 1147 3339; x_wconf 86' lang='grc' dir='ltr'>ευνέγραψε.</span> <span class='ocrx_word' id='word_1_247' title='bbox 1170 3296 1212 3307; x_wconf 90' lang='grc'>-</span> <span class='ocrx_word' id='word_1_248' title='bbox 1234 3259 1290 3342; x_wconf 84' lang='grc'>25)</span> <span class='ocrx_word' id='word_1_249' title='bbox 1314 3258 1387 3322; x_wconf 89' lang='lat' dir='ltr'>Ga-</span> 
     </span>
     <span class='ocr_line' id='line_1_28' title="bbox 249 3364 1387 3453; baseline 0 -23"><span class='ocrx_word' id='word_1_250' title='bbox 249 3367 366 3432; x_wconf 85' lang='lat' dir='ltr'><strong>lenus</strong></span> <span class='ocrx_word' id='word_1_251' title='bbox 399 3368 438 3432; x_wconf 89' lang='lat' dir='ltr'>de</span> <span class='ocrx_word' id='word_1_252' title='bbox 471 3372 611 3433; x_wconf 73' lang='lat' dir='ltr'><strong>anatum.</strong></span> <span class='ocrx_word' id='word_1_253' title='bbox 647 3370 824 3434; x_wconf 85' lang='lat' dir='ltr'><strong>administr.</strong></span> <span class='ocrx_word' id='word_1_254' title='bbox 853 3369 869 3432; x_wconf 96' lang='grc' dir='ltr'>Ι</span> <span class='ocrx_word' id='word_1_255' title='bbox 899 3391 925 3433; x_wconf 89' lang='grc' dir='ltr'>ο.</span> <span class='ocrx_word' id='word_1_256' title='bbox 956 3370 975 3434; x_wconf 93' lang='grc'>3</span> <span class='ocrx_word' id='word_1_257' title='bbox 1004 3369 1080 3453; x_wconf 80' lang='grc' dir='ltr'>(κοί.</span> <span class='ocrx_word' id='word_1_258' title='bbox 1109 3368 1141 3432; x_wconf 94' lang='grc' dir='ltr'>Π</span> <span class='ocrx_word' id='word_1_259' title='bbox 1169 3391 1200 3451; x_wconf 90' lang='lat' dir='ltr'>p.</span> <span class='ocrx_word' id='word_1_260' title='bbox 1225 3367 1286 3431; x_wconf 84' lang='grc'>227</span> <span class='ocrx_word' id='word_1_261' title='bbox 1315 3364 1387 3450; x_wconf 80' lang='grc' dir='ltr'>Κ.);</span> 
     </span>
     <span class='ocr_line' id='line_1_29' title="bbox 250 3477 1387 3560; baseline -0.003 -16"><span class='ocrx_word' id='word_1_262' title='bbox 250 3478 355 3544; x_wconf 88' lang='grc' dir='ltr'>Λύκου</span> <span class='ocrx_word' id='word_1_263' title='bbox 378 3501 405 3544; x_wconf 85' lang='grc' dir='ltr'>τι</span> <span class='ocrx_word' id='word_1_264' title='bbox 428 3479 611 3560; x_wconf 87' lang='grc' dir='ltr'>εύγγραμμα</span> <span class='ocrx_word' id='word_1_265' title='bbox 632 3485 692 3547; x_wconf 86' lang='grc' dir='ltr'>νῦν</span> <span class='ocrx_word' id='word_1_266' title='bbox 713 3481 785 3559; x_wconf 83' lang='grc' dir='ltr'>ἡμῖν</span> <span class='ocrx_word' id='word_1_267' title='bbox 801 3480 947 3559; x_wconf 80' lang='grc' dir='ltr'>ἐκομίεθη</span> <span class='ocrx_word' id='word_1_268' title='bbox 970 3483 1080 3560; x_wconf 87' lang='grc' dir='ltr'>μικροῦ</span> <span class='ocrx_word' id='word_1_269' title='bbox 1102 3481 1170 3544; x_wconf 86' lang='grc' dir='ltr'>δεῖν</span> <span class='ocrx_word' id='word_1_270' title='bbox 1186 3477 1229 3544; x_wconf 84' lang='grc' dir='ltr'>είε</span> <span class='ocrx_word' id='word_1_271' title='bbox 1245 3498 1387 3543; x_wconf 85' lang='grc' dir='ltr'>πεντα-</span> 
     </span>
     <span class='ocr_line' id='line_1_30' title="bbox 250 3585 1386 3672; baseline -0.003 -20"><span class='ocrx_word' id='word_1_272' title='bbox 250 3589 470 3667; x_wconf 82' lang='grc' dir='ltr'>κιεχιλίουε</span> <span class='ocrx_word' id='word_1_273' title='bbox 499 3589 654 3669; x_wconf 81' lang='grc' dir='ltr'>ετίχουε</span> <span class='ocrx_word' id='word_1_274' title='bbox 682 3589 901 3669; x_wconf 86' lang='grc' dir='ltr'>ἐκτεταμένον.</span> <span class='ocrx_word' id='word_1_275' title='bbox 925 3625 968 3637; x_wconf 89' lang='grc'><strong>-</strong></span> <span class='ocrx_word' id='word_1_276' title='bbox 988 3589 1044 3672; x_wconf 92' lang='grc'>26)</span> <span class='ocrx_word' id='word_1_277' title='bbox 1068 3586 1140 3652; x_wconf 86' lang='lat' dir='ltr'><strong>Gal.</strong></span> <span class='ocrx_word' id='word_1_278' title='bbox 1169 3587 1204 3650; x_wconf 89' lang='lat' dir='ltr'>in</span> <span class='ocrx_word' id='word_1_279' title='bbox 1232 3585 1386 3670; x_wconf 85' lang='lat' dir='ltr'>Hippocr.</span> 
     </span>
     <span class='ocr_line' id='line_1_31' title="bbox 250 3697 1388 3782; baseline -0.001 -21"><span class='ocrx_word' id='word_1_280' title='bbox 250 3697 289 3761; x_wconf 87' lang='lat' dir='ltr'>de</span> <span class='ocrx_word' id='word_1_281' title='bbox 318 3702 384 3762; x_wconf 79' lang='lat' dir='ltr'><strong>nat.</strong></span> <span class='ocrx_word' id='word_1_282' title='bbox 414 3697 498 3762; x_wconf 90' lang='lat' dir='ltr'><strong>hom.</strong></span> <span class='ocrx_word' id='word_1_283' title='bbox 523 3698 555 3762; x_wconf 90' lang='lat'>11</span> <span class='ocrx_word' id='word_1_284' title='bbox 578 3703 597 3780; x_wconf 73' lang='grc' dir='ltr'>β</span> <span class='ocrx_word' id='word_1_285' title='bbox 623 3700 638 3762; x_wconf 90' lang='grc'><strong>1</strong></span> <span class='ocrx_word' id='word_1_286' title='bbox 663 3697 738 3782; x_wconf 84' lang='lat' dir='ltr'>(XV</span> <span class='ocrx_word' id='word_1_287' title='bbox 763 3721 794 3782; x_wconf 84' lang='lat' dir='ltr'>p.</span> <span class='ocrx_word' id='word_1_288' title='bbox 822 3699 911 3777; x_wconf 69' lang='lat' dir='ltr'>lIOI:</span> <span class='ocrx_word' id='word_1_289' title='bbox 939 3698 1053 3777; x_wconf 85' lang='grc' dir='ltr'>ταύτηε</span> <span class='ocrx_word' id='word_1_290' title='bbox 1081 3697 1158 3776; x_wconf 86' lang='grc' dir='ltr'>άληε</span> <span class='ocrx_word' id='word_1_291' title='bbox 1184 3700 1239 3777; x_wconf 84' lang='grc' dir='ltr'>τὴε</span> <span class='ocrx_word' id='word_1_292' title='bbox 1268 3697 1388 3776; x_wconf 82' lang='grc' dir='ltr'>ῥήεεωε</span> 
     </span>
     <span class='ocr_line' id='line_1_32' title="bbox 251 3807 1388 3889; baseline -0.001 -17"><span class='ocrx_word' id='word_1_293' title='bbox 251 3807 414 3872; x_wconf 86' lang='grc' dir='ltr'>έκάετου</span> <span class='ocrx_word' id='word_1_294' title='bbox 444 3809 577 3887; x_wconf 86' lang='grc' dir='ltr'>ετίχου</span> <span class='ocrx_word' id='word_1_295' title='bbox 599 3810 807 3889; x_wconf 75' lang='grc' dir='ltr'>Διοικορίδηε</span> <span class='ocrx_word' id='word_1_296' title='bbox 836 3809 1024 3888; x_wconf 86' lang='grc' dir='ltr'>προέγραψε</span> <span class='ocrx_word' id='word_1_297' title='bbox 1047 3811 1174 3885; x_wconf 86' lang='grc' dir='ltr'>εημεῐον</span> <span class='ocrx_word' id='word_1_298' title='bbox 1197 3809 1216 3872; x_wconf 88' lang='grc' dir='ltr'><strong><em>ὃ</em></strong></span> <span class='ocrx_word' id='word_1_299' title='bbox 1239 3809 1388 3871; x_wconf 86' lang='grc' dir='ltr'>καλοῦειν</span> 
     </span>
     <span class='ocr_line' id='line_1_33' title="bbox 250 3914 1388 4001; baseline -0.002 -19"><span class='ocrx_word' id='word_1_300' title='bbox 250 3917 377 3998; x_wconf 88' lang='grc' dir='ltr'>ὀβελόν.</span> <span class='ocrx_word' id='word_1_301' title='bbox 397 3953 433 3964; x_wconf 89' lang='grc'>-</span> <span class='ocrx_word' id='word_1_302' title='bbox 456 3917 512 4000; x_wconf 88' lang='grc'>27)</span> <span class='ocrx_word' id='word_1_303' title='bbox 536 3917 607 3982; x_wconf 87' lang='lat' dir='ltr'><strong>Gal.</strong></span> <span class='ocrx_word' id='word_1_304' title='bbox 632 3917 708 3981; x_wconf 90' lang='lat' dir='ltr'><strong>ibid.</strong></span> <span class='ocrx_word' id='word_1_305' title='bbox 732 3917 747 3982; x_wconf 96' lang='lat' dir='ltr'>I</span> <span class='ocrx_word' id='word_1_306' title='bbox 770 3938 908 4001; x_wconf 90' lang='lat' dir='ltr'><strong>prooem.</strong></span> <span class='ocrx_word' id='word_1_307' title='bbox 933 3940 964 4000; x_wconf 86' lang='lat' dir='ltr'>p.</span> <span class='ocrx_word' id='word_1_308' title='bbox 989 3916 1023 3980; x_wconf 85' lang='lat'>9:</span> <span class='ocrx_word' id='word_1_309' title='bbox 1046 3917 1164 3981; x_wconf 89' lang='grc' dir='ltr'>τούτου</span> <span class='ocrx_word' id='word_1_310' title='bbox 1185 3919 1244 3980; x_wconf 90' lang='grc' dir='ltr'>τοῡ</span> <span class='ocrx_word' id='word_1_311' title='bbox 1268 3914 1388 3996; x_wconf 89' lang='grc' dir='ltr'>βιβλίου</span> 
     </span>
     <span class='ocr_line' id='line_1_34' title="bbox 250 4026 1387 4108; baseline -0.004 -16"><span class='ocrx_word' id='word_1_312' title='bbox 250 4029 288 4092; x_wconf 92' lang='grc' dir='ltr'>τὸ</span> <span class='ocrx_word' id='word_1_313' title='bbox 310 4029 367 4107; x_wconf 88' lang='grc' dir='ltr'>μέν</span> <span class='ocrx_word' id='word_1_314' title='bbox 389 4065 431 4079; x_wconf 81' lang='lat'>-</span> <span class='ocrx_word' id='word_1_315' title='bbox 451 4065 494 4076; x_wconf 93' lang='lat'>—</span> <span class='ocrx_word' id='word_1_316' title='bbox 517 4028 612 4108; x_wconf 85' lang='grc' dir='ltr'>μέροε</span> <span class='ocrx_word' id='word_1_317' title='bbox 635 4029 672 4093; x_wconf 87' lang='grc' dir='ltr'>τὸ</span> <span class='ocrx_word' id='word_1_318' title='bbox 694 4035 827 4107; x_wconf 89' lang='grc' dir='ltr'>πρῶτον</span> <span class='ocrx_word' id='word_1_319' title='bbox 849 4029 892 4092; x_wconf 85' lang='grc' dir='ltr'>εἰε</span> <span class='ocrx_word' id='word_1_320' title='bbox 920 4026 1146 4092; x_wconf 81' lang='grc' dir='ltr'>διακοείουε</span> <span class='ocrx_word' id='word_1_321' title='bbox 1168 4027 1231 4089; x_wconf 88' lang='grc' dir='ltr'>καί</span> <span class='ocrx_word' id='word_1_322' title='bbox 1256 4044 1387 4091; x_wconf 82' lang='grc' dir='ltr'>τεεεα-</span> 
     </span>
     <span class='ocr_line' id='line_1_35' title="bbox 251 4130 1390 4222; baseline -0.004 -20"><span class='ocrx_word' id='word_1_323' title='bbox 251 4137 424 4218; x_wconf 89' lang='grc' dir='ltr'>ράκοντα</span> <span class='ocrx_word' id='word_1_324' title='bbox 457 4139 614 4217; x_wconf 81' lang='grc' dir='ltr'>ετίχουε</span> <span class='ocrx_word' id='word_1_325' title='bbox 646 4139 762 4216; x_wconf 82' lang='grc' dir='ltr'>ἐξήκει,</span> <span class='ocrx_word' id='word_1_326' title='bbox 793 4136 858 4222; x_wconf 80' lang='lat' dir='ltr'><strong>vgl.</strong></span> <span class='ocrx_word' id='word_1_327' title='bbox 893 4158 924 4219; x_wconf 93' lang='lat' dir='ltr'>p.</span> <span class='ocrx_word' id='word_1_328' title='bbox 960 4135 1035 4200; x_wconf 85' lang='lat'>106:</span> <span class='ocrx_word' id='word_1_329' title='bbox 1068 4130 1136 4214; x_wconf 91' lang='grc' dir='ltr'>μηδ’</span> <span class='ocrx_word' id='word_1_330' title='bbox 1170 4137 1205 4201; x_wconf 91' lang='grc' dir='ltr'>ἐν</span> <span class='ocrx_word' id='word_1_331' title='bbox 1238 4133 1390 4213; x_wconf 86' lang='grc' dir='ltr'>ετίχοιε</span> 
     </span>
     <span class='ocr_line' id='line_1_36' title="bbox 250 4243 1387 4332; baseline -0.002 -22"><span class='ocrx_word' id='word_1_332' title='bbox 250 4246 339 4312; x_wconf 85' lang='grc' dir='ltr'>ὅλοιε</span> <span class='ocrx_word' id='word_1_333' title='bbox 366 4248 618 4326; x_wconf 81' lang='grc' dir='ltr'>τριακοεῖοιε.</span> <span class='ocrx_word' id='word_1_334' title='bbox 643 4283 686 4295; x_wconf 88' lang='grc'>-</span> <span class='ocrx_word' id='word_1_335' title='bbox 707 4246 763 4332; x_wconf 86' lang='grc'>28)</span> <span class='ocrx_word' id='word_1_336' title='bbox 785 4245 866 4312; x_wconf 90' lang='lat' dir='ltr'>Ibid.</span> <span class='ocrx_word' id='word_1_337' title='bbox 889 4267 922 4329; x_wconf 86' lang='lat' dir='ltr'>p.</span> <span class='ocrx_word' id='word_1_338' title='bbox 948 4247 1001 4310; x_wconf 90' lang='lat'>10:</span> <span class='ocrx_word' id='word_1_339' title='bbox 1030 4244 1087 4310; x_wconf 81' lang='grc' dir='ltr'>εἴτ’</span> <span class='ocrx_word' id='word_1_340' title='bbox 1109 4246 1161 4310; x_wconf 90' lang='grc' dir='ltr'>ἐπὶ</span> <span class='ocrx_word' id='word_1_341' title='bbox 1186 4245 1270 4309; x_wconf 89' lang='grc' dir='ltr'>τέλει</span> <span class='ocrx_word' id='word_1_342' title='bbox 1291 4243 1387 4322; x_wconf 84' lang='grc' dir='ltr'>πρόε-</span> 
     </span>
     <span class='ocr_line' id='line_1_37' title="bbox 250 4354 1388 4439; baseline -0.003 -17"><span class='ocrx_word' id='word_1_343' title='bbox 250 4375 346 4422; x_wconf 86' lang='grc' dir='ltr'>κειται</span> <span class='ocrx_word' id='word_1_344' title='bbox 368 4357 419 4421; x_wconf 89' lang='grc' dir='ltr'>διὰ</span> <span class='ocrx_word' id='word_1_345' title='bbox 442 4355 583 4439; x_wconf 60' lang='grc' dir='ltr'>εἷτίχων</span> <span class='ocrx_word' id='word_1_346' title='bbox 612 4357 663 4421; x_wconf 87' lang='grc' dir='ltr'>ῶε</span> <span class='ocrx_word' id='word_1_347' title='bbox 685 4357 777 4422; x_wconf 92' lang='grc' dir='ltr'>δέκα</span> <span class='ocrx_word' id='word_1_348' title='bbox 804 4357 876 4438; x_wconf 87' lang='grc' dir='ltr'>περί</span> <span class='ocrx_word' id='word_1_349' title='bbox 902 4359 969 4422; x_wconf 92' lang='grc' dir='ltr'>τῶν</span> <span class='ocrx_word' id='word_1_350' title='bbox 997 4355 1178 4435; x_wconf 86' lang='grc' dir='ltr'>ἐγκεφάλου</span> <span class='ocrx_word' id='word_1_351' title='bbox 1205 4354 1322 4419; x_wconf 87' lang='grc' dir='ltr'>νόειυν.</span> <span class='ocrx_word' id='word_1_352' title='bbox 1345 4389 1388 4402; x_wconf 91' lang='grc'><strong>-</strong></span> 
     </span>
    </p>
   </div>
   <div class='ocr_carea' id='block_1_3' title="bbox 0 0 1618 5096">
    <p class='ocr_par' dir='ltr' id='par_1_6' title="bbox 0 0 1618 5096">
     <span class='ocr_line' id='line_1_38' title="bbox 0 0 1618 5096; baseline 0 0"><span class='ocrx_word' id='word_1_353' title='bbox 0 0 1618 5096; x_wconf 95' lang='lat' dir='ltr'> </span> 
     </span>
    </p>
   </div>
  </div>
 </body>
</html>
