3218 5094
272 309 334 372 626
650 325 697 372 on
720 325 790 372 ono
814 327 857 371 ur
882 327 1024 376 carons.

271 479 381 540 menta
403 476 636 560 dispertiamus.
683 477 751 552 Quo
778 479 813 542 in
841 501 959 563 genere
982 482 1111 544 tametsi
1138 482 1259 544 imitari
1285 481 1414 545 illorum

223 600 253 646 41
274 586 453 669 exemplum
475 587 647 670 possimus,
677 589 731 672 qui
760 590 795 652 in
822 593 988 672 poetarum
1018 590 1280 656 historicornmve
1302 592 1414 675 deper-

271 698 409 761 ditorum
435 697 577 790 reliquiis
598 701 782 780 versantur,
812 703 848 762 ut
873 699 1091 785 undecumque
1114 701 1326 784 collectaper
1348 701 1414 766 sin-

271 807 364 891 gulas
386 807 509 872 litteras
533 808 652 872 chartis
673 810 803 894 integra
825 811 1069 898 perscribamus,
1094 812 1313 895 emendemus,
1342 811 1413 876 illu-

271 920 422 1000 stremus,
457 917 647 983 iudicemus:
684 923 793 984 tamen
822 921 888 984 eius
923 921 1048 985 consilii
1077 922 1320 1004 amplitudinem
1351 943 1413 986 nec

270 1026 335 1090 fert
356 1028 448 1092 huius
471 1029 655 1111 scriptionis
675 1031 909 1113 opportrmitas,
933 1053 994 1096 nec
1008 1053 1059 1094 res
1074 1032 1145 1114 ipsa
1159 1032 1284 1097 videtur
1305 1036 1413 1116 postu-

271 1137 353 1219 lare,
383 1139 500 1222 quippe
529 1161 600 1203 eum
627 1161 694 1204 non
721 1159 739 1202 e
761 1140 985 1205 diversissimis
1014 1141 1222 1224 scriptoribus
1249 1139 1412 1224 fragmen·

270 1249 375 1310 torum
396 1248 567 1314 multitudo
590 1250 806 1334 conquirenda
827 1251 886 1332 sit,
915 1251 970 1314 sed
997 1252 1032 1314 in
1054 1252 1157 1314 tribus
1179 1250 1412 1334 Etymologicis

272 1359 474 1422 contineatur
502 1359 730 1442 propemodum
757 1360 843 1424 solis.
888 1361 979 1436 Quod
1006 1364 1114 1425 autem
1146 1360 1258 1425 horum
1285 1361 1412 1443 potissi-

270 1489 357 1532 mum
379 1469 535 1532 beneficio
557 1468 615 1533 Ori
636 1469 754 1534 notitia
780 1470 929 1554 debetur,
957 1470 989 1534 id
1018 1471 1078 1534 etsi
1107 1493 1219 1554 parum
1249 1469 1413 1534 commode

270 1578 321 1641 vel
349 1578 442 1641 nobis
470 1579 587 1642 accidit
615 1580 665 1643 vel
697 1581 924 1664 grammatico:
961 1580 1132 1644 dolendum
1165 1585 1214 1645 est
1247 1581 1333 1644 enim
1365 1580 1413 1642 ita

270 1687 476 1752 subtilissimis
505 1689 680 1773 quibusque
711 1691 845 1774 argutiis
879 1691 1023 1754 consulto
1057 1691 1251 1754 conservatis
1284 1689 1413 1753 saniora

269 1796 337 1860 fere
360 1801 392 1860 et
413 1799 542 1862 utiliora
569 1801 801 1882 praetermitti:
838 1805 948 1865 tamen
975 1801 1026 1864 vel
1053 1801 1100 1865 sic
1122 1822 1188 1864 non
1209 1799 1299 1864 deest
1320 1821 1412 1884 prae-

271 1907 428 1970 clararum
451 1909 543 1991 copia
565 1909 833 1990 observationum,
857 1913 1003 1994 equibus
1025 1932 1091 1974 nou
1113 1910 1326 1994 grammatica
1340 1913 1411 1974 tan-

269 2019 339 2079 tum
360 2016 546 2100 disciplina,
581 2018 635 2083 sed
663 2020 807 2104 insignia
833 2022 932 2084 etiam
960 2021 1169 2104 antiquitates
1197 2041 1333 2104 graecae
1362 2021 1411 2084 in-

271 2130 434 2190 crementa
468 2121 621 2212 ceperint.
666 2129 779 2213 Itaque
812 2130 905 2194 nobis
940 2152 1012 2194 cum
1047 2131 1228 2212 artioribus,
1263 2133 1300 2192 ut
1331 2130 1410 2212 dixi,

270 2236 387 2300 finibus
410 2238 605 2302 continenda
628 2239 803 2323 disputatio
825 2241 877 2322 sit,
902 2261 962 2304 nec
977 2241 1119 2302 omnium
1141 2262 1247 2303 rerum
1269 2240 1412 2304 rationes

269 2347 397 2410 uberius
420 2369 625 2432 exponemus,
649 2349 709 2412 etsi
732 2350 810 2413 satis
833 2353 960 2414 nostros
982 2350 1017 2412 in
1038 2372 1114 2413 usus
1136 2351 1326 2433 pensitatus,
1350 2371 1412 2414 nec

269 2458 304 2519 in
326 2457 534 2522 emendandis
562 2461 764 2524 coniecturae
791 2481 850 2542 ope
873 2459 931 2524 Ori
957 2460 1149 2544 fragmentis
1177 2460 1322 2523 volumus
1345 2481 1411 2523 am-

269 2565 378 2632 bitiosi
401 2589 485 2632 esse:
509 2569 585 2653 (nisi
601 2569 694 2652 quod,
719 2571 851 2652 quaein
876 2569 1016 2634 medium
1038 2569 1238 2654 proferimus,
1263 2570 1411 2633 nolumus
1450 2601 1455 2612 ·

270 2681 420 2761 corrupta
447 2678 620 2763 proferre:)
654 2701 735 2763 quae
763 2680 831 2742 fere
861 2701 946 2743 vana
978 2680 1048 2743 laus
1082 2684 1130 2743 est
1162 2679 1296 2760 idcirce,
1326 2679 1411 2762 quod

269 2809 364 2871 saepe
392 2809 410 2850 e
432 2765 631 2872 singulorum
665 2789 902 2873 comparatione
930 2789 1182 2874 etymologorum
1210 2810 1286 2852 vera
1314 2790 1410 2852 corri-

269 2896 367 2980 gendi
398 2898 451 2960 via
478 2901 640 2982 tamquam
669 2921 727 2962 sua
753 2902 867 2983 sponte
896 2900 1107 2963 subnascitur.
1153 2898 1261 2981 Vsque
1284 2920 1411 2981 quaque

270 3009 377 3070 autern
403 3008 578 3072 tenendum
605 3009 684 3072 illud
713 3012 776 3092 est,
806 3009 915 3073 eodem
943 3009 1036 3073 nobis
1051 3009 1135 3073 loco
1162 3012 1257 3092 atque
1287 3009 1411 3092 reliqua

271 3117 393 3180 censeri
416 3139 453 3182 ea
475 3119 630 3202 exempla,
654 3141 735 3203 quae
758 3121 778 3199 ξ
803 3121 840 3182 11
865 3123 1051 3184 enumerata
1074 3121 1138 3183 Oro
1160 3118 1410 3182 vindicavimus:

269 3227 332 3290 nisi
355 3227 482 3311 quidem
503 3229 676 3314 singularis
698 3230 780 3294 ratio
802 3229 880 3293 illud
904 3229 1071 3293 consilium
1091 3228 1282 3292 dissuadeat.
1313 3227 1409 3290 Prae-

269 3341 357 3401 terea
378 3340 441 3402 tria
463 3361 715 3422 praemonemus.
760 3338 903 3403 Primum
926 3340 1012 3403 enim
1034 3338 1203 3422 quoniam,
1227 3360 1289 3422 quo
1310 3338 1409 3421 potis·

269 3448 385 3512 simum
407 3449 441 3512 in
463 3471 582 3534 genere
604 3449 780 3514 Herodiaui
803 3451 970 3529 vpordcerc
997 3451 1143 3512 versatae
1165 3449 1245 3531 sint,
1279 3448 1409 3532 ignora-

269 3581 356 3641 mus,
390 3559 450 3622 etsi
472 3559 576 3623 ultimi
599 3559 685 3623 illius
708 3559 764 3624 Ori
787 3559 886 3623 libelli
908 3560 943 3622 in
966 3557 1193 3623 distribuendis
1216 3557 1410 3642 fragmentis

269 3668 359 3732 nulla
379 3671 487 3752 potest
508 3671 590 3733 ratio
612 3669 738 3752 haberi,
767 3673 877 3733 tamen
899 3667 960 3733 hoc
981 3669 1051 3752 ipso
1073 3669 1142 3732 loco
1165 3668 1304 3732 fatemur
1331 3668 1409 3731 libe·

268 3779 380 3842 raliter
403 3799 502 3842 unum
531 3780 707 3844 alterumve
734 3779 774 3844 ad
804 3779 930 3843 illarum
957 3780 1060 3844 λύεει(
1081 3780 1270 3859 προτάεεων
1293 3799 1409 3861 posse

269 3911 347 3953 sane
378 3891 550 3976 pertinere.
595 3889 794 3974 Quamquam
826 3910 867 3952 ne
899 3889 1057 3952 incertam
1084 3892 1254 3972 propterea
1280 3907 1410 3952 omnem

269 3999 459 4082 disponendi
481 4022 611 4084 operam
634 4000 880 4080 concriminere,
915 3999 993 4062 illud
1021 4020 1138 4083 quaeso
1165 4001 1313 4081 reputes,
1341 4019 1409 4062 non

269 4109 428 4173 immerito
450 4110 589 4174 dubitari
612 4131 689 4174 num
710 4110 767 4174 Ori
789 4110 892 4174 littere
914 4110 1044 4173 omnino
1067 4109 1214 4193 cognitas
1235 4107 1411 4172 habuerint

269 4217 562 4305 Etymologicorum
591 4224 751 4303 auctores,
781 4219 869 4283 nullo
899 4218 940 4281 ab
969 4220 1014 4282 eis
1042 4219 1224 4282 testimonio
1256 4239 1410 4302 umquam

270 4328 394 4393 citatas,
427 4329 529 4394 Maior
550 4332 598 4396 vis
622 4335 671 4396 est
692 4329 823 4392 alterius
846 4332 879 4391 et
900 4329 986 4392 tertii
1010 4328 1134 4391 moniti.
1169 4327 1312 4410 Namque
1335 4347 1411 4394 cum
