3270 5094
763 1028 861 1138 XL

269 1212 323 1306 lle
354 1212 523 1330 Aeschyli
554 1213 589 1305 ln
619 1211 765 1329 Sepleln
797 1211 977 1305 alvercos
1003 1209 1151 1304 llehes
1181 1209 1348 1306 versibus

553 1361 782 1458 254-261
819 1361 1077 1479 disertulle.*)
1192 1429 1194 1434 .

736 1551 886 1560 —n——n—

323 1634 400 1699 Dies
415 1639 451 1698 ut
472 1635 556 1698 diem
571 1632 699 1715 doceat,
723 1653 805 1696 novo
826 1631 972 1714 exemplo
992 1630 1136 1695 volumus
1159 1633 1376 1714 monestrum,
1397 1643 1428 1694 lll

241 1743 306 1807 eari
329 1743 572 1827 commilitones,
597 1763 789 1828 cognoscere
811 1743 865 1826 qui
880 1740 997 1806 scholis
1012 1739 1192 1824 Aeschyliis
1214 1739 1378 1824 perhanc

240 1853 375 1917 hiemem
403 1875 509 1917 eoram
536 1854 625 1918 vobis
648 1852 766 1917 habitis
793 1851 1019 1915 interfuerimt.
1063 1849 1113 1914 Ibi
1141 1871 1221 1933 quae
1249 1849 1287 1913 de
1314 1849 1377 1914 illis

239 1963 381 2028 versibus
409 1964 609 2046 exposuimus
637 1963 691 2046 qui
719 1964 794 2025 sunt
821 1962 855 2024 in
878 1960 1007 2043 Septem
1035 1959 1184 2024 adversus
1210 1959 1378 2024 Thebasa

239 2071 302 2136 254
323 2073 364 2136 ad
386 2073 446 2138 261
478 2072 526 2136 ed.
550 2071 672 2155 Herm,
702 2094 739 2135 ea
761 2071 912 2156 quoniam
939 2069 1086 2134 secundis
1115 2069 1214 2152 euris,
1245 2091 1379 2154 quarum

239 2181 331 2246 nobis
347 2182 447 2246 otium
468 2183 548 2246 haee
564 2181 818 2247 saturnaliorum
838 2180 985 2244 hilaritas
1001 2180 1160 2244 Rhenana
1180 2179 1270 2262 facit,
1293 2179 1377 2244 haud

239 2290 352 2356 leviter
373 2313 465 2376 posse
488 2292 650 2356 emendari
677 2291 892 2356 intelleximus
898 2339 907 2373 ,
936 2312 1003 2354 non
1024 2311 1092 2354 esse
1116 2289 1377 2354 committendum

240 2401 489 2465 existimavimus
503 2405 540 2465 ut
561 2401 635 2466 novi
651 2401 775 2465 inventi
791 2403 935 2484 expertes
952 2399 1072 2463 essetis.
1108 2397 1154 2463 Vt
1169 2401 1285 2482 autem,
1303 2399 1376 2482 quid

238 2509 284 2573 rei
301 2515 426 2595 agatur,
451 2509 563 2576 ceteris
586 2533 708 2595 quoquo
723 2511 858 2594 patefiat
871 2509 898 2573 si
914 2509 968 2593 qui
982 2509 1018 2572 in
1033 2507 1090 2571 has
1106 2508 1250 2592 pagellas
1270 2508 1377 2572 oeulos

240 2621 384 2685 conicere
407 2621 580 2704 voluerint,
610 2622 747 2704 primum
776 2619 903 2704 quidem
925 2617 1065 2683 Eteoelis
1088 2639 1266 2682 sermonem
1287 2618 1377 2682 illum

239 2750 278 2792 ex
301 2729 473 2794 Godofredi
495 2729 675 2794 Hermanni
698 2729 857 2812 exemplo,
886 2750 947 2813 quo
975 2729 1091 2793 iterato
1114 2727 1247 2791 anobis
1273 2728 1320 2790 uti
1341 2727 1375 2790 in

239 2838 480 2922 interpretando
503 2839 737 2922 consuevimus,
761 2839 991 2922 transcriptum
1012 2837 1098 2902 infra
1120 2837 1292 2922 posuimus.

440 2977 504 3053 ἐγὼ
527 2979 562 3041 δὲ
585 2977 692 3055 χώρας
714 2979 781 3040 τοῖς
803 2976 1024 3055 πολιςςούχοις
1045 2977 1142 3056 θεοῖς,

439 3086 644 3165 πεδιονόμοις
665 3106 699 3150 τε
721 3085 860 3164 κάγορᾶς
883 3085 1082 3164 ἐιτιςκόποις,
1326 3095 1376 3147 255

440 3195 560 3275 Δίρκης
582 3216 615 3260 τε
637 3199 753 3274 πηγαῖς
776 3194 866 3259 ὕδατί
887 3195 919 3258 τ’
943 3195 1084 3274 Ἰςμηνοῦ
1107 3195 1203 3272 λέγω,

440 3304 476 3369 εὖ
499 3305 724 3384 ξυντυχόντων
746 3306 797 3369 καὶ
818 3304 946 3369 πόλεως
969 3305 1173 3383 ςεςυιςμένης,

440 3415 581 3493 μήλοιςιν
603 3414 810 3493 αἱμάττοντας
832 3413 933 3478 ἑςτίας
954 3419 1051 3496 θεῶν,

440 3527 739 3603 ταυροκτονοῦντας
760 3527 893 3601 θεοῐςιν,
917 3523 980 3588 oo‘
1002 3524 1174 3604 ἐπεύχομαι

440 3633 543 3711 θήςειν
566 3633 719 3713 τρόπαια,
743 3635 844 3698 δαΐων
868 3634 900 3696 δ’
923 3633 1078 3712 ἐςθήματα
1326 3647 1377 3698 260

238 3762 441 3771 ...ιι-

321 3819 346 3886 *)
382 3817 571 3886 [Prooemium
599 3817 700 3872 Indicia
734 3817 890 3872 scholarum
926 3815 1094 3872 aestivarum
1127 3816 1322 3878 Bonnensium¹
1348 3835 1374 3874 a.

239 3907 479 3966 CICIOCCCLVII.
499 3942 532 3950 —
549 3911 612 3964 Non
635 3911 693 3964 sine
716 3910 837 3964 utilitate
855 3927 917 3964 oum
937 3911 1040 3964 nostris
1058 3912 1233 3966 conferentur
1251 3928 1322 3980 quae
1341 3912 1375 3968 do

237 4001 342 4056 eisdem
363 4002 490 4057 versibus
512 4019 601 4072 nuper
623 4003 765 4072 disputata
789 4003 854 4056 eunt
880 4002 974 4056 multis
996 4002 1154 4056 nominibus
1177 4002 1312 4072 disparia,
1340 4004 1374 4058 de

238 4093 337 4160 quibus
350 4094 411 4149 vide
424 4093 585 4151 Othonem
596 4093 819 4149 Ribbeckium
837 4094 896 4149 sine
913 4093 955 4149 ira
973 4097 1002 4149 ot
1020 4093 1110 4148 studio
1129 4095 1375 4150 existimantemin

236 4177 409 4242 Fleckeiseni
430 4189 529 4242 Annal.
555 4188 651 4256 philol.
674 4189 695 4241 t.
714 4194 747 4242 85
770 4189 806 4255 (a.
828 4191 903 4256 1362)
925 4205 953 4256 p.
973 4193 1022 4242 378
1041 4201 1101 4255 sqq.
1138 4173 1261 4241 sanioris
1278 4187 1375 4243 iudicii

236 4279 361 4334 criticum
374 4281 406 4334 G.
419 4279 591 4335 Dindorlii
603 4278 740 4351 praefatio
753 4279 882 4334 editionis
895 4279 1009 4347 quintae
1021 4279 1233 4335 Teubneriauae
1247 4283 1281 4349 (a.
1298 4285 1372 4354 1865)

234 4372 360 4443 prodidit
376 4390 404 4444 p.
423 4361 484 4428 LVI
502 4373 555 4441 sq]
