3272 5088
604 389 725 438 annun
747 388 1007 439 commeamus.
1318 371 1381 438 463

238 544 317 612 Omn
348 542 409 610 hoc
443 545 543 628 igitur
574 544 758 608 testimonio
793 542 991 608 commodum
1024 543 1087 607 suit
1114 541 1380 625 Harpocrationis

236 657 376 740 glossam
405 653 465 739 (fr.
489 653 581 740 XIV)
618 674 816 737 componere.
871 654 1038 737 Apparere
1071 655 1179 716 autem
1207 673 1246 716 cx
1273 651 1380 716 allatis

236 765 371 846 videtur,
394 764 552 847 imprimis
575 763 766 848 diligentem
787 764 822 828 in
843 763 970 828 urbium
992 762 1220 847 regionumque
1243 761 1381 845 descrip-

236 875 324 938 tione
346 873 510 958 Marsyam
535 872 644 938 fuisse.

320 983 489 1068 Iungimus
516 1003 603 1048 nunc
630 981 697 1065 his,
726 1004 807 1066 quae
831 983 891 1047 etsi
912 1003 978 1046 non
1001 985 1049 1046 est
1071 981 1231 1065 proditum
1253 1003 1292 1046 ex
1313 981 1381 1046 Me-

238 1094 397 1159 cedouicis
419 1096 547 1177 sumptu
570 1114 654 1176 erse,
678 1095 788 1156 tamen
810 1092 959 1156 tenuibus
981 1091 1124 1174 indiciis,
1141 1114 1203 1176 quo
1217 1091 1311 1157 modo
1326 1114 1382 1175 po·

236 1203 358 1270 brerint
385 1203 419 1268 in
442 1203 487 1266 eis
510 1204 615 1267 locum
637 1202 770 1284 habere,
799 1202 997 1285 significant.
1048 1201 1306 1290 Consentpneum
1333 1204 1382 1265 est

236 1314 322 1378 enim
350 1313 438 1397 prius
460 1335 556 1397 quam
578 1312 617 1376 de
638 1311 748 1396 quovis
771 1312 834 1376 elio
857 1311 980 1376 incerto
1004 1311 1146 1396 cogitare
1169 1312 1208 1378 de
1230 1334 1266 1376 eo
1287 1312 1379 1394 libra

237 1445 330 1508 quem
351 1445 425 1488 vere
454 1425 640 1506 usurpatum
667 1421 815 1486 manibus
843 1421 1055 1505 posteriorum
1083 1421 1274 1506 scriptorum
1302 1422 1381 1486 satis

238 1536 324 1598 certo
347 1534 498 1598 norimus.

322 1642 427 1728 (XVI)
451 1642 637 1707 Athenaeus
660 1641 707 1706 XI
729 1664 761 1726 p.
778 1642 839 1707 467
865 1647 900 1706 0:
928 1644 1110 1722 Παρθένιος
1136 1643 1155 1707 ὁ
1179 1647 1238 1708 τοῦ
1261 1644 1381 1708 Διονυ-

237 1753 305 1819 ςίου
328 1754 363 1818 ἐν
386 1755 505 1836 πρώτῳ
533 1755 606 1832 περὶ
634 1757 701 1818 τῶν
728 1753 816 1833 παρὰ
838 1755 906 1818 τοῖς
932 1753 1099 1832 ἱςτορικοῑς
1128 1755 1247 1820 λέξεων
1269 1758 1381 1833 ζητου-

237 1865 343 1943 μένων
373 1863 462 1944 φηςί·
498 1864 663 1940 γυάλας“
679 1863 835 1942 ποτηρίου
864 1861 968 1942 εἶδος,
991 1863 1037 1928 ὡς
1060 1864 1243 1943 Μαρςύας
1264 1863 1382 1944 γράφει

237 1972 256 2036 ό
278 1973 409 2052 ἱερεὺς
431 1977 499 2038 τοῦ
521 1973 775 2053 Ἡρακλέους,
797 1972 902 2038 οὕτως
925 1971 1025 2040 «όταν
1046 1973 1121 2056 ελςίη
1137 1973 1155 2037 ὁ
1172 1975 1315 2053 βαςιλεὺς
1338 1973 1382 2038 εἰς

236 2085 295 2162 τὴν
316 2082 423 2164 πόλιν,
447 2086 606 2148 ςυναντᾶν
629 2082 721 2148 οἴνου
743 2083 847 2162 πλήρη
870 2083 994 2159 γυάλαν
1017 2081 1134 2161 ἔχοντά
1155 2104 1240 2162 τινα,
1267 2083 1325 2149 τὸν
1346 2085 1382 2148 δὲ

238 2193 379 2273 λαβόντα
401 2194 574 2258 ςπένδειν.»
604 2191 652 2256 De
669 2191 878 2256 Macedonica
899 2192 978 2256 urbe
1000 2191 1080 2256 haec
1102 2192 1227 2256 narrari
1249 2214 1315 2257 non
1336 2195 1382 2256 te·

237 2323 323 2366 mere
347 2301 504 2366 conicitur
526 2324 566 2364 ex
586 2301 693 2385 Etym.
716 2302 761 2367 M.
783 2323 815 2385 p.
834 2302 964 2385 243,13
992 2300 1215 2386 Hesychioque
1236 2301 1252 2366 I
1273 2325 1304 2386 p.
1319 2302 1383 2367 865

240 2407 324 2496 [449,
341 2411 382 2475 86
405 2410 543 2499 Schml:
569 2412 690 2489 γυάλας
714 2411 800 2476 εἶδος
822 2412 978 2490 ποτηρίου
1000 2413 1088 2490 παρὰ
1111 2413 1290 2480 Μακεδόςιν
1313 2411 1382 2496 (ubi

237 2521 357 2597 γυλλὰς
380 2523 413 2584 et
435 2522 636 2587 Μακεδόνων
661 2521 759 2585 codex
774 2519 953 2606 Hesychii).
981 2521 1030 2584 Ac
1053 2521 1233 2584 sacerdotes
1255 2511 1382 2604 quidem

237 2630 383 2694 novimus
407 2631 584 2714 complures
607 2630 778 2714 scriptores
800 2651 933 2716 graecos
958 2626 1059 2716 [cuius
1075 2629 1122 2694 rei
1145 2631 1289 2714 exempla
1311 2631 1382 2694 vide

238 2761 258 2802 a
272 2739 435 2823 Klippelio
458 2740 592 2804 collecta
615 2740 668 2804 ‘de
682 2740 793 2804 Museo
809 2739 1041 2804 Alexandrino'
1058 2739 1221 2824 (Gotting.
1238 2762 1267 2804 a.
1286 2740 1382 2825 1838)

238 2870 269 2931 p.
284 2849 376 2933 107]ι
399 2849 562 2914 Pellaeum
581 2854 687 2914 autem
703 2849 876 2934 Marsyam,
895 2849 962 2914 ludi
979 2851 1171 2935 magistrum
1186 2849 1382 2934 eundemque

238 2959 351 3023 ducem
374 2960 538 3043 navalem,
562 2959 693 3024 vixerit
713 2960 879 3043 quietiam
901 2960 1079 3025 sacerdotio
1101 2981 1219 3045 augere
1241 2960 1384 3024 animum

238 3067 380 3133 iuducet.
426 3068 575 3135 Ceterum
600 3069 768 3134 Parthenii
801 3069 956 3154 magister
984 3069 1038 3133 ille
1066 3068 1239 3154 Dionysius
1267 3069 1383 3135 Suidae

238 3181 369 3263 quartus
392 3182 441 3243 est
462 3179 548 3244 inter
571 3180 792 3265 cognomines,
810 3179 1048 3244 Alexandrinus
1063 3179 1203 3264 quidem,
1220 3202 1239 3244 a
1254 3179 1383 3245 Nerone

239 3287 278 3352 ad
301 3287 476 3352 Traianum
499 3289 619 3354 clanis:
642 3289 713 3354 vide
735 3289 876 3354 Fabricii
899 3288 984 3354 Bibl.
1002 3311 1051 3374 gr.
1067 3289 1115 3353 IV
1129 3312 1161 3373 p.
1175 3290 1238 3354 309
1253 3289 1344 3354 Harl.

212 3417 213 3420 ’
324 3397 443 3482 (XVII.
460 3397 586 3484 XVIII)
608 3399 712 3482 Ipsius
735 3402 768 3462 et
790 3398 972 3484 argumenti
995 3402 1028 3462 et
1049 3399 1111 3463 loci
1134 3399 1294 3463 affinitate
1315 3403 1382 3463 tam

239 3507 411 3570 coniuncta
434 3529 505 3572 cum
526 3509 650 3585 γυάλου
678 3509 977 3573 commemoratione
1004 3508 1084 3572 haec
1117 3511 1193 3572 sunt
1222 3508 1383 3574 Athenaei

238 3615 285 3680 XI
307 3638 338 3699 p.
355 3617 417 3681 477
435 3623 475 3681 A:
501 3625 696 3680 ΚΙΕΕΥΒΙΟΝ·
803 3619 992 3698 Κλείταρχος
1014 3620 1050 3683 δέ
1069 3639 1164 3700 φηςιν
1180 3619 1303 3685 Αἰολεῖς
1324 3621 1383 3686 τὸν

239 3727 363 3808 ςκύφον
386 3727 542 3808 κιςςύβιον
557 3729 680 3793 καλεῖν·
704 3729 887 3807 Μαρςύας
909 3731 945 3793 δὲ
959 3729 1121 3796 κύπελλον
1136 3730 1238 3795 καὶτὸ
1253 3730 1382 3796 ξύλινον

238 3837 412 3917 ποτήριον,
447 3838 479 3900 et
506 3835 625 3901 ibidem
652 3859 684 3920 p.
706 3837 770 3902 479
794 3843 830 3902 0:
862 3845 1017 3900 ΚΟΤΥΛΗ·
1123 3840 1239 3920 κοτύλη
1267 3842 1302 3904 δὲ
1329 3860 1383 3905 κα-

238 3947 336 4010 λεῖται
358 3948 408 4011 καὶ
429 3947 448 4026 ἡ
471 3951 530 4012 τοῦ
553 3947 653 4027 ἰςχίου
675 3947 837 4026 κοιλότης·
853 3998 860 4012 .
876 3997 907 4012 ..
932 3949 1117 4027 Μαρςύας
1138 3951 1174 4014 δέ
1190 3970 1266 4030 φηςι
1288 3951 1325 4013 τὸ
1348 3951 1383 4015 ἐν

238 4060 284 4138 τῷ
307 4055 395 4140 ἰςχίῳ
419 4055 537 4121 ὀςτοῦν
561 4059 717 4121 καλεῑςθαι
739 4057 868 4123 ἄλειςον
891 4058 940 4122 καὶ
957 4059 1082 4140 κύλικα,
1106 4061 1142 4122 ut
1157 4080 1322 4122 vereamur
1341 4080 1382 4124 ne

239 4161 278 4226 de
293 4168 504 4247 grammatico
519 4165 648 4249 Marsya
670 4165 936 4232 inconsideratius
954 4166 1274 4253 Schweighaeuserus
1298 4169 1383 4253 cogi-

238 4271 327 4335 tarit.
364 4271 441 4348 Quis
456 4275 542 4338 enim
557 4297 674 4359 quaeso
691 4297 728 4339 ex
744 4276 960 4340 Macedonicis
982 4277 1086 4361 ipsum
1107 4277 1187 4342 illud
1208 4278 1248 4341 de
1262 4281 1383 4355 γυάλας

238 4381 459 4446 testimonium
480 4386 672 4468 repetiturus
696 4388 794 4469 esset,
823 4387 885 4450 nisi
906 4386 1040 4451 fortuito
1067 4391 1194 4452 servata
1223 4409 1382 4473 gramme·
