3218 5094
601 325 647 370 na
671 325 741 372 cao
764 325 808 370 ar
831 323 971 370 oricus.
1295 305 1356 368 637

216 477 234 541 ὁ
259 477 413 556 Μιλήὲιο(
435 478 570 557 εἴρηκεν.
616 475 680 538 Vbi
703 498 797 559 quam
821 475 992 558 expetebat
1014 473 1207 536 Fritzschius
1235 472 1274 535 de
1296 472 1357 535 Ba·
1469 511 1473 520 ·

214 586 351 670 byloniis
374 610 406 670 p.
422 587 464 651 23
487 589 684 652 ζώντειον
706 586 854 668 formam,
877 606 949 648 eam
971 587 1004 646 et
1025 565 1169 648 Koenius
1192 583 1302 646 attulit
1322 583 1357 645 in

214 695 311 780 Greg.
336 695 408 762 (lor.
433 719 463 780 p.
480 697 544 761 568
567 717 583 759 e
605 695 688 759 libro
710 695 856 759 Leidensi
881 697 914 757 et
928 692 1071 757 Zonaras
1093 693 1226 777 praebet
1248 714 1277 774 p.
1295 691 1357 756 966

213 827 405 889 quamquam
427 827 568 869 seorsum
596 806 745 888 positam.
770 843 812 854 -
833 803 932 867 Vides
961 826 1012 867 me
1039 825 1106 867 non
1127 805 1294 884 monente,
1323 801 1354 864 id

213 915 297 998 quod
319 916 542 1000 significabam
565 919 677 997 antea,
709 936 769 978 nee
791 914 871 977 haec
894 916 1014 977 certam
1041 933 1108 976 esse
1131 911 1357 976 necessitatem

214 1024 255 1088 ad
276 1025 540 1110 orthographiam
561 1025 667 1108 potius
690 1024 746 1089 Ori
768 1045 865 1107 quam
890 1023 1041 1087 aliorsum
1063 1021 1233 1086 referendi.

736 1219 830 1316 aaa.
872 1255 873 1258 κ

299 1358 327 1418 1.
363 1353 555 1440 Progredior
582 1353 622 1418 ad
651 1356 810 1420 Ἐθνικά.
856 1352 997 1428 Quorum
1028 1352 1088 1416 etsi
1118 1349 1355 1437 Etymologico-

212 1486 282 1528 rum
305 1469 450 1529 auctores
473 1487 510 1529 ea
532 1467 659 1528 tautum
681 1465 748 1528 fere
765 1467 1008 1547 excerpserunt,
1031 1483 1112 1546 quae
1135 1461 1175 1524 ad
1190 1461 1356 1525 nominum

213 1575 463 1659 originationem
490 1577 688 1658 spectarent:
718 1595 814 1657 quam
842 1571 1009 1636 fatendum
1036 1576 1086 1636 est
1113 1573 1255 1635 omnium
1283 1593 1355 1654 par-

212 1688 277 1750 tem
306 1706 373 1749 esse
400 1685 636 1749 tenuissimam:
667 1687 778 1747 tamen
805 1705 846 1746 ne
879 1683 925 1747 sic
957 1683 1083 1766 quidem
1117 1682 1244 1746 efficere
1276 1681 1356 1744 illud

212 1797 400 1876 potuerunt,
435 1798 486 1877 ut,
521 1815 615 1878 quam
650 1792 741 1878 larga
771 1814 877 1856 rerum
914 1792 1231 1875 exquisitissimamm
1264 1793 1356 1875 copia

212 1905 412 1986 praeclarum
435 1926 513 1986 opus
535 1903 688 1966 refertum
710 1903 823 1986 suerit,
852 1923 917 1966 non
940 1901 1164 1986 intellegamus
1187 1901 1355 1965 evidentis-

212 2013 301 2076 sime.
332 2015 439 2097 Atque
455 2013 508 2076 hic
523 2012 678 2095 imprimis
694 2012 787 2075 nobis
803 2011 958 2074 dolendae
973 2014 1049 2074 sunt
1062 2011 1156 2075 huius
1171 2011 1355 2094 scriptionis

212 2123 398 2208 angustiae,
428 2123 542 2207 quihus
570 2122 791 2205 vehementer,
821 2121 989 2204 quominus
1016 2121 1087 2184 aliis
1115 2143 1238 2205 quoque
1265 2122 1355 2185 illam

211 2233 444 2316 praestantiam
465 2232 594 2315 penitus
617 2231 878 2316 persuadeamus,
903 2231 1116 2314 prohibemur.
1155 2230 1354 2316 Quamquam

211 2342 294 2425 quod
323 2341 417 2406 hodie
444 2342 514 2404 fieri
542 2342 721 2423 nonlicet,
751 2341 784 2404 id
811 2362 975 2424 speramus
997 2341 1065 2404 fore
1087 2344 1123 2403 ut
1145 2341 1269 2423 plenius
1297 2341 1354 2404 ali-

211 2451 338 2534 quando
359 2473 417 2535 per
439 2451 537 2514 aliam
559 2473 691 2534 eamque
714 2451 755 2514 ab
777 2451 838 2514 hac
859 2451 994 2514 multum
1015 2451 1174 2514 diversam
1196 2472 1354 2514 commen-

209 2562 302 2625 tandi
324 2562 597 2646 opportunitatem
621 2581 870 2644 compensemus.
909 2559 1069 2634 Quantam
1092 2564 1198 2624 autem
1221 2583 1353 2654 eumque

210 2671 246 2734 in
267 2671 405 2736 ethnicis
428 2671 483 2735 Ori
515 2670 707 2755 fragmentis
736 2671 939 2756 agnoscimus
967 2670 1196 2754 antiquitatum
1223 2693 1352 2756 graeca-

210 2802 281 2846 rum
311 2781 522 2845 eruditionem
550 2801 715 2864 rerumque
748 2780 976 2864 mythicarum,
1008 2780 1247 2863 historicarum,
1279 2803 1352 2867 geo-

210 2892 437 2975 graphiearum
453 2891 653 2970 ¹ubertatem:
682 2912 855 2974 numquam
882 2893 991 2954 tamen
1014 2913 1080 2954 non
1108 2891 1281 2976 diligenter
1305 2914 1352 2956 re-

212 3002 405 3065 cordandum
427 3001 488 3064 hoc
511 3004 574 3083 est,
598 3001 845 3085 grammaticum
867 3021 935 3064 esse
956 3000 992 3064 in
1014 3022 1075 3084 quo
1090 3022 1261 3084 versemur,
1285 3025 1351 3066 non
1370 3021 1401 3068 51

211 3111 431 3194 geographum
454 3110 696 3193 historicumve,
726 3132 785 3174 nec
813 3110 1019 3174 historiarum
1047 3132 1161 3174 caussa
1189 3111 1351 3176 illustran-

211 3219 322 3284 darnm
344 3220 416 3283 illas
440 3220 547 3304 copias
570 3221 717 3305 congeri,
747 3221 802 3284 sed
829 3220 869 3283 ad
891 3221 1139 3303 promovendam
1166 3223 1351 3306 grammati-

212 3351 281 3394 cam
304 3333 416 3394 artem.
462 3329 531 3394 Nec
553 3330 639 3394 aliud
661 3331 844 3394 institutum
873 3334 1000 3394 constat
1022 3330 1178 3414 Stephani
1201 3329 1350 3415 Byzantii

211 3460 288 3504 esse.
334 3440 444 3504 Aede
467 3441 531 3505 Oro
559 3441 655 3525 plane
683 3441 767 3505 idem
795 3429 956 3504 testantur
978 3440 1095 3505 Suidae
1116 3443 1230 3506 verba:
1259 3442 1350 3507 dnm(

209 3553 247 3615 τὰ
275 3552 382 3617 ἐθνικὰ
411 3553 549 3616 λεκτέον.
592 3550 643 3614 Ne
670 3551 740 3635 quis
768 3555 874 3614 autem
908 3573 944 3615 eo
973 3551 1120 3632 imminui
1150 3551 1207 3615 Ori
1240 3552 1349 3616 laudes

209 3660 402 3744 suspicetur,
432 3660 513 3745 quod
542 3661 576 3724 in
605 3659 745 3724 eiusdem
769 3660 926 3744 Stephani
952 3661 1038 3725 illius
1065 3661 1207 3725 Ethnica
1228 3662 1348 3745 plerae-

208 3793 268 3854 que
284 3771 340 3835 Ori
363 3771 545 3835 notationes
569 3771 769 3834 transierint:
794 3771 988 3835 contrarium
1010 3773 1115 3854 potius
1138 3771 1199 3836 sibi
1221 3793 1348 3854 persua·

208 3881 283 3945 deat
314 3903 444 3946 necesse
477 3885 542 3963 est,
576 3881 630 3965 qui
658 3880 834 3944 Herodiani
868 3881 1047 3945 doctrinam
1081 3903 1149 3946 esse
1178 3883 1346 3965 reputarit,
1383 3931 1387 3940 .

207 4013 270 4074 qua
301 3992 430 4078 singula
463 3991 644 4075 Stephanus
677 3993 849 4073 praecepta
880 4013 937 4054 sua
967 3991 1057 4075 quasi
1090 3993 1345 4075 superstruxerit.

208 4099 253 4163 Vt
280 4101 385 4166 hercle
413 4124 528 4186 operae
560 4101 698 4185 pretium
724 4101 868 4164 facturus
891 4123 958 4165 esse
981 4101 1135 4184 videatur,
1153 4089 1217 4186 'qui
1246 4124 1263 4166 e
1286 4103 1348 4166 col-

208 4209 299 4273 lcotis
328 4211 464 4295 singulis
497 4210 671 4295 quibusque
699 4210 855 4293 Stephani
881 4211 1026 4274 frustulis
1059 4213 1219 4298 integram
1247 4211 1347 4275 Hero-

208 4320 294 4384 diaui
318 4320 496 4383 doctrinam
520 4323 698 4385 instaurare
720 4320 884 4402 suscipiat.
930 4323 1048 4385 Parum
1075 4323 1175 4406 igitur
1197 4323 1347 4387 utilitatis
