3270 5094
281 346 345 410 410
461 363 507 408 us
530 361 678 410 caurrco
702 359 908 410 seruocuuo
932 361 1055 408 ounrrr
1077 361 1240 409 coucam.

283 536 320 580 eo
341 514 627 599 interpretamento
650 513 815 598 expulsum
839 513 1033 596 coniciebat‚
1063 515 1256 594 εὔπλουτον,
1285 513 1318 578 id
1346 535 1424 578 vero

282 624 542 707 probabilitatem
569 625 686 690 habere
713 622 899 709 negandum
926 626 984 688 est.
1029 623 1131 689 Nihili
1159 627 1208 690 est
1234 645 1311 688 sane
1338 624 1425 708 quod

282 733 486 799 Hermannus
502 735 628 818 obiecit,
652 734 865 818 reputandum
886 733 985 798 fuisse
1007 733 1091 798 dona
1105 733 1250 819 Neptuni
1271 734 1323 798 hie
1339 755 1425 798 eom-

282 846 450 911 memoram'
482 844 638 910 debuisse.
683 844 769 910 Satis
801 844 888 908 enim
919 844 1087 928 perspicue
1113 843 1275 930 Reisigius
1307 866 1423 910 comm.

284 956 354 1021 erit.
370 979 402 1040 p.
418 956 492 1039 294,
516 977 612 1041 quam
634 976 702 1020 esse
723 955 882 1019 rationem
903 953 1083 1018 sententiae
1106 954 1212 1038 vellet,
1236 965 1425 1039 aperuerat:

284 1067 400 1150 quippe
421 1087 486 1132 uno
508 1067 691 1133 εὔπλουτον
712 1064 867 1130 vocabulo
889 1065 983 1128 ambo
1005 1064 1149 1148 Neptuni
1175 1064 1260 1130 dona
1287 1085 1425 1150 genera-

282 1175 342 1239 tim
371 1175 610 1260 comprehendi,
645 1175 719 1261 quia
747 1175 788 1240 ad
815 1175 1013 1258 opulentiam
1040 1177 1207 1259 utrumque
1233 1175 1423 1260 pertineret.

284 1285 481 1369 Quamquam
509 1309 550 1352 ne
577 1287 624 1351 sic
652 1286 778 1371 quidem
805 1285 898 1350 nobis
926 1284 1111 1369 persuadet:
1139 1307 1215 1350 nam
1244 1289 1277 1350 et
1297 1306 1426 1370 semper

284 1395 404 1480 aliquid
437 1396 533 1460 alieni
564 1397 677 1461 inferri
710 1397 864 1462 sentimus
892 1399 925 1460 et
952 1393 1127 1460 abhorrens
1155 1417 1175 1458 a
1203 1395 1424 1479 simplicitate,

283 1528 344 1571 nec
366 1506 443 1570 illud
465 1507 544 1572 satis
566 1507 798 1592 intellegimus,
828 1527 883 1570 cur
908 1525 960 1588 res
982 1505 1137 1589 equestris
1158 1504 1344 1589 navalisque
1366 1528 1425 1588 po-

284 1615 441 1680 tissimum
467 1616 508 1680 ad
535 1617 719 1682 divitiarum
748 1616 977 1702 cogitationem
1006 1619 1209 1699 revocentur,
1245 1614 1426 1680 certissima

284 1747 380 1809 opum
402 1726 545 1791 effectrix
566 1727 708 1792 olearum
727 1725 909 1792 fecunditas
930 1747 996 1790 non
1017 1726 1106 1790 item.
1132 1763 1172 1775 -
1193 1726 1300 1809 Atque
1325 1725 1425 1789 ratio-

285 1835 479 1900 cinationem
501 1836 628 1920 quidem
648 1838 733 1902 hanc
755 1840 899 1903 nostram
925 1836 960 1900 in
987 1836 1182 1900 incertorum
1203 1855 1334 1900 numero
1355 1857 1425 1900 non

285 1945 451 2010 habemus:
474 1945 530 2010 sed
551 1945 626 2012 inde
647 1947 722 2031 quid
744 1947 787 2012 sit
809 1945 1041 2012 consectarium
1062 1945 1094 2010 h¹
1112 1966 1139 2010 e.
1163 1944 1238 2029 quid
1258 1945 1425 2028 scripsisse

285 2053 475 2137 Sophoclem
500 2054 658 2140 dicamus,
692 2057 807 2121 incerti
834 2058 1001 2121 haeremus
1028 2058 1065 2120 ut
1092 2054 1146 2140 qui
1173 2054 1326 2137 maxime,
1355 2075 1425 2118 non

285 2185 347 2247 quo
368 2163 450 2228 nihil
471 2164 506 2228 in
528 2169 678 2250 promptu
704 2166 761 2251 sit,
790 2166 846 2232 sed
873 2167 956 2251 quod
983 2165 1080 2230 nhnis
1106 2164 1208 2229 multa
1236 2166 1422 2247 suppetunt.

286 2273 313 2338 Ε
336 2273 448 2357 quibus
470 2274 608 2339 fatemur
628 2275 726 2341 fuisse
750 2299 821 2342 cum
842 2280 969 2362 praeter
991 2276 1055 2340 alia
1075 2276 1136 2339 hoc
1159 2274 1315 2359 placeret:

333 2442 337 2451 ’
412 2433 520 2509 δῶρον
542 2433 601 2495 τοῦ
623 2430 764 2509 μεγάλου
786 2431 937 2511 δαίμονος
944 2479 953 2512 ,
978 2430 1102 2511 αὔχημα
1123 2428 1280 2507 μέγιετον,

411 2540 526 2619 εέβαε
548 2540 631 2606 τόδ’
653 2540 814 2618 εὔπωλον,
837 2541 1046 2606 εὐθάλαεεον·

285 2713 377 2774 quem
399 2713 526 2756 versum
552 2712 618 2758 non
644 2693 789 2778 profecto
817 2693 944 2758 insuavi
972 2689 1189 2757 concinnitate
1212 2691 1253 2753 ad
1276 2689 1388 2753 similit
1410 2727 1422 2736 -

220 2818 267 2867 xlv
285 2799 393 2863 dinem
415 2801 638 2886 antistrophici
660 2802 893 2868 conformatum
915 2801 1048 2866 dixeris:

413 2953 550 3033 φύτευμ’
572 2955 753 3036 άχείρητον,
775 2955 960 3022 αὐτόποιον.

287 3101 376 3177 Quod
403 3103 430 3167 si
459 3126 515 3168 sua
543 3127 575 3170 se
604 3107 721 3172 virtute
756 3107 970 3191 commendet,
1004 3107 1086 3172 bene
1121 3106 1186 3169 est:
1223 3103 1273 3168 sin
1305 3103 1422 3185 miuus,

287 3216 398 3275 nostro
421 3215 693 3282 commendatione
715 3218 804 3283 nulla
826 3218 967 3304 gratiam
987 3216 1140 3282 maiorem
1162 3213 1306 3298 inibit.*)

354 3433 378 3500 *l
398 3434 502 3501 [(έβαε
519 3432 588 3488 illud
606 3436 661 3502 qui,
679 3437 745 3504 quid
763 3437 816 3492 sibi
832 3438 925 3505 vellet,
943 3437 1107 3505 intellegere
1125 3451 1185 3490 sese
1202 3431 1326 3500 negavit,
1344 3430 1425 3484 intel·

287 3525 389 3579 lectum
407 3525 466 3580 eius
484 3526 605 3582 notionis
622 3529 697 3583 haud
719 3547 803 3600 aegre
820 3534 934 3600 poterat
951 3549 984 3587 ex
1001 3529 1130 3585 Electrae
1148 3521 1312 3596 Sophocliae
1330 3541 1355 3576 v.
1375 3529 1426 3577 (585

288 3635 399 3688 capere:
426 3622 536 3688 εἰεῆλθε
554 3624 695 3690 λαμπρὸς,
715 3628 779 3680 πᾶα
796 3630 856 3680 rote
873 3627 930 3681 ἐκεῖ
948 3626 1034 3691 ettae,
1052 3621 1108 3676 alia
1125 3620 1220 3674 affinia
1237 3617 1268 3669 ut
1285 3613 1425 3668 omittam.

288 3711 381 3767 Sciens
399 3713 558 3782 posthabui,
576 3714 610 3770 de
622 3731 677 3782 quc
690 3717 770 3772 facile
783 3717 922 3788 quispiam
939 3716 1053 3787 cogitet,
1070 3714 1183 3779 γάνος,
1201 3711 1232 3764 ut
1249 3708 1294 3761 est
1311 3706 1342 3758 in
1354 3706 1428 3774 Aga·

287 3822 433 3861 memnone
455 3825 480 3862 v.
501 3813 563 3862 557:
593 3812 667 3865 θεοῑε
689 3811 802 3878 λάφυρα
823 3816 914 3868 τοῦτο
935 3819 995 3868 τοῑε
1014 3809 1081 3864 καθ’
1098 3806 1214 3861 Ἐλλάδα
1230 3801 1327 3864 ctum(
1346 3800 1431 3854 ἐπα(-

287 3899 420 3954 εάλευεον
437 3901 554 3969 ἀρχαῖον
571 3901 674 3971 γάνος]
