3184 5100
565 375 689 423 οπονιο
713 375 931 423 οποοαινπιο.
956 343 960 350 ’
1166 409 1171 417 .
1256 355 1319 419 689

266 526 334 590 175.
359 527 626 608 Λάμψακος-
645 528 741 592 Λαοί
764 527 796 609 (δ
819 527 1051 609 μὲνἩςίοδος·
1073 519 1151 600 τοός
1174 525 1216 607 ῥά
1239 547 1319 615 ποτε

178 634 348 718 Κρονίδης
375 634 459 712 Ζεὺς
481 635 608 721 ἄφθιτα
630 637 737 720 μήδεα
760 633 855 712 εἰδώς
883 633 1020 712 λεκτοὺς
1043 633 1079 699 ἐκ
1101 637 1197 719 γαίης
1219 632 1320 709 λαοὺς

179 745 416 810 πίεδενκαλιον
450 796 489 812 ..
515 797 521 812 .
548 798 555 812 .
592 750 642 812 διὸ
679 751 728 812 καὶ
764 748 863 826 ἀῡδης
898 747 934 813 ἔν
963 769 996 811 τε
1024 728 1044 825 δ’
1071 747 1154 826 ὑπὲρ
1182 747 1319 826 ἄρθρων.

179 853 301 936 σχεδὸν
329 857 360 919 εἰ
386 853 430 939 μὴ
462 851 656 940 αὐδηέντων
691 857 762 940 [Οά.
793 857 921 941 Ζ125])
956 896 994 904 -
1035 857 1186 937 Λητοὺς
1211 857 1320 940 [immo

181 965 285 1049 Λητώ)
310 966 341 1048 (ὁ
365 969 421 1046 μὲν
443 969 586 1034 Πλάτων
611 1017 618 1030 .
644 1017 651 1030 .
677 1017 684 1030 .
710 1018 716 1031 .
742 967 760 1032 δ
783 971 816 1032 δέ
841 967 1056 1048 Ἀρίςταρχος)
1091 1005 1133 1016 —-
1170 967 1277 1046 Λητὼ
1300 967 1319 1044 ἡ

179 1077 236 1142 νὺξ
262 1077 524 1162 (Ἀπολλόδωρος
546 1081 581 1142 δὲ
604 1080 677 1159 κτὲ.)

268 1324 472 1403 Μάγειρος
496 1319 691 1408 (Ἀλεξίων.
716 1373 724 1386 .
748 1373 754 1387 .
781 1370 789 1385 .
812 1325 1001 1405 Φιλόξενος)
1024 1361 1064 1370 -—
1097 1323 1165 1387 180.
1189 1324 1321 1388 Μάῑος

181 1434 382 1519 (Φιλόξενος)
410 1473 452 1481 -
484 1435 714 1514 ιαὶευομένη
744 1471 787 1482 -
815 1435 965 1498 Μάλεια
987 1434 1128 1515 (εὕρηται
1151 1435 1201 1497 καὶ
1222 1435 1320 1514 χωρὶς

179 1548 238 1606 τοῦ
273 1564 281 1605 ι
310 1543 446 1620 Μάλεα,
488 1544 533 1608 ὡς
567 1545 617 1608 καὶ
645 1545 733 1622 παρά
761 1544 923 1626 Εὐριπίδη)
961 1581 1001 1590 -
1039 1545 1243 1608 Μαςςάλια
1278 1581 1321 1590 -

181 1655 313 1717 Μέλας
347 1653 521 1737 (Μόρςιλος
555 1656 589 1718 δὲ
615 1656 680 1734 ,τάς
709 1655 745 1719 ἐν
780 1655 887 1733 Λέςβω
923 1655 1100 1731 γενομένας
1138 1654 1320 1732 παρθένους

180 1763 311 1828 Μούςας
345 1765 396 1852 ἐπὶ
424 1765 463 1828 τὰ
491 1766 590 1843 πένθη
619 1768 735 1844 φοιτᾶν
764 1766 814 1828 καὶ
842 1767 987 1842 θρηνεῖν·
1024 1763 1100 1829 ὅθεν
1129 1764 1318 1842 έπεκράτηςε

181 1875 220 1938 τὰ
243 1873 385 1952 άδόμενα
408 1875 508 1953 μέληα
532 1874 641 1956 [μέλεα
662 1874 758 1958 mrg.]
782 1877 940 1952 κληθῆναι.
964 1874 1000 1978 οἱ.
1016 1875 1051 1937 δὲ
1073 1873 1138 1937 ἀπὸ
1160 1877 1215 1972 τῇς
1236 1876 1319 1951 μελι-

1159 1978 1200 2010 τί

180 2025 281 2104 γήρου
310 2027 474 2105 Πίνδαρος
502 2023 788 2108 μελισσοπεύκτων
818 2027 946 2107 κηρίων
975 2020 1035 2107 ἐμά
1068 1982 1190 2107 γλυκνρ
1212 2021 1320 2108 άμφα)

180 2173 220 2179 -
260 2135 328 2199 185.
367 2136 500 2200 Μίνως
528 2135 669 2217 (εὕρηται
698 2137 747 2200 καὶ
773 2137 846 2214 περὶ
867 2136 1019 2200 Πλάτωνι
1045 2139 1092 2199 τῶ
1115 2137 1256 2218 κωμικῶ)
1278 2173 1320 2185 —-

181 2245 414 2322 Μιμαλῶνες
444 2244 527 2328 (ἤτοι
554 2247 606 2309 διὰ
634 2247 855 2324 Μακεδονικὴν
885 2244 1040 2326 ῑςτορίαν,
1070 2245 1137 2322 ἥτις
1164 2249 1263 2311 κεῖται
1284 2246 1320 2310 έν
1380 2301 1383 2308 ⁴

180 2358 247 2418 τοῖς
271 2355 483 2436 Καλλιμάχου)
506 2393 546 2401 -
576 2356 700 2435 Μίνθη
723 2355 890 2437 (Ὀρφεύς
913 2351 951 2417 τδ
974 2355 1113 2433 πρίνεον
1134 2355 1218 2437 μέγα
1241 2355 1322 2419 δέν-

182 2443 265 2542 δρον
287 2462 343 2527 ἐπὶ
364 2461 464 2545 χθονί
487 2462 542 2526 καὶ
565 2462 647 2547 φέρε
670 2463 816 2550 καρπόν)
853 2503 894 2512 -
932 2465 1065 2544 Μορία
1088 2465 1219 2548 (Ζήνων
1244 2466 1278 2528 δὲ
1301 2465 1320 2528 ὁ

181 2571 332 2656 Μίνδιος)

268 2796 438 2860 Νεκάδες
460 2797 615 2879 (Ὅμηρος
638 2846 645 2858 .
670 2847 676 2859 .
701 2847 708 2859 .
731 2847 737 2860 .
762 2797 792 2861 οἱ
814 2799 848 2861 δὲ
864 2796 1017 2876 νεώτεροι
1040 2847 1046 2860 .
1069 2846 1076 2860 .
1099 2846 1105 2860 .
1128 2847 1135 2859 .
1159 2798 1208 2860 καὶ
1224 2797 1320 2875 Ὅμη·

182 2927 252 2985 ρος·
275 2901 338 2969 οὐκ
362 2894 496 2968 ἔπαινοί
516 2904 674 2987 Ἀργείων
692 2909 841 2970 Δαναῶν
863 2905 1130 2988 κεκαδησόμεθα.
1154 2907 1241 2985 παρὰ
1263 2907 1320 2984 μὲν
1405 2975 1408 2982 ,

180 3021 247 3081 τοῖς
270 3020 425 3081 κυκλικοῑς
448 3017 480 3081 αἱ
503 3018 602 3096 ψυχαὶ
625 3011 773 3091 νεκάδες·
786 3019 950 3098 λέγονται)

271 3254 340 3318 190.
366 3255 591 3319 Ξενοδόκος
618 3255 650 3335 (δ
674 3257 730 3333 μὲν
753 3256 895 3334 Ὄμηρος
1019 3253 1192 3332 (ιμωνίδης
1214 3255 1249 3317 δὲ
1272 3255 1320 3317 καὶ

181 3364 342 3444 Πίνδαρος
365 3365 530 3433 καὶάλλοι
556 3367 640 3429 τινὲς
661 3366 885 3444 τὸνμάρτυρα
912 3364 1105 3429 ἐξεδέξαντο.
1134 3362 1321 3440 (ιμωνίδης·

183 3471 396 3556 ξεινοδόκησε
429 3471 604 3556 Τελαμών,
642 3476 711 3540 ἀντὶ
744 3479 803 3540 τοῦ
830 3473 1032 3552 έμαρτύρηςε.
1067 3473 1116 3536 καὶ
1143 3471 1321 3551 Πίνδαρος·

182 3581 384 3658 ξεινοδόκον
412 3581 442 3646 δ’
467 3583 601 3669 άρίστος
628 3581 751 3668 χρυσός
780 3583 818 3648 έν
846 3582 957 3662 αἰθέρι
986 3581 1142 3662 λάμπων,
1172 3582 1321 3648 ἀντὶ.τοῡ

182 3697 365 3776 μαρτυρῶν)
392 3732 434 3742 —-
463 3695 607 3775 Ξέςτης
636 3695 736 3778 (οὕτω
760 3693 933 3758 Φιλόξενος
956 3693 1060 3758 ἐντῶ
1084 3693 1155 3772 περὶ
1177 3698 1232 3770 τῆς
1255 3697 1321 3757 τῶν

181 3793 553 3885 Ῥωμαίωνδιαλέξεως)
1213 3787 1217 3796 ί

268 4042 435 4123 Οίςτρος
463 4044 525 4124 (καὶ
556 4041 765 4120 Καλλίμαχος·
794 4043 876 4122 βοῦς
898 4037 980 4103 σόον
1008 4033 1061 4126 [ὃν
1083 4039 1155 4102 add.
1178 4061 1220 4103 m.
1245 3995 1327 4126 που.)

92 4165 97 4176 ·
183 4173 218 4214 τε
240 4147 363 4233 μύωπα
385 4155 476 4234 βοοῖν
501 4150 681 4216 καλέουσιν
704 4147 865 4234 άμορβοί)
896 4189 933 4196 -
972 4150 1140 4229 Ὀργάδα
1163 4150 1322 4230 (Κόμανος

182 4263 217 4325 δὲ
241 4311 247 4325 .
270 4311 277 4325 .
300 4312 306 4325 .
330 4312 337 4325 .
360 4262 543 4343 (οφοιςλῆςΙ
572 4261 705 4342 θέλοιμι
733 4257 840 4342 πηλόν
864 4251 1085 4341 ὀργάσασθαι.
1110 4262 1160 4324 καὶ
1186 4262 1321 4341 Ἀριςτο-

182 4371 288 4453 φάνης
310 4372 467 4450 Ὄρνιςιν·
490 4364 618 4446 ἀποδὺς
641 4365 782 4454 ὀργάδα)
804 4408 847 4419 -
868 4369 1044 4448 Ὁριςμός

234 4491 277 4525 ππ.
298 4491 463 4525 maculem
483 4489 628 4525 οπαπουιι
647 4493 667 4529 1.
1077 4473 1120 4536 44
1149 4539 1152 4544 ¹
