3218 5094
596 335 643 381 nn
666 335 737 382 ono
761 335 805 381 nr
828 335 969 382 oriona.
1291 319 1354 382 639

208 489 248 552 τὰ
272 490 291 552 Γ
293 488 396 567 άγγρα
419 491 585 566 παρῆκται.
631 485 751 560 Quibus
773 487 842 568 ipse
864 484 1047 568 Stephanus
1069 486 1244 550 subnectit:
1271 487 1355 550 ἀλλὰ

208 599 260 664 καὶ
281 601 427 676 θηλυκῶε
450 597 572 672 λέγεται
594 597 613 674 ἡ
638 598 657 660 Γ
659 597 762 674 άγγρα
785 617 812 658 e.
830 618 859 678 q.
880 615 904 658 s.
950 595 1108 680 Congruit
1129 596 1164 659 in
1186 594 1243 660 Ori
1263 617 1353 678 prae-

209 710 338 789 ceptum
354 706 515 785 Διιιρηνόε
530 706 650 788 forma,
675 705 784 768 exilio
800 706 936 768 fortasse
952 705 1023 788 ipsa
1037 705 1139 788 petita
1155 727 1175 769 a
1189 704 1354 788 Stephano

207 838 240 898 p.
267 816 343 899 166,
370 817 420 879 17.
473 815 621 880 Ceterum
649 815 840 878 emendandi
867 815 971 878 viam
998 815 1070 878 aliis
1097 816 1233 897 probare
1261 815 1353 898 cupio

207 925 451 1008 restitutamque
473 925 684 1008 sententiam,
706 925 834 1010 singula
854 925 952 988 verba
975 925 1150 1011 minime.*)
1165 963 1208 974 -
1228 925 1267 990 In
1283 925 1353 988 loco
1382 975 1390 986 .

292 1197 316 1263 ⁵³)
337 1194 392 1263 [De
410 1195 463 1249 hac
479 1195 694 1264 impeditissima
713 1193 876 1262 quaestione
897 1211 954 1249 non
972 1194 1040 1248 mihi
1061 1197 1188 1265 tempero
1207 1194 1273 1262 quin
1291 1195 1352 1249 sub·

209 1287 367 1342 tihssimam
389 1287 523 1342 Lehrsii
547 1288 764 1358 disputationem
788 1287 922 1341 subiciam
945 1287 1084 1342 Censurae
1106 1307 1134 1357 p.
1152 1294 1203 1343 455
1226 1306 1266 1355 sq.
1291 1305 1353 1358 per·

208 1383 329 1447 textam,
347 1381 423 1434 cuius
441 1399 492 1434 nec
509 1381 664 1435 Lobeolrius
682 1382 848 1435 meminerat
865 1380 1050 1449 Pathologiae
1069 1382 1147 1435 elem.
1165 1381 1177 1434 Ι
1196 1399 1223 1450 p.
1244 1385 1291 1435 198
1310 1397 1350 1448 sq.

207 1491 260 1528 neo
280 1473 435 1528 Meinekius
458 1473 595 1544 Stephani
617 1473 660 1526 sui
681 1491 708 1542 p.
730 1481 769 1527 17.
793 1503 825 1511 —
849 1473 1012 1527 ‘Ritschelio
1036 1473 1154 1527 debetur
1177 1475 1352 1542 Γερμαρηνὸε

209 1585 260 1636 ρτο
281 1569 436 1635 Γερμανὸε,
458 1567 527 1620 item
551 1569 596 1620 καὶ
619 1551 799 1633 τὰΤέρμαρα
816 1568 882 1634 post
899 1568 935 1619 τὰ
953 1568 1104 1634 Θυάτειρα,
1127 1569 1156 1621 et
1173 1568 1210 1621 τὰ
1228 1569 1264 1632 μή
1282 1572 1326 1634 τῷ
1344 1584 1353 1619 ι

207 1677 259 1727 ρτο
277 1663 313 1713 τὰ
332 1662 440 1727 μέντοι,
460 1658 579 1726 denique
596 1659 684 1712 verba
701 1662 778 1725 πλὴν
796 1665 856 1712 τῶν
874 1659 914 1712 εἰ(
932 1676 950 1712 α
967 1661 1140 1726 οὐδετέρων,
1162 1659 1262 1712 lacuna
1279 1658 1352 1712 enim

207 1755 273 1820 post
291 1753 336 1806 καί
354 1752 442 1806 estin
467 1751 672 1820 ltehdigerano.
709 1750 764 1804 Sed
786 1751 906 1820 primum
928 1751 996 1805 levis
1014 1752 1149 1806 remansit
1171 1753 1281 1806 macula
1298 1755 1351 1806 δια·
1399 1731 1405 1743 ⁸

210 1851 330 1911 φοροῑτο
348 1863 399 1914 pro
417 1849 574 1912 διφοροῑτα;
593 1844 661 1898 item
680 1845 848 1912 Βοετρανόε,
866 1861 932 1897 nam
950 1861 967 1897 a
986 1847 1095 1913 Βόετρα
1106 1862 1161 1898 non
1179 1847 1223 1899 est
1235 1846 1353 1912 Βοετρα-

209 1939 271 2004 νόε,
297 1937 346 1990 sed
370 1941 541 2005 Βοττρηνότ,
564 1956 588 1991 ν.
614 1936 709 2005 Steph.
734 1955 755 1988 s.
780 1939 900 2004 Ederae,
927 1939 1045 2006 Γάγγρα,
1072 1940 1179 2005 Γάδαρα
1201 1939 1231 1991 et
1252 1939 1350 2004 Ἐγραε
1431 1928 1434 1936 ’

210 2030 283 2084 unde
301 2030 383 2084 simul
400 2033 480 2100 patet
497 2030 550 2083 hoo
566 2030 732 2084 vocabulum
751 2031 800 2082 aut
817 2028 845 2082 in
862 2029 954 2083 locum
971 2047 1027 2084 non
1051 2049 1130 2084 suum
1148 2031 1285 2100 migrasse
1304 2031 1353 2083 aut

209 2122 320 2177 omnino
344 2141 399 2177 non
422 2141 483 2177 esse
506 2140 524 2176 a
547 2105 699 2191 Stephano.
735 2122 831 2176 Tertio
853 2122 915 2176 loco
939 2140 995 2176 non
1012 2123 1140 2192 procedit
1162 2124 1242 2177 ratio.
1279 2123 1351 2176 Nam

134 2269 136 2282 ¹
208 2231 279 2282 quae
298 2233 314 2282 ρ
332 2219 397 2269 ante
416 2217 570 2269 extremam
587 2216 706 2281 habent,
724 2233 758 2268 ea
775 2233 830 2269 non
848 2232 920 2283 pura
937 2217 1013 2268 sunt:
1031 2233 1120 2284 neque
1136 2215 1223 2285 igitur
1234 2218 1353 2284 possunt

209 2307 298 2377 excipi
316 2325 349 2362 ex
366 2309 451 2377 puris.
488 2309 595 2362 Deinde
613 2309 700 2362 verba
718 2309 757 2362 εἰ(
776 2327 793 2361 α
812 2311 886 2362 certe
904 2307 1078 2363 incommode
1096 2309 1188 2376 illata,
1207 2327 1273 2363 narn
1290 2310 1352 2362 tota

208 2401 306 2470 regula
323 2419 379 2455 non
402 2403 445 2454 cst
466 2401 519 2454 nisi
542 2401 576 2454 do
599 2400 632 2453 iis
651 2417 723 2468 quae
746 2404 810 2454 sunt
831 2401 860 2454 in
878 2418 904 2454 α.
940 2401 1065 2468 Denique
1088 2402 1154 2468 quid
1178 2405 1221 2455 est
1242 2403 1278 2455 τὰ
1301 2404 1352 2467 μὲν

208 2496 284 2562 παρὰ
300 2497 355 2560 τὴν
374 2495 536 2562 Ἀγκυρανῗ
560 2496 609 2547 aut
625 2494 818 2560 requirebatur
835 2497 870 2546 τὸ
889 2496 952 2561 μέν,
971 2496 1047 2561 παρὰ
1064 2497 1118 2560 τὴν
1135 2497 1290 2561 Ἄγκυραν,
1313 2511 1350 2547 sc.

208 2589 256 2655 ὀν,
280 2589 329 2642 aut
345 2587 448 2640 iterum
469 2587 569 2641 Ιοοιιυα
590 2586 739 2640 indicanda
760 2589 825 2656 post
848 2589 997 2654 Ἄγκυραν.
1035 2587 1094 2640 Νυο
1115 2587 1168 2640 hoc
1191 2587 1351 2656 expeditum

208 2683 263 2748 est,
288 2697 335 2733 cur
353 2680 429 2734 dicat
454 2683 625 2747 Ἀγκυρανόε
648 2681 873 2734 accommodasse
897 2697 926 2734 sc
949 2680 985 2733 ad
1004 2681 1147 2746 (ωρανόει
1172 2681 1285 2748 poterat
1307 2697 1352 2734 eo-

208 2774 271 2827 dem
290 2775 348 2828 iure
365 2775 425 2827 vioe
444 2791 524 2827 versa
542 2775 674 2839 (ωρανόε
693 2773 933 2828 accommodatum
951 2773 1042 2827 dicere
1060 2772 1097 2826 ad
1116 2775 1300 2840 Ἀγκυρανότ,
1323 2772 1349 2826 h.

207 2885 230 2921 e.
250 2871 378 2920 neutrum
400 2869 525 2935 poterat:
547 2883 613 2919 nam
632 2868 802 2934 Ἀγκυρανότ
821 2869 850 2920 ct
868 2867 1001 2934 (ωρανόε
1020 2867 1119 2936 eadem
1141 2868 1239 2936 regula
1255 2868 1350 2920 tenen-

207 2961 259 3014 tur.
290 2961 366 3026 Non‚
383 2961 509 3027 inquam,
528 2959 687 3028 expeditum
705 2963 760 3013 est:
779 2959 912 3028 expedias
929 2959 1048 3014 fortasse
1067 2961 1114 3026 sic,
1131 2962 1163 3013 ut
1179 2961 1278 3029 regula
1294 2977 1350 3013 non

208 3053 350 3107 contineat
371 3053 469 3106 Italica
497 3056 559 3118 (nec
582 3051 734 3106 Herodiani
760 3051 859 3120 regula
887 3053 1033 3120 continet),
1061 3070 1178 3119 quorum
1205 3053 1350 3107 character

208 3146 297 3198 estin
315 3148 393 3213 ανὸτ,
411 3145 439 3198 in
457 3145 527 3200 haec
543 3145 638 3214 igitur,
657 3162 728 3212 quae
747 3163 801 3199 uno
820 3146 916 3199 Italico
935 3146 1062 3214 exemplo
1078 3144 1244 3213 indicantur,
1261 3146 1349 3200 incur-

208 3239 276 3292 risse
294 3238 370 3292 dicat
388 3241 573 3307 Ἀγκυρανόε,
595 3239 653 3292 fere
671 3241 702 3292 ut
720 3237 815 3307 Steph.
835 3239 869 3292 de
888 3240 984 3306 (ώρα,
1003 3243 1142 3293 Phoenicia
1165 3239 1246 3305 urbe,
1268 3238 1349 3292 dicit:

207 3333 241 3384 τὸ
259 3333 371 3385 ἐθνικὸν
389 3332 537 3399 (arperht,
559 3333 598 3386 ὼε
623 3333 766 3390 Νωλανὸτ.
800 3332 861 3385 Iam
883 3331 985 3398 siquis
1008 3349 1025 3383 a
1042 3348 1086 3384 me
1107 3331 1169 3400 ipso
1192 3332 1350 3400 expostulet

208 3425 239 3476 ut
256 3424 402 3478 emendem
421 3424 495 3490 quod
513 3426 542 3478 et
558 3425 587 3477 in
604 3425 773 3479 editionibus
792 3423 1030 3493 corruptissimum
1053 3426 1096 3477 est
1113 3441 1164 3478 nec
1181 3425 1218 3477 ab
1236 3426 1349 3478 auctore

208 3519 304 3571 nostro
321 3518 417 3587 potest
434 3519 564 3571 sanatum
580 3518 681 3584 videri,
703 3535 787 3572 unum
810 3533 899 3587 paene
917 3535 968 3587 pro
987 3519 1063 3570 certo
1085 3517 1293 3583 affirmaverim,
1311 3519 1348 3571 ab

205 3609 284 3664 initio
308 3627 342 3664 ea
363 3610 472 3666 ratione
489 3611 696 3681 procedendum
717 3629 779 3666 esse
798 3629 881 3678 quam
899 3611 1038 3679 significat
1055 3610 1123 3663 illud
1145 3611 1290 3679 vulgatum
1313 3613 1348 3664 τὰ

207 3705 301 3769 μέντοι
324 3705 410 3770 (solus
432 3704 643 3772 ltehdigeranus
667 3705 739 3758 αὐτά
757 3721 808 3772 ρτο
826 3705 871 3772 τά)
890 3706 919 3758 et
937 3704 1083 3758 confirmat
1103 3704 1219 3758 lacunae
1238 3703 1347 3772 signum

207 3797 281 3864 qnod
298 3795 327 3850 in
345 3797 477 3852 Perusino
500 3801 544 3851 est
566 3801 631 3866 post
654 3797 752 3864 Ὠροει
776 3798 793 3850 ὁ
814 3799 845 3851 δὲ
862 3798 946 3864 Ὦροτ
970 3800 1006 3850 τὰ
1030 3799 1080 3863 μὲν
1098 3800 1135 3863 μὴ
1154 3798 1349 3863 καθαρεύοντα

207 3931 291 3946 .....
309 3893 346 3945 τὰ
365 3893 460 3957 μέντοι
477 3892 673 3956 καθαρεύοντα
689 3897 733 3958 τῷ
751 3909 769 3958 η
789 3892 862 3944 θέλει
874 3893 1091 3958 παραλὴγεεθαι,
1110 3893 1194 3957 χωρὶς
1213 3889 1237 3944 εἰ
1250 3893 1287 3956 μὴ
1305 3895 1348 3957 τῷ

206 4001 222 4050 ρ
240 3987 472 4053 πορεδρευὸμενα
489 3987 643 4052 οιφοροῑτο.
678 3984 807 4050 Reliqua,
826 4000 898 4051 quae
915 3970 1057 4051 nunquam
1076 3987 1153 4037 certa
1170 3985 1261 4048 enmt,
1286 3999 1348 4036 cum

205 4076 234 4129 in
251 4077 354 4134 talibus
373 4078 538 4134 eliciendum
556 4078 593 4131 sit
610 4077 677 4145 quid
693 4076 817 4146 potuerit
835 4075 968 4144 scripturn
985 4078 1082 4142 irrisae,
1106 4076 1208 4146 duplici
1225 4075 1272 4129 via
1288 4077 1346 4129 ten·

206 4169 287 4223 tabo:
311 4170 378 4238 quid
399 4188 417 4225 a
433 4170 585 4226 Ritschelio
608 4173 704 4240 petam
727 4188 759 4225 ex
777 4169 915 4239 prioribus
940 4170 1031 4223 ridere
1049 4171 1127 4224 licet:
1151 4171 1278 4236 καθάπερ
1301 4171 1347 4222 ἐπὶ

205 4267 258 4316 τοῦ
279 4265 448 4331 Ἀγκυρανὸτ
466 4269 512 4319 καὶ
531 4267 615 4319 πάλιν
633 4267 834 4333 θυατειρηνὸτ,
856 4265 1031 4331 Γερμαρηνὸε
1049 4265 1094 4315 καὶ
1115 4264 1287 4331 Γαγγρηνὸε·
1304 4261 1346 4315 ὡν

205 4359 240 4412 τὸ
259 4358 322 4423 μέν,
343 4360 418 4424 παρὰ
435 4362 489 4425 τὴν
508 4362 663 4426 Ἀγκυραν,
683 4361 864 4426 τυνεξέδραμε
880 4363 924 4424 τῷ
943 4357 1090 4424 (reponte,
1112 4359 1149 4410 τὰ
1170 4358 1200 4410 δὲ
1217 4357 1275 4412 ἀπὸ
1292 4360 1345 4410 τοο
