3254 5092
630 348 748 408 unove
771 347 988 398 nnmoocao.
1321 335 1380 399 183

240 500 359 567 Confer
391 501 474 584 quod
507 500 546 564 de
579 501 683 583 primo
716 523 839 584 quaque
872 501 993 585 pagina
1025 523 1126 566 vacua
1159 502 1379 587 praecepimus

239 633 271 694 p.
298 611 359 674 123
381 609 490 674 adnot.
535 609 622 685 Quae
646 632 717 674 cum
739 610 785 674 ita
807 611 888 694 sint,
913 610 1086 674 conicimus
1108 612 1202 694 plene
1224 612 1378 696 scriptum

239 720 338 784 fuisse
353 708 570 786 detentori<
588 722 641 785 ΕΠ
644 723 685 786 u:
713 720 843 785 tametsi
864 719 1033 784 fatendum
1055 723 1104 784 est
1125 721 1260 786 alterum
1284 722 1379 786 huius

238 830 324 894 vocis
340 830 520 914 exemplum
534 829 569 893 in
591 829 641 893 bis
663 829 791 914 quidem
805 829 1018 900 voluminibus
1040 851 1106 893 non
1120 834 1283 914 repertum
1297 853 1376 896 esse.

238 939 428 1004 Rectissime
450 939 551 1024 igitur
572 939 611 1003 de
633 939 718 1003 illius
740 940 840 1023 ipsius
862 939 1048 1022 voluminis,
1077 938 1165 1004 cuius
1189 942 1227 1004 17
1250 943 1377 1006 tantum

238 1049 375 1133 paginas
389 1054 546 1113 memorat
562 1048 734 1134 Oatalogus
750 1049 828 1132 On,
850 1049 1038 1134 integritate
1054 1049 1132 1112 olim
1146 1049 1377 1114 dubitavimus:

237 1180 299 1242 quo
326 1159 454 1242 quidem
475 1180 541 1222 non
569 1159 683 1223 leviter
704 1159 807 1223 omnis
830 1158 882 1223 via
909 1159 965 1222 illa
988 1158 1243 1241 commendatur,
1273 1181 1336 1243 qua
1359 1181 1376 1224 e

237 1267 481 1332 difficultatibus
509 1289 576 1331 non
602 1268 814 1332 mediocribus
846 1289 905 1332 nos
934 1268 1082 1352 expedire
1115 1291 1146 1351 p.
1178 1269 1237 1332 127
1268 1271 1376 1334 conati

237 1392 354 1442 sumus.
375 1416 417 1426 -
439 1375 540 1442 Simul
563 1377 698 1442 alterum
719 1377 808 1442 nacti
835 1399 942 1442 sumus
968 1377 1221 1462 significatarum
1242 1381 1375 1446 (ελὶδων

237 1487 417 1570 exemplum
438 1489 567 1571 praeter
590 1487 683 1568 illud,
708 1486 791 1570 quod
812 1487 1014 1551 coniecturae
1033 1489 1161 1550 tautum
1182 1487 1374 1552 debebamus

237 1619 269 1679 p.
288 1596 347 1660 128
369 1597 561 1680 propositae.
607 1595 669 1661 Sed
692 1617 763 1660 cum
787 1597 1031 1663 ΚΟΛΛΗΜΑΤΑ
1054 1598 1197 1662 (ΕΔΙΟΗ
1221 1596 1375 1680 interpre-

236 1705 297 1768 tati
325 1727 463 1772 essemus
489 1707 672 1784 κολλήματα
700 1706 832 1771 celidros
839 1755 848 1788 ,
884 1709 920 1770 ut
947 1706 1072 1769 numeri
1100 1709 1181 1784 ‚note
1209 1707 1374 1770 evanuisse

236 1818 417 1898 putaretur,
445 1815 531 1880 hano
553 1816 653 1879 latere
674 1814 780 1899 potius
801 1815 837 1878 in
859 1815 1002 1881 (ΕΔΙΟΗ
1027 1814 1217 1899 Spengelius
1238 1816 1373 1899 monuit,

236 1922 282 1988 sie
309 1924 451 2008 quidem:
480 1929 554 1990 (ελι.
585 1920 634 2005 οη’
662 1925 694 1989 h.
718 1944 746 1989 e.
775 1931 961 2004 popinarum
985 1925 1035 1988 78.
1080 1924 1165 1999 Quas
1193 1924 1274 1988 adde
1302 1927 1373 1989 reli-

235 2035 305 2118 quis
333 2034 501 2117 exemplis,
533 2034 645 2117 quibus
673 2055 739 2098 non
768 2055 875 2098 raram
900 2033 999 2098 fuisse
1026 2036 1153 2098 tantam
1179 2034 1374 2119 paginarum

236 2143 315 2226 (sive
345 2131 578 2227 columnarum,
607 2147 643 2208 ut
671 2143 764 2207 hodie
792 2143 962 2228 loquimur)
985 2144 1222 2208 multitudinem
1244 2145 1372 2209 demon-

166 2279 172 2292 ·
235 2254 403 2318 stravimus
418 2277 449 2337 p.
466 2254 518 2318 30.
537 2253 608 2318 127.
646 2251 751 2327 Quid?
773 2253 855 2336 quod
876 2253 983 2337 plures
1006 2253 1104 2316 ctiam
1125 2276 1221 2337 quam
1244 2258 1373 2320 centum

215 2443 216 2446 Ἴ
233 2362 373 2447 paginae
387 2362 596 2446 perhibentur
611 2362 677 2426 eius
693 2362 862 2428 voluminis
877 2384 955 2444 esse,
973 2383 1034 2446 quo
1049 2361 1228 2427 Philodemi
1243 2385 1260 2428 e
1273 2363 1372 2428 Zeno-

233 2472 284 2536 nis
299 2475 371 2553 περὶ
393 2473 480 2550 ἠθῶν
497 2475 547 2539 καὶ
567 2473 644 2553 βίων
660 2472 750 2536 libris
766 2475 916 2556 excerpta
932 2471 1147 2536 eontinentur.
1183 2472 1266 2536 Vide
1287 2475 1372 2537 Acta

233 2581 468 2666 philologorum
482 2581 715 2666 Norimbergae
738 2584 1006 2667 congregatorum
1026 2604 1057 2665 p.
1077 2581 1127 2644 18.
1168 2579 1254 2668 [Alia
1277 2604 1371 2665 quae-

233 2689 307 2754 dam
322 2691 383 2756 huc
398 2691 593 2774 pertinentia
609 2712 680 2754 cum
691 2691 843 2776 Spengeli
858 2695 927 2754 tum
939 2690 1109 2773 Gomperni
1123 2711 1264 2774 nuperae
1277 2712 1371 2756 curae

233 2798 268 2864 in
288 2800 501 2865 voluminibus
523 2799 817 2865 Herculanensibus
839 2801 963 2884 positae
985 2802 1138 2883 praebere
1161 2800 1336 2889 poterunt]

315 2910 347 2973 4.
377 2909 523 2976 Ceterum
546 2911 584 2974 de
610 2911 806 2993 (τιχομετρίᾳ
827 2911 976 2974 universa
997 2910 1065 2994 egit
1086 2913 1213 2994 praeter
1227 2909 1370 2975 lonsium

233 3019 372 3103 aliosque
393 3019 469 3084 olim
484 3042 504 3082 a
520 3020 613 3084 nobis
630 3023 890 3084 commemoratos
912 3019 1007 3086 etium
1026 3019 1224 3085 Schwarzius
1245 3021 1301 3084 ‘de
1319 3041 1370 3084 or-

231 3128 392 3192 namentis
407 3129 576 3194 librorum'
592 3152 623 3212 p.
641 3130 682 3194 62
696 3151 756 3212 sq.‚
773 3151 793 3191 a
808 3129 921 3212 quibus
936 3132 1099 3213 tamquam
1113 3129 1214 3193 nubes
1229 3129 1369 3195 virorum

231 3237 395 3302 doctorum
425 3238 565 3323 cogitio,
594 3238 649 3321 qui
677 3237 712 3302 in
734 3240 845 3302 ecdem
872 3259 989 3322 genere
1018 3239 1261 3322 elaborarint*).
1307 3239 1367 3304 Sed

230 3368 289 3409 nos
316 3347 443 3431 quidem
470 3368 531 3411 nec
559 3347 715 3432 Scaligeri
743 3346 931 3431 Pithoeique
963 3368 1023 3410 nec
1050 3347 1193 3430 Barthii‚
1229 3347 1368 3431 Heinsii,

230 3453 346 3539 Lipsii,
370 3456 460 3540 Cari,
484 3456 621 3540 Valesii,
644 3456 699 3522 Er.
723 3457 893 3539 Schmidt,
919 3456 1054 3540 Glaesii,
1083 3457 1256 3540 Leusdeni‚
1286 3456 1369 3522 Stol-

231 3565 337 3650 bergi,
366 3565 506 3648 Simoni,
536 3565 731 3650 Martianayi
759 3566 992 3649 disputationes
1015 3566 1165 3630 vidimus:
1197 3587 1258 3630 nec
1280 3587 1367 3630 nunc

229 3676 423 3757 perscrutari
437 3680 541 3740 vacat.
580 3675 776 3761 Diligentius
791 3697 887 3759 quam
902 3676 1005 3759 ipsam
1021 3698 1168 3740 versuum
1183 3697 1365 3741 mensuram

229 3782 353 3847 lonsius
375 3783 423 3866 H,
452 3784 483 3867 5,
508 3787 525 3848 'l
549 3808 580 3868 p.
611 3785 672 3848 162
700 3807 746 3868 sq.
777 3784 825 3848 ed.
855 3783 923 3848 Ien.
952 3785 1043 3849 illum
1070 3785 1175 3849 locum
1200 3786 1364 3868 tractavit,

229 3892 282 3976 qui
311 3895 360 3956 est
391 3893 431 3956 de
452 3892 605 3958 librorum
640 3893 790 3958 initiis:
823 3914 917 3977 quem
946 3915 1004 3958 nos
1036 3893 1202 3980 tetigimus
1228 3916 1260 3978 p.
1293 3895 1363 3958 114.

295 4096 320 4164 ²¹⁵)
339 4095 427 4164 [Adde
445 4111 462 4148 a
479 4094 621 4150 Voemelio
640 4097 870 4150 commemoratos
888 4096 907 4148 l.
926 4112 947 4148 s.
967 4113 988 4149 s.
1007 4113 1034 4164 p.
1053 4101 1103 4150 220
1121 4101 1136 4161 ξ
1155 4101 1195 4151 73,
1230 4095 1285 4150 Vbi
1303 4113 1365 4150 cum

228 4185 353 4240 Morellio
380 4187 454 4241 teste
477 4187 606 4255 ‘egregie
629 4187 664 4242 de
688 4186 878 4242 stiebometu'a
898 4188 964 4257 post
986 4186 1055 4242 alios
1083 4187 1243 4242 dissermsse
1266 4188 1364 4244 Frater

229 4276 341 4332 Gabriel
353 4277 471 4347 Fabricy
483 4278 511 4332 in
524 4279 660 4334 diatriba’
679 4279 801 4346 quodum
813 4297 893 4335 sacra
904 4279 1015 4347 dicitur,
1031 4297 1129 4334 vereor
1141 4297 1175 4335 ne
1192 4278 1362 4352 investigat-o

228 4368 299 4426 libro
318 4370 452 4427 carbones
470 4369 555 4424 simus
572 4389 623 4442 pro
640 4371 772 4428 thesauro
789 4371 947 4441 inventuri]
