3218 5094
274 331 339 395 594
658 345 704 392 nn
728 345 797 392 ono
820 345 865 391 nr
888 343 1030 392 emona.

276 497 359 582 quod
389 497 430 560 ab
458 496 623 560 novissimi
651 497 815 580 scriptoris
844 499 950 560 aetate
978 495 1012 558 in
1034 496 1110 559 boni
1140 494 1289 578 cuiusque
1315 515 1425 579 gram

277 607 386 670 matici
418 607 654 670 commentariis
684 607 724 670 ad
753 610 861 690 partes
890 605 1163 670 vocati'ducitur:
1195 608 1231 668 ut
1259 604 1332 668 huic
1360 605 1425 688 ipsi

278 717 425 800 scriptori
447 717 515 782 fere
538 739 657 801 suppar
679 739 739 780 nec
761 717 862 780 multo
885 717 1043 800 posterior
1064 715 1293 800 grammaticus
1315 714 1425 778 existi-

278 827 412 891 mandus
445 827 497 891 sit.
549 827 747 911 Quamquam
780 827 886 910 potuit
918 827 1016 890 etiam
1049 826 1191 910 aequalis
1224 848 1307 889 esse:
1340 826 1424 909 quod

280 959 350 1001 cum
373 938 444 1002 aliis
467 938 619 1021 exemplis
644 938 832 1002 confirmare
854 937 951 1000 liceat
974 937 1029 1022 (cf.
1047 935 1217 1000 Villoisoni
1239 935 1365 1020 Proleg.
1389 936 1425 998 in

279 1049 486 1131 Apollonium
510 1047 607 1131 Soph.
631 1071 662 1131 p.
688 1047 768 1112 VIII
790 1049 874 1132 sqq.)
881 1097 890 1130 ,
913 1049 982 1112 tum
1004 1047 1038 1110 in
1061 1046 1240 1132 Diogenem
1262 1045 1425 1109 Laertium

280 1158 392 1222 cadere
409 1158 575 1222 contendit
590 1157 736 1221 Ranlrius
752 1159 790 1221 dc
806 1156 968 1240 Hesychio
983 1181 1015 1241 p.
1032 1159 1071 1222 61
1088 1179 1134 1241 sq.
1166 1157 1425 1221 Consentaneum

281 1273 387 1332 autem
409 1269 488 1330 illud
511 1268 629 1331 rationi
653 1271 701 1331 est
724 1290 795 1331 cum
817 1267 971 1350 maxime,
998 1272 1035 1331 ut
1056 1289 1118 1352 quo
1140 1267 1210 1352 quis
1234 1266 1354 1330 acriore
1376 1266 1425 1328 in-

280 1373 402 1442 dustria
430 1378 465 1441 in
499 1378 577 1442 artis
612 1379 843 1462 grammaticae
876 1378 1181 1462 pervestigationem
1215 1377 1424 1458 incumberet,

281 1511 317 1551 eo
340 1488 510 1552 studiosius
534 1487 696 1570 credatur,
720 1488 872 1572 quidquid
895 1491 951 1550 aut
973 1487 1153 1572 aequalium
1176 1490 1233 1550 aut
1247 1508 1350 1570 nuper
1373 1487 1426 1550 de-

280 1598 465 1662 functorum
493 1599 613 1682 scripta
642 1597 840 1664 conducibile
869 1598 1036 1680 offerrent,
1071 1596 1106 1660 in
1138 1618 1206 1661 rem
1233 1619 1324 1661 suam
1352 1617 1426 1661 con-

280 1708 423 1772 vertisse.
469 1707 559 1783 Quod
582 1707 708 1792 quidem
736 1730 793 1771 sua
820 1711 935 1791 sponte
957 1708 1156 1792 intellegitur
1183 1707 1218 1772 in
1243 1707 1427 1792 antiquiora

280 1821 406 1882 tantum
431 1819 558 1882 saecula
582 1817 694 1882 cadere
717 1839 824 1882 eorum
848 1818 1147 1903 grammaticorum,
1177 1818 1231 1901 qui
1259 1820 1371 1901 suopte
1395 1821 1428 1881 et

281 1928 398 1990 iudicio
430 1930 596 1992 uterentur
625 1932 657 1991 et
684 1929 793 1992 labore
821 1929 855 1992 in
883 1927 1098 2012 conquirenda
1127 1928 1428 1992 commentariorum

283 2037 419 2100 materia
442 2041 662 2121 versarentur,
691 2037 827 2102 necdum
851 2060 868 2102 e
889 2038 1031 2122 priorum
1055 2038 1246 2102 auctoritate
1267 2038 1328 2102 toti
1349 2060 1428 2122 pen·

285 2147 398 2210 dorent
420 2150 456 2210 ut
478 2147 597 2210 novicii
618 2147 748 2211 infimae
772 2149 887 2212 aetatis
909 2148 1094 2234 magistelli.
1132 2148 1184 2211 Ad
1207 2149 1306 2213 Orum
1327 2147 1430 2232 igitur

284 2257 444 2320 Milesium
465 2261 502 2321 ut
523 2259 702 2321 revertatur
725 2259 842 2342 oratio,
871 2259 906 2322 in
927 2261 1021 2322 tanta
1043 2258 1298 2323 testimoniorum
1320 2258 1428 2321 multi-

282 2367 394 2431 tudine
417 2369 458 2432 ab
481 2367 535 2431 illo
559 2368 729 2432 allatorum
750 2390 816 2432 non
838 2369 947 2433 inveni
970 2371 1094 2452 tamen,
1124 2390 1217 2452 quem
1239 2371 1345 2433 aetate
1368 2369 1427 2432 mi-

283 2499 394 2542 norem
423 2478 530 2542 citarit
556 2478 626 2561 ipso
654 2479 725 2562 illo,
756 2479 806 2543 cui
833 2479 986 2562 peculiari
1014 2479 1122 2542 libello
1151 2478 1336 2544 adversatus
1367 2482 1428 2562 est,

283 2587 467 2674 Phrynicho
490 2588 711 2672 grammatico,
757 2588 841 2652 Huic
869 2589 969 2673 igitur
996 2589 1096 2652 ferme
1120 2590 1300 2673 aequalem,
1327 2587 1429 2652 Hero-

284 2699 380 2762 diano
409 2719 579 2782 supparem
605 2698 721 2762 vixisse
749 2697 905 2780 suspicor:
939 2703 975 2762 ut
1006 2720 1072 2762 non
1106 2698 1251 2762 videatur
1279 2703 1336 2762 aut
1361 2721 1429 2762 non

284 2809 419 2872 multum
443 2810 527 2872 certe
543 2808 703 2872 saeculum
719 2830 751 2891 p.
768 2807 825 2872 Ch.
842 2830 876 2871 n.
893 2807 1028 2872 alterurn
1044 2809 1110 2872 eius
1133 2811 1222 2873 aetas
1235 2809 1427 2873 excessisse.

285 2918 524 3002 Theognostum
552 2918 637 2980 enim
665 2917 719 2981 Et.
748 2919 791 2982 M.
821 2941 853 3002 p.
882 2919 960 3002 618,
985 2919 1021 3002 2,
1051 2918 1152 3002 csuode
1180 2919 1267 2982 infra
1292 2919 1427 3000 dicetur,

286 3049 379 3092 nemo
401 3049 497 3091 sanus
520 3027 649 3091 obiciat.
684 3027 773 3102 Quod
796 3031 902 3092 autem
926 3028 1012 3092 nolui
1029 3029 1195 3094 Osannum
1212 3029 1355 3092 imitatus
1379 3029 1429 3113 (in

253 3137 419 3202 aphilea.
443 3161 474 3222 p.
499 3138 561 3202 318
584 3138 707 3223 adnot.)
730 3145 893 3204 indiculum
916 3139 1006 3202 illum
1026 3147 1295 3218 prummalicorum
1322 3141 1358 3202 ut
1380 3139 1430 3202 ait

288 3255 565 3313 Alexandrinorum
588 3248 744 3312 antestari
765 3247 899 3312 Venetis
927 3247 961 3312 in
983 3249 1157 3313 Homerum
1186 3249 1315 3314 scholiis
1337 3269 1429 3332 prae-

286 3359 416 3422 missum
443 3382 475 3442 p.
505 3357 554 3423 ῙΠ
582 3357 702 3441 Besa,
735 3359 769 3422 in
801 3380 863 3442 quo
890 3379 955 3422 non
985 3359 1074 3422 deest
1101 3359 1158 3424 Ori
1186 3381 1318 3423 nomen:
1345 3358 1429 3421 nihil

287 3470 376 3533 illum
404 3470 486 3533 scias
513 3469 599 3532 aliud
627 3490 694 3532 esse
716 3468 779 3532 nisi
802 3468 986 3532 incohatum
1013 3468 1152 3533 indicem
1179 3471 1370 3554 scriptorum
1393 3469 1429 3532 in

288 3579 417 3643 scholiis
440 3581 625 3661 citatorum,
654 3579 686 3641 id
713 3579 796 3663 quod
823 3600 864 3642 ne
886 3577 1031 3643 Rankius
1058 3579 1185 3663 quidem
1211 3580 1233 3643 l.
1259 3601 1285 3642 c.
1308 3601 1341 3662 p.
1367 3577 1431 3642 120

289 3691 366 3752 satis
388 3690 513 3753 videtur
535 3688 748 3773 perspexisse,
778 3691 884 3752 fontes
908 3689 1081 3752 arbitratus
1104 3711 1121 3752 e
1144 3689 1256 3773 quibus
1278 3687 1429 3753 haurian-

288 3803 341 3863 tur
363 3798 493 3863 scholia.
539 3798 720 3862 Consimilis
743 3799 824 3862 ratio
850 3800 899 3862 est
924 3799 1038 3862 indicis
1066 3799 1256 3882 scriptorum
1278 3797 1431 3862 Favorini

293 3909 420 3992 llclogis
442 3909 623 3992 praemissi:
647 3930 724 3991 quos
746 3909 879 3972 mirifice
900 3908 1032 3972 fallatur
1054 3908 1108 3992 qui
1130 3909 1171 3972 ab
1194 3908 1263 3992 ipso
1281 3908 1430 3973 Camerte

290 4020 389 4082 lectos
417 4018 535 4082 credat.
586 4019 654 4082 Nec
676 4019 807 4082 omnino
833 4017 912 4082 illud
939 4039 999 4084 non
1021 4026 1108 4084 cusai
1128 4024 1278 4096 dandum,
1310 4023 1430 4096 quibus-

290 4151 357 4193 cum
380 4150 441 4194 rmu
464 4128 642 4211 appelletur
656 4128 885 4212 grammaticus
907 4129 1054 4212 quisque:
1077 4127 1331 4212 quandoquidem
1347 4127 1432 4192 Orus

292 4241 418 4321 praeter
440 4239 676 4322 antiquissimos
696 4239 868 4322 magistros
884 4260 980 4321 supra
995 4238 1114 4321 positos
1129 4239 1274 4322 iungitur
1288 4237 1433 4301 omnium

292 4349 490 4411 saeculorum
512 4349 746 4432 grammaticis,
771 4347 925 4430 Arcadio,
951 4347 1184 4431 Choerobosc0‚
1209 4346 1342 4429 Crateti,
1367 4346 1431 4411 Eu-
