3218 5094
238 310 301 374 598
625 326 671 372 us
695 325 765 374 ono
787 325 831 372 11
854 324 996 372 0110111.

239 481 383 546 servetur
406 479 585 542 litterarum
607 478 683 541 ordo
706 477 822 562 (quode
845 477 954 540 monui
976 474 1216 561 Prolegomenis
1243 473 1279 537 11
1300 473 1383 537 Tho

240 610 326 651 mam
341 588 429 672 Mag.
445 611 477 672 p.
495 587 556 652 XV
572 590 635 674 sq.)
643 639 651 669 ,
676 591 709 650 et
730 608 821 670 vero,
846 608 927 670 quae
948 608 982 650 re
1005 589 1081 651 sunt
1104 585 1291 668 coniuncta,
1319 604 1384 648 una

191 699 319 761 1511011
351 699 564 781 continuaque
599 696 766 762 notatione
803 695 1129 780 comprehendantur,
1167 694 1202 758 in
1235 693 1383 760 Gudiano

242 810 348 872 autem
376 807 486 872 eadem
514 829 572 891 per
598 807 742 892 singulas
771 807 947 890 particulas
979 805 1140 888 discerpta
1170 803 1385 888 compluribus

242 917 472 1000 dispertiantur
498 917 729 982 notationibus.
775 916 873 980 Velut
899 917 934 982 in
962 915 1019 980 1110
1046 936 1127 1001 quae
1156 914 1386 980 continuantur

242 1051 272 1090 v.
297 1028 440 1110 idaeos,
464 1027 499 1091 in
521 1027 582 1091 hoc
604 1026 702 1090 habes
725 1026 890 1109 tripartita
912 1049 944 1110 p.
968 1027 1047 1108 413,
1071 1024 1123 1090 25.
1147 1025 1199 1090 33.
1222 1025 1279 1108 35,
1312 1045 1386 1088 ean·

243 1137 376 1221 denique
398 1137 557 1202 rationem
578 1135 692 1200 horum
719 1136 936 1220 deprehendes
963 1135 1017 1200 Et.
1041 1135 1085 1198 M.
1109 1157 1141 1218 p.
1166 1135 1245 1218 610,
1269 1135 1322 1200 30.
1344 1132 1388 1198 49

243 1271 273 1312 v.
297 1250 388 1313 ξένο(
410 1277 453 1302 =
480 1246 561 1311 Gud.
592 1247 671 1330 414,
694 1245 747 1311 45.
774 1245 854 1328 415,
885 1247 914 1310 1.
937 1245 973 1329 43
1000 1283 1042 1294 --
1071 1245 1126 1311 Et.
1149 1245 1194 1309 M.
1223 1245 1319 1325 ξηρόν
1345 1271 1388 1299 --

245 1356 326 1421 Gud.
349 1357 423 1439 415,
449 1359 498 1420 17.
514 1356 572 1439 203
592 1393 634 1406 -
656 1357 805 1437 ψάμαθοι
824 1385 867 1412 =
888 1354 969 1420 Gud.
986 1355 1060 1438 572,
1081 1355 1134 1420 56.
1156 1356 1230 1438 573,
1246 1355 1277 1420 5.
1294 1355 1329 1438 63
1345 1391 1388 1403 ·-

245 1467 366 1547 ψεδνό(
380 1495 424 1522 =
445 1465 527 1530 Gud.
543 1465 617 1548 573,
637 1467 686 1529 11.
706 1467 760 1548 133
775 1505 818 1516 —
833 1467 937 1546 pnvdc
956 1494 1000 1522 =
1015 1464 1096 1530 Gud.
1113 1466 1188 1548 573,
1204 1465 1257 1530 34.
1272 1464 1331 1548 583
1346 1502 1388 1512 -

245 1580 390 1658 ψηλαφῶ
414 1605 456 1630 --
478 1575 559 1640 Gud.
581 1575 661 1656 573,
681 1575 734 1640 45,
756 1576 830 1658 574,
853 1576 887 1658 9;
903 1612 944 1624 -
965 1577 1061 1655 ψιλός
1081 1603 1125 1632 =
1147 1574 1229 1640 Gud.
1253 1574 1332 1658 574,
1355 1575 1386 1640 5.

246 1686 303 1768 36,
324 1724 366 1736 -
388 1685 454 1766 ψύη
477 1714 520 1740 =
543 1684 626 1750 Gud.
651 1685 731 1768 575,
755 1686 785 1749 6.
812 1687 860 1748 14.
888 1687 936 1768 17,
960 1689 996 1748 11
1017 1685 1071 1750 hic
1096 1707 1183 1750 nunc
1205 1685 1387 1749 subsistam.

242 1795 335 1871 'Quae
349 1817 400 1859 res
415 1795 587 1860 manifesto
602 1794 792 1860 documento
808 1799 866 1878 est,
886 1793 1039 1860 maiorem
1054 1798 1087 1860 et
1106 1798 1245 1860 aetatem
1261 1799 1294 1860 et
1308 1795 1390 1858 intc-

248 1906 401 1991 gritatem
428 1905 594 1970 Gudianae
621 1905 816 1970 recensionis
844 1926 929 1988 esse,
962 1905 1218 1990 quandoquidem
1246 1905 1391 1991 singulas

249 2015 315 2080 eius
337 2014 512 2098 particulas
535 2017 784 2079 consentaneum
814 2017 863 2078 est
890 2036 929 2078 ex
956 2015 1088 2080 diversis
1110 2015 1254 2080 fontibus
1279 2016 1392 2079 ductas

250 2124 393 2207 credere,
422 2145 555 2207 quorum
573 2124 849 2210 explorandorum
870 2125 956 2190 viam
983 2125 1156 2191 artificiosa
1178 2126 1292 2211 Magni
1313 2125 1392 2210 Ety-

249 2234 400 2319 mologici
423 2235 625 2300 concinnitas
650 2235 767 2300 mirum
794 2238 950 2319 quantum
970 2236 1153 2320 praeclusit.
1193 2236 1393 2319 Quamquam

251 2344 347 2408 etiam
376 2345 411 2408 iu
438 2344 498 2408 hoc
520 2367 615 2429 saepe
643 2366 775 2410 numero
798 2345 1093 2431 conglutinatamm
1115 2351 1225 2410 sutura
1254 2345 1392 2416 notatio·

250 2477 328 2520 num
348 2455 514 2539 particulis
537 2455 726 2540 quibusdam
747 2455 967 2540 grammaticis
989 2456 1151 2539 proditur,
1180 2459 1216 2520 11
1244 2457 1275 2522 οἱ
1297 2457 1348 2540 δέ,
1372 2455 1392 2534 ἡ

252 2569 284 2629 01
306 2586 386 2649 quae
408 2568 483 2629 sunt
505 2565 641 2648 similes,
665 2565 800 2630 eundem
821 2565 890 2646 fere
911 2566 947 2629 in
968 2565 1107 2649 modum,
1132 2587 1224 2650 quem
1247 2565 1393 2630 1110110-

251 2675 303 2738 liis
330 2673 510 2740 Homericis
540 2674 700 2739 subtiliter
727 2674 877 2740 Lehrsius
904 2675 1074 2761 indagavit
1106 2675 1145 2740 de
1172 2675 1273 2740 Arist.
1308 2676 1391 2739 stud.

251 2786 347 2850 Hom.
371 2808 403 2869 p.
426 2785 478 2850 34.
502 2785 543 2850 32
565 2807 612 2868 sq.
638 2786 688 2856 17.
733 2785 924 2849 Praeterea
948 2789 1072 2869 autem,
1101 2807 1182 2874 quae
1211 2786 1393 2850 communia

253 2899 329 2958 sunt
350 2895 515 2958 amborum
536 2894 846 2980 Etymologicorum,
875 2917 942 2960 101
969 2895 1154 2980 ignoramus
1183 2899 1308 2961 exstare
1331 2895 1396 2960 alia

254 3005 416 3088 utriusque
438 3005 532 3068 lexici
555 3005 684 3088 propria
707 3005 792 3069 haud
814 3004 893 3069 adeo
914 3027 1027 3089 pauca.
1060 3005 1158 3071 Velut
1180 3007 1214 3070 in
1237 3007 1265 3072 Ξ
1286 3006 1397 3069 littera

254 3114 402 3199 propriae
423 3114 639 3200 Etymologici
666 3114 780 3200 Magni
805 3116 988 3180 notationes
1010 3114 1071 3180 hae
1099 3119 1189 3180 sunt:
1216 3121 1267 3196 ξῦ,
1296 3117 1396 3183 Ξενο-

256 3230 347 3307 φῶν,
375 3226 556 3309 ξιφίεματα,
588 3226 742 3308 ξύλοχοε,
772 3227 943 3310 ξυλήφιον,
972 3227 1097 3310 ξυετόε,
1127 3228 1235 3309 ξύνει,
1265 3228 1396 3303 ξύγκλυ-

255 3341 323 3419 tec,
352 3335 483 3402 ξενίζειν
512 3335 650 3399 cumeis
678 3357 758 3419 quae
788 3340 1023 3420 consequuntur
1052 3337 1226 3420 011ξηρόε,
1257 3335 1398 3400 Gudiani

256 3466 330 3510 vero
359 3445 434 3508 hae:
463 3447 621 3528 ξαντικόε,
651 3448 769 3525 ξανθήν
798 3468 868 3510 cum
896 3447 1049 3530 proximis
1078 3447 1117 3511 ad
1140 3451 1244 3515 ξεῖνος
1266 3448 1316 3512 καὶ
1338 3452 1397 3513 ξει-

257 3559 403 3633 νοῦεθαι,
426 3557 528 3640 ξενία,
550 3545 714 3636 Ξενοφῶν
737 3578 866 3639 prorsus
888 3577 925 3620 ea
948 3557 989 3620 ab
1011 3557 1126 3642 Magni
1146 3549 1313 3650 notatione
1335 3556 1398 3620 dis-

258 3687 407 3750 crepans,
432 3667 567 3744 ξεετίον,
591 3667 684 3750 ξηρά,
708 3667 857 3751 ξηραίνω,
881 3669 1000 3734 ξόανον
1022 3690 1055 3751 p.
1073 3667 1147 3751 415,
1169 3667 1211 3732 56
1234 3666 1397 3753 (10155),

258 3775 372 3855 ξύλον,
400 3776 496 3843 ξύλον
528 3777 607 3861 (101
635 3777 712 3840 item
745 3777 903 3860 posterior
930 3777 1086 3874 quaedam
1114 3777 1152 3841 de
1181 3777 1292 3841 eadem
1321 3798 1399 3840 1000

258 3885 382 3951 1010110
404 3907 435 3970 p.
459 3885 533 3969 416,
557 3887 608 3970 34,
633 3886 671 3951 de
694 3909 755 3970 qua
779 3888 929 3952 convenit
950 3887 1071 3972 Magno
1094 3886 1180 3974 Et),
1204 3889 1336 3967 ξυνέηκε
1357 3887 1399 3951 ad

259 3998 384 4079 ξυνήια,
413 3996 608 4079 ξυμβαὶνων,
638 3999 849 4080 ξυνθήματος,
879 3999 1049 4081 ξύνθακοε,
1083 3999 1259 4082 ξυνωρίδα,
1293 3997 1400 4074 ξυνόε,

259 4106 393 4185 turmot(
415 4129 447 4190 p.
469 4106 548 4184 418,
573 4111 589 4170 1
613 4107 722 4191 (quam
745 4108 872 4191 quidem
894 4107 1086 4172 antecedens
1108 4107 1232 4172 notatio
1259 4128 1326 4170 101
1347 4107 1400 4170 de-

261 4221 310 4280 est
330 4216 481 4302 Magno),
511 4218 608 4298 ξυρόν
636 4241 668 4302 p.
697 4218 775 4300 418,
798 4218 820 4282 4
847 4217 994 4302 (1013).
1038 4218 1088 4281 De
1115 4215 1245 4301 reliquis
1272 4216 1401 4300 utrique

261 4327 361 4391 lexico
385 4327 534 4390 convenit
556 4326 717 4391 omnibus:
748 4350 825 4412 quas
853 4327 940 4392 enim
966 4327 1002 4392 iu
1024 4325 1171 4391 Gudiano
1193 4349 1224 4410 p.
1248 4326 1322 4409 414,
1345 4325 1399 4392 29.
