3272 5088
281 357 345 420 484
547 375 594 420 99
618 373 844 420 9991919919
868 373 1161 432 aarrqvirarravs

188 588 192 598 ,
280 525 440 590 Vrbinate
462 503 596 608 aesini,
624 526 742 590 πάντες
765 548 796 607 p.
822 526 851 607 1,
879 526 932 606 ie,
956 528 1012 604 aa
1035 525 1067 608 ι,
1090 526 1141 608 22,
1165 529 1214 591 aa
1234 525 1265 604 5,
1291 525 1340 606 12,
1364 526 1419 590 av.

281 638 432 716 θρώπουε
448 636 478 714 8,
500 635 552 718 26,
576 658 610 701 τε
626 635 655 717 8,
673 635 725 716 29,
749 637 787 714 δὴ
810 634 910 717 9,10,
934 637 983 700 καὶ
1006 635 1105 718 9,15,
1129 636 1246 700 1991199
1264 635 1418 700 collocata

282 747 367 811 πάνυ
390 747 491 828 1915,
515 745 573 827 21,
604 746 793 824 ἐλευθέρου(
820 744 1061 826 01119991,
1091 745 1134 809 εἰ(
1163 746 1216 825 ἐμὲ
1244 747 1264 824 ἡ
1292 747 1419 811 τούτων

281 861 397 932 γνῶτιε
419 857 448 938 9,
469 856 499 938 9,
524 854 712 918 9111919οὰ19
734 843 952 916 emendatiora
974 853 1120 932 ἡττόνων
1143 877 1200 938 919
1223 856 1418 935 ἡττωμένων

282 966 311 1048 7,
335 967 366 1048 2,
390 966 552 1042 ἐπιγόνων
568 985 625 1047 919
642 966 860 1043 ἐπειγομένων
883 965 913 1045 7,
929 963 982 1046 21,
1006 963 1132 1048 aliaque
1148 963 1315 1049 dequibus
1337 964 1419 1028 dice-

281 1078 332 1138 tur
354 1077 497 1158 posthae.

365 1185 425 1248 His
449 1189 555 1249 991919
578 1184 730 1267 exemplis
760 1183 799 1246 ad
829 1185 931 1266 ipsum
960 1183 1104 1247 ducimur
1126 1183 1312 1249 Chisianum
1336 1184 1418 1248 eodi-

282 1317 359 1358 cenr.
404 1293 505 1370 Quem
527 1295 554 1358 si
576 1298 688 1357 tantae
711 1293 914 1376 antiquitatis
943 1294 1058 1358 librum
1081 1297 1113 1357 et
1135 1295 1325 1378 participem
1347 1315 1416 1358 esse

280 1405 364 1467 111199
387 1404 490 1468 laudis
513 1402 750 1488 cognoscimus,
775 1425 856 1486 quae
878 1402 1031 1467 Vrbinati
1053 1404 1260 1487 suppetebat,
1291 1408 1323 1468 91
1345 1425 1419 1468 uero

281 1514 319 1577 iis
341 1515 465 1578 mendis
488 1535 633 1595 vacuum,
657 1530 790 1596 quorum
813 1513 959 1576 absentia
976 1513 1131 1596 Stephani
1152 1515 1314 1598 exemplar
1336 1535 1419 1578 cem-

281 1625 506 1707 nrendabatur,
548 1626 683 1707 apparet
715 1627 748 1686 91
780 1622 996 1706 principatum
1034 1627 1177 1706 ereptum
1210 1623 1419 1687 Hudsoniano

281 1735 381 1798 codici
411 1757 494 1816 9999,
529 1754 590 1797 nec
616 1734 686 1797 leve
714 1732 836 1815 pondus
867 1732 1052 1816 ambiguae,
1091 1737 1127 1796 ut
1153 1732 1335 1816 videbatur,
1368 1734 1419 1796 vel

281 1847 447 1926 suspectae
476 1843 661 1907 auctoritati
688 1841 826 1905 Parisini
855 1841 1014 1906 accedere.
1066 1842 1126 1906 1191
1161 1847 1268 1906 autem
1295 1843 1355 1906 hoc
1381 1863 1418 1906 99

283 1957 315 2015 et
347 1953 527 2036 religiosius
561 1957 593 2016 et
623 1951 805 2016 distinctius
839 1951 1096 2034 expendendum,
1131 1951 1343 2016 Ohisianusne
1376 1973 1419 2014 an

282 2061 422 2126 Vrbinas
445 2063 479 2125 in
502 2063 604 2144 primo
626 2061 759 2126 9111999
781 2062 962 2145 habendus,
986 2083 1048 2145 quo
1072 2062 1187 2125 certius
1211 2061 1418 2125 haereticae

280 2171 524 2236 fundamentum
554 2171 683 2234 criticae
710 2193 825 2254 operae
847 2173 881 2235 in
906 2171 1052 2254 Dionysii
1079 2171 1335 2255 Antiquitatibus
1365 2193 1418 2253 po-

281 2281 406 2344 nendae
429 2281 554 2345 iacitur.
601 2280 685 2345 Nam
709 2303 780 2345 cum
802 2282 837 2345 in
858 2303 923 2345 uno
945 2302 1068 2365 quoque
1091 2281 1333 2364 scriptore'non
1356 2281 1419 2342 exi-

281 2413 344 2474 gua
373 2392 415 2455 sit
437 2391 578 2454 locorum
601 2390 786 2473 multitudo,
810 2391 923 2474 quibus
951 2393 1024 2454 utra
1047 2412 1085 2453 ex
1108 2390 1229 2453 duabus
1252 2389 1419 2472 seripturis

281 2523 356 2564 vera
389 2502 430 2563 sit
463 2500 732 2585 (quandoquidem
757 2522 822 2563 una
849 2501 917 2564 sola
950 2503 1056 2584 991991
1089 2500 1130 2563 ab
1163 2501 1232 2583 ipso
1265 2499 1419 2581 scriptore

281 2611 426 2693 profecta
448 2612 542 2696 9999),
567 2632 632 2674 non
654 2611 751 2673 liceat
774 2609 971 2694 argumentis
994 2631 1011 2674 9
1033 2631 1067 2672 19
1089 2609 1159 2692 1999
1182 2609 1292 2692 9911119
1314 2609 1419 2672 decer-

281 2741 372 2784 nere:
395 2741 490 2803 saepe
513 2721 599 2784 enim
621 2741 681 2783 nec
697 2742 715 2783 a
731 2719 861 2804 linguae
882 2720 1006 2803 legibus
1029 2741 1089 2782 nec
1111 2718 1152 2781 ab
1175 2739 1233 2782 usu
1255 2717 1419 2801 scriptoris

281 2851 341 2892 nec
357 2852 375 2892 a
390 2830 421 2894 vi
437 2829 617 2893 sententiae
639 2829 732 2892 911911
755 2829 856 2893 911919
879 2832 1039 2912 praestat:
1063 2849 1192 2892 necesse
1215 2837 1263 2892 est
1286 2832 1419 2892 externa

282 2939 455 3003 auctoritas
478 2939 620 3021 accedat,
644 2961 661 3002 e
681 2961 743 3022 qua
764 2939 904 3022 pendeat
926 2939 1087 3003 iudicium.
1118 2938 1225 3021 111999
1247 2939 1327 3001 haec
1349 2937 1419 3020 ipsa

281 3051 364 3113 ratio
392 3053 461 3113 erat
489 3049 673 3133 saepissime
701 3053 915 3112 correctarum
943 3051 1073 3132 propter
1096 3046 1263 3112 Vrbiuatis
1292 3045 1418 3110 919111-

282 3159 364 3222 91991
393 3181 581 3223 consensum
608 3159 799 3222 editionum:
836 3179 938 3242 neque
972 3158 1057 3222 enim
1091 3179 1149 3240 991
1182 3179 1215 3221 99
1251 3157 1419 3241 quicquam

283 3291 412 3332 caussae
434 3273 484 3333 991
506 3291 578 3353 991,
595 3272 631 3333 91
653 3268 797 3351 exemplo
819 3271 902 3350 utar,
926 3267 976 3331 vel
999 3271 1133 3334 διελθεῖν
1156 3289 1187 3350 9.
1212 3267 1242 3348 9,
1268 3267 1307 3330 12
1329 3286 1419 3350 prae-

282 3383 367 3442 stare
390 3379 440 3443 vel
462 3383 629 3459 προειπεῖν
652 3378 702 3441 ν91
725 3378 824 3444 εἰπεῖν
847 3381 980 3442 statuas.
1012 3375 1131 3451 Quodsi
1150 3375 1310 3440 historicis
1327 3395 1419 3459 argu-

281 3489 409 3572 1199119,
433 3489 487 3572 qui
503 3510 541 3552 ex
557 3487 671 3572 quibus
686 3486 776 3552 libris
798 3509 856 3570 per
876 3509 954 3571 quas
976 3485 1211 3550 vicissitudines
1233 3485 1319 3549 ducti
1342 3484 1418 3567 sint,

282 3599 465 3681 patefacere
498 3598 592 3680 licet,
628 3597 804 3660 certissima
837 3595 964 3679 prodire
996 3595 1159 3659 iudicandi
1187 3615 1299 3659 norma
1327 3593 1418 3656 solet.

282 3707 402 3771 Verum
429 3707 462 3770 id
491 3728 563 3770 cum
589 3706 623 3769 in
651 3704 841 3790 Dionysium
867 3726 1069 3789 nequaquam
1097 3704 1206 3786 cadat,
1236 3703 1317 3768 nihii
1345 3702 1420 3765 reli·

282 3839 378 3900 quum
400 3821 458 3898 est,
482 3816 545 3880 nisi
560 3817 605 3899 ut,
630 3815 683 3899 qui
706 3815 875 3899 plurima
899 3815 1000 3878 bona
1024 3815 1123 3879 codex
1137 3815 1266 3896 habeat,
1289 3812 1420 3896 indage·

281 3930 351 3990 tur:
374 3948 435 4010 qua
457 3925 495 4009 19,
521 3925 618 3990 etiam
639 3924 695 3988 ubi
717 3924 878 4008 integnun
902 3945 980 4007 9999,
1005 3924 1182 4009 epluribus
1197 3923 1273 4008 quid
1294 3922 1421 4006 potissi-

282 4057 369 4099 mum
391 4035 504 4120 eligaS,
528 4035 683 4116 videatur,
708 4033 838 4117 propius
854 4035 964 4097 abesse
980 4035 1021 4097 ab
1044 4033 1114 4116 ipsa
1136 4033 1301 4116 scriptoris
1323 4053 1421 4096 manu

283 4145 491 4208 existimetur.
537 4145 581 4208 ut
614 4143 698 4207 hanc
726 4143 853 4227 quidem
880 4143 1007 4207 laudem
1034 4144 1118 4226 inter
1148 4143 1295 4226 Dionysii
1323 4142 1421 4205 libros

282 4275 357 4318 mss.
391 4277 457 4318 non
495 4254 605 4318 dubito
639 4252 784 4337 equidem
816 4252 968 4317 Chisieno
1001 4253 1107 4336 potius
1139 4273 1235 4337 quam
1268 4251 1421 4316 Vrbinati

284 4361 385 4426 codici
407 4363 540 4427 deferre.
586 4362 674 4427 Nihil
698 4365 747 4426 est
770 4383 892 4446 eorum,
915 4362 1028 4446 quibus
1052 4384 1128 4444 prae
1151 4361 1308 4444 Stephani
1332 4359 1421 4423 Pari·
