3254 5092
540 353 587 399 oa
610 353 701 399 urar..
726 353 828 400 suar.
851 353 895 399 ar
921 353 1134 400 rrsrs'ruaro.
1348 337 1407 399 mu

267 503 375 568 Vnum
398 509 499 569 restat
522 505 601 589 quod
629 506 731 568 trihus
754 504 858 568 uerbis
881 507 1045 589 tangatur.
1090 503 1332 578 Quaesieramus
1355 504 1408 588 (de

268 615 345 678 bibl.
369 615 420 678 Al.
445 638 476 698 p.
493 615 535 680 34
558 613 622 702 [30]
647 616 725 700 sq),
749 615 822 698 quid
847 615 1005 678 videretur
1028 617 1207 678 exterarum
1228 614 1407 678 litterarum
1425 631 1458 677 42

268 725 302 787 iu
317 745 467 810 graecam
489 725 634 809 linguam
651 746 874 788 conversarum
889 724 1117 788 Alexandrinis
1132 724 1231 807 copiis
1254 725 1408 788 sociatum

268 855 346 898 esse.
391 834 460 909 Quo
482 836 517 898 in
538 855 655 920 genere
679 856 750 898 cum
772 856 837 898 uon
860 835 984 918 possint
1005 855 1071 898 non
1097 833 1196 896 videri
1219 834 1326 916 nimii,
1355 835 1408 918 qui

268 943 307 1006 de
329 945 491 1028 quibusvis
513 944 603 1008 libris
626 945 806 1029 quonrmvis
829 945 1016 1027 populorrnn
1040 945 1211 1026 loquuntur
1230 943 1408 1007 liberalius:

269 1075 306 1116 eo
328 1053 574 1118 incumbendum
602 1058 666 1136 est,
695 1057 732 1118 ut
759 1076 775 1118 e
798 1055 995 1138 singulorum
1022 1052 1083 1117 fide
1106 1053 1319 1136 exemplorum
1346 1075 1408 1117 me-

268 1163 369 1227 moria
396 1164 452 1226 illa
480 1164 627 1227 universa
657 1167 833 1228 censeatur.
885 1165 991 1247 Atque
1024 1165 1062 1226 dc
1096 1163 1185 1227 libris
1219 1163 1317 1226 sacris
1346 1163 1408 1226 He-

269 1273 435 1336 braeorum
458 1273 504 1336 sie
528 1295 613 1337 nnuc
635 1273 702 1336 fere
718 1277 857 1336 statuere
874 1272 1039 1357 theologos
1055 1273 1193 1355 accipio,
1217 1275 1253 1334 ut
1274 1272 1313 1336 de
1328 1272 1408 1336 Peu-

269 1383 418 1446 tateucho
451 1383 577 1467 quidem
611 1381 709 1466 ipsius
743 1383 828 1446 iussu
856 1382 1058 1465 Philadelphi
1089 1384 1246 1445 translato
1275 1403 1294 1444 a
1321 1384 1409 1446 nullo

270 1492 334 1555 iam
349 1493 520 1556 dubitetur.
545 1493 593 1556 De
605 1493 814 1577 Aegyptiacis
820 1494 851 1578 ²¹³)
869 1515 940 1554 eum
953 1514 971 1554 a
984 1491 1177 1555 Manethoue
1190 1495 1257 1554 tum
1270 1492 1409 1555 eiusdem

267 1601 353 1664 illius
369 1601 544 1666 Ptolemaei
560 1601 711 1665 mandato
727 1602 768 1665 ab
784 1601 997 1666 Eratosthene
1018 1623 1133 1685 graece
1149 1600 1279 1664 redditis
1294 1604 1408 1665 testem

269 1711 421 1775 babemus
444 1711 636 1795 Syncelluru.
681 1710 741 1774 His
770 1711 899 1775 tertium
927 1711 1105 1794 exemplum
1127 1711 1276 1774 audemus
1303 1712 1409 1774 esola

270 1821 453 1884 coniectura
481 1823 624 1906 iungere.
675 1821 723 1884 De
757 1825 826 1884 arte
859 1821 986 1906 magica
1020 1821 1143 1884 locutus
1176 1821 1298 1884 Plinius
1332 1821 1407 1884 Nat.

268 1931 343 1994 hist.
366 1929 473 2013 XXX,
501 1933 572 2011 1‚4
593 1931 640 1994 sic
662 1931 783 2015 pergit:
807 1913 989 2011 Hermippus
1006 1938 1059 2010 qui
1079 1937 1116 1994 de
1135 1951 1172 1993 ea
1193 1943 1262 1994 arte
1284 1937 1408 2009 [illicen-

269 2047 378 2105 tissime
399 2048 521 2122 serr'pse't
541 2053 571 2105 el
592 2047 702 2106 viciens
723 2053 840 2104 centum
862 2047 1097 2105 millensimum
1120 2045 1318 2104 aZoroustre
1340 2063 1408 2105 rori-

267 2156 348 2228 dita,
376 2156 523 2216 indebitus
550 2172 667 2230 quoqne
687 2157 868 2215 volrrmr'num
896 2158 958 2216 cias
983 2157 1100 2230 positis,
1130 2156 1316 2229 expilannod.
1363 2150 1409 2213 De

268 2261 416 2324 doctrina
438 2264 544 2324 autem
567 2259 754 2324 Zoroastres
778 2261 837 2324 etsi
860 2261 924 2324 iam
947 2264 1022 2324 ante
1040 2259 1250 2343 Hermippum
1272 2261 1409 2342 plurima

243 2446 247 2453 Ι
269 2370 354 2433 inter
368 2392 500 2455 graecos
516 2371 686 2454 scriptores
701 2371 821 2434 mentio
837 2371 1090 2453 percrebruerat:
1106 2369 1138 2432 id
1153 2370 1235 2452 quod
1249 2371 1410 2432 commode

269 2479 466 2563 Lozynskius
494 2480 601 2543 docuit
628 2480 667 2544 de
690 2479 800 2543 Henn.
825 2502 855 2563 p.
879 2481 936 2543 47:
964 2483 1073 2542 tamen
1102 2479 1280 2561 promiscua
1306 2479 1409 2541 omnis

268 2588 326 2651 illa
348 2589 490 2674 cognitio
512 2590 574 2652 fuit
597 2593 629 2652 et
650 2588 800 2671 fortuita,
830 2611 889 2652 nec
917 2589 1063 2672 cuiquam
1091 2587 1306 2672 antiquiorum
1333 2590 1409 2651 scri-

269 2701 396 2781 ptorum
410 2698 539 2784 integra
561 2698 645 2763 illius
668 2699 832 2762 doctrinae
854 2701 1060 2762 monumenta
1081 2697 1198 2760 litteris
1219 2697 1409 2780 consignata

269 2807 368 2871 videri
402 2811 536 2891 possunt
568 2809 604 2872 in
638 2813 787 2892 promptu
813 2809 921 2872 fuisse.
971 2809 1082 2892 Itaque
1110 2807 1321 2890 Hermippum
1355 2807 1408 2870 alii

269 2919 452 2981 statuerunt
482 2919 544 2982 iter
576 2919 689 2982 fecisse
721 2918 755 2981 in
790 2918 903 2981 Persas
936 2918 1042 3001 ibique
1076 2939 1095 2980 a
1127 2917 1231 3000 magis
1264 2915 1409 2980 edoctum

270 3049 354 3109 esse,
378 3027 433 3090 alii
457 3027 600 3115 linguam
624 3027 783 3091 Persicam
806 3027 909 3110 ipsum
937 3027 1099 3109 calluisse,
1128 3027 1232 3110 perito
1254 3027 1323 3090 eius
1351 3028 1409 3089 lin·

268 3158 352 3220 guae
374 3137 548 3220 interprete
570 3160 661 3200 usum
685 3137 749 3200 alii.
780 3136 900 3212 Quibus
920 3136 1124 3220 opinionibus
1139 3137 1210 3200 vide
1232 3159 1308 3200 uum
1330 3135 1410 3199 haec

270 3247 452 3310 coniectura
474 3250 631 3331 praestet,
654 3251 690 3310 ut
712 3247 965 3310 Ptolemaeorum
986 3246 1113 3310 demum
1136 3246 1267 3309 consilio
1296 3267 1410 3330 graece

270 3377 423 3420 conversa
451 3379 518 3420 csse
541 3345 703 3420 volumina
732 3356 788 3420 illa
810 3355 997 3419 Zoroastres
1025 3359 1177 3439 putentm
1205 3359 1237 3419 et
1259 3357 1292 3419 iu
1320 3356 1411 3439 regia

271 3465 465 3529 bibliotheca
492 3467 647 3550 reposita,
677 3470 771 3550 atque
799 3467 874 3530 hinc
902 3467 1063 3550 profectus
1092 3465 1285 3549 Hermippus
1318 3469 1410 3528 tanta

268 3575 439 3659 diligentia
455 3597 525 3639 eam
548 3576 728 3640 doctrinam
750 3576 954 3659 explanasse,
979 3576 1065 3640 cuius
1082 3579 1177 3638 antea
1194 3575 1317 3638 incerta
1339 3578 1410 3637 tan·

269 3688 338 3748 tum
360 3685 447 3748 fama
468 3687 615 3750 ferretur.
652 3687 702 3750 Ita
723 3685 801 3749 illud
824 3687 917 3749 simul
939 3684 1153 3770 intellegitur,
1178 3706 1233 3748 cur
1255 3706 1293 3748 ex
1315 3683 1409 3746 Her·
1428 3695 1461 3742 43

269 3794 391 3877 mippi
408 3796 643 3860 commentariis
667 3817 844 3859 versuum
859 3795 981 3859 numeri
1005 3793 1134 3878 petendi
1150 3797 1270 3857 essent:
1294 3794 1410 3877 quippe

270 3905 304 3966 in
333 3903 522 3968 Callimachi
549 3905 764 3989 praeceptoris
791 3904 922 3968 Tabulis
955 3905 1095 3967 noudum
1125 3903 1315 3987 consignata
1343 3925 1411 3966 esse

269 4017 458 4097 potuerunt,
488 4036 568 4098 quae
597 4014 738 4078 nondum
766 4015 899 4079 tractari
927 4036 946 4077 a
973 4036 1089 4098 graeco
1121 4013 1248 4077 homine
1281 4017 1412 4096 possent

338 4268 362 4334 ²²)
383 4267 433 4335 [Dc
455 4267 497 4320 his
521 4267 582 4320 vide
605 4266 716 4320 uberius
739 4267 927 4335 disputantem
952 4266 1098 4320 Ricardum
1122 4266 1252 4336 Lepsiom
1276 4267 1410 4321 ‘Chrono-

270 4357 362 4426 logiae
380 4359 596 4428 Aegyptiorum’
615 4360 668 4412 vol.
689 4360 700 4412 1
721 4360 772 4424 (od.
792 4361 912 4414 Beroliui
932 4377 955 4414 a.
978 4365 1053 4427 lata)
1071 4377 1097 4428 p.
1118 4367 1150 4413 39
1169 4361 1220 4427 sq]
