3226 5096
506 387 554 432 nn
577 387 668 434 sisu.
691 389 796 436 iuss.
819 391 864 436 ar
886 391 1103 442 r1s1srnaro.
1316 372 1372 437 137

234 539 343 602 tunius
359 541 490 625 cognito
506 563 610 604 errore
626 543 660 606 in
676 543 766 606 illum
781 543 990 628 invehitur*).
1016 544 1167 608 Resccuit
1182 567 1219 606 ca
1236 545 1375 608 convitia

235 649 355 713 latinus
383 653 556 736 interpres,
587 652 850 736 quemadmodum
879 654 976 718 etiam
1003 653 1167 718 Heliodori
1196 658 1376 719 criminenta

235 759 270 822 in
294 760 418 826 brevius
448 762 618 827 contraxit.
663 762 753 827 Haec
782 767 888 828 alitem
917 764 1024 849 qualia
1046 765 1168 829 fuerint
1189 765 1282 848 plene
1305 787 1375 849 per-

234 871 373 954 scripta,
403 895 460 937 sua
487 877 601 957 sponte
628 875 834 958 perspicitur:
863 875 979 959 quippe
1002 897 1067 939 nou
1095 875 1287 939 differebant
1309 877 1375 939 fere

235 982 278 1044 ab
306 982 351 1045 eis
378 983 473 1066 ipsis,
506 1006 587 1068 quae
614 984 653 1049 de
682 985 792 1050 eodem
820 989 1010 1070 argumento
1038 985 1148 1067 putida
1181 985 1375 1069 loquacitate

236 1097 387 1156 enarrata
409 1094 444 1158 in
459 1093 597 1180 Exegesi
613 1095 723 1159 lliadis
745 1098 906 1180 legrmttu.
946 1097 1082 1160 Rursum
1102 1096 1182 1160 hoec
1202 1096 1375 1161 Tzetuiana

237 1201 463 1288 Bernhardyus
486 1205 567 1269 dixit
589 1228 620 1289 p.
642 1207 719 1288 834,
744 1207 770 1270 si
793 1207 921 1291 singule
944 1209 1029 1271 iuter
1050 1228 1119 1270 sese
1142 1207 1374 1291 conferrentur,

236 1335 392 1396 apparere
414 1337 480 1380 non
502 1315 630 1379 aliunde
658 1316 772 1380 hausta
796 1339 863 1381 esse
891 1318 953 1382 nisi
976 1341 992 1381 e
1015 1317 1144 1382 scholiis
1172 1317 1207 1381 in
1232 1317 1376 1402 Dionysii

236 1427 339 1488 artem
361 1447 392 1508 p.
418 1427 478 1490 767
501 1425 601 1491 Bekk.
649 1427 755 1511 Atque
782 1428 842 1492 hoc
870 1428 923 1491 illc
951 1428 1078 1513 quidem
1106 1431 1138 1492 et
1160 1429 1322 1492 verissime
1345 1433 1377 1492 et

235 1535 273 1597 ut
300 1538 443 1600 nostram
471 1535 511 1600 de
538 1536 727 1620 Heliodoro,
759 1539 950 1602 scholiorum
978 1538 1012 1602 in
1034 1538 1223 1622 Dionysium
1249 1538 1376 1602 illorum

234 1645 407 1729 scriptore,
432 1647 647 1711 coniecturam
663 1649 793 1733 egregie
809 1649 1019 1713 continuarit:
1043 1671 1136 1732 quem
1151 1669 1280 1732 sperare
1300 1649 1377 1714 licet

234 1777 322 1820 nuno
344 1756 508 1840 aliquanto
531 1759 670 1841 cautius,
695 1758 770 1842 quid
792 1759 877 1822 inter
899 1761 1137 1840 παραλογιεμόν
1161 1761 1194 1822 et
1216 1763 1376 1836 cultoru-

234 1867 296 1946 μόν
325 1867 468 1950 intersit,
497 1867 701 1932 definiturum
729 1891 806 1933 esse.
852 1869 963 1954 Neque
992 1869 1071 1933 haec
1098 1872 1208 1934 nostra
1237 1872 1374 1953 tautum,

234 1977 291 2041 sed
323 1977 420 2042 etiam
452 1979 719 2062 praestantissimi
747 1979 870 2044 Lehrsii
905 2002 1016 2044 caussa
1049 1979 1157 2064 paullo
1190 1980 1376 2065 diligentius
1397 1999 1426 2046 17

234 2088 428 2171 disputanda
454 2090 651 2174 putavimus,
682 2091 732 2155 eui
755 2090 882 2175 quidem
903 2091 925 2154 l.
951 2111 978 2154 c.
1002 2089 1212 2174 probabiliter
1235 2092 1376 2155 effecisse

235 2199 296 2262 visi
319 2219 459 2282 eramus,
484 2201 518 2264 in
540 2222 602 2284 quo
624 2201 777 2265 defecisse
800 2200 1019 2285 Bernhardyo.

321 2310 517 2394 Ambiguum
539 2315 603 2394 est,
632 2312 687 2376 sed
709 2315 819 2375 tamen
840 2335 906 2376 non
929 2311 1264 2396 praetermittendum,
1293 2314 1375 2396 quod

235 2421 270 2483 in
304 2419 466 2484 simillima
500 2443 611 2485 caussa
644 2422 730 2486 aliud
767 2421 916 2505 quiddam
953 2421 1062 2486 endem
1095 2422 1233 2506 Exegcsi
1266 2422 1376 2486 Iliadis

235 2530 389 2594 traditum
411 2532 489 2596 item
511 2535 701 2596 retractasse
724 2535 756 2596 et
779 2533 952 2596 correxisse
974 2535 1085 2616 postca
1099 2531 1216 2595 Taetza
1239 2531 1374 2615 videtur,

236 2645 270 2704 et
296 2642 330 2704 in
357 2642 435 2724 ipsis
463 2642 590 2725 quidem
623 2644 657 2706 in
685 2642 847 2727 Exegesin
875 2643 964 2707 illam
992 2642 1131 2706 scholiis.
1191 2641 1276 2706 Nam
1305 2663 1376 2706 cum

236 2773 268 2834 p.
284 2751 337 2832 45,
365 2753 402 2816 17
419 2752 506 2836 (772,
523 2753 565 2817 33
588 2752 642 2839 Β.)
664 2753 763 2816 libros
785 2752 972 2817 Homericos
995 2753 1166 2836 inscriptos
1190 2775 1259 2816 esse
1274 2753 1374 2835 ἄλφα,

238 2865 316 2941 βῆτα
330 2865 363 2925 et
378 2863 423 2926 sic
438 2885 533 2946 porro
553 2865 635 2944 nott
651 2864 890 2944 ἀντιδιαετολὴν
906 2865 1160 2945 Ἀριετοτελικῶν
1181 2865 1230 2928 καὶ
1251 2866 1375 2929 λοιπῶν
1400 2873 1406 2884 “

238 2974 487 3051 (υγγραμμάτων
510 2972 658 3056 dixisset,
682 2977 770 3057 post,
795 2995 866 3038 eum
888 2974 927 3037 de
949 2974 1082 3038 immani
1103 2973 1195 3058 lapsu
1212 2974 1331 3058 aliquid
1347 2975 1375 3037 ei

238 3081 442 3166 suboluisset,
466 3105 537 3147 eam
553 3084 795 3150 annotationem
817 3107 848 3168 p.
868 3084 928 3149 151
944 3083 1034 3169 (844)
1058 3084 1191 3167 adiecit,
1215 3106 1296 3168 cquae
1316 3085 1374 3148 etsi

237 3191 328 3256 valde
350 3193 501 3258 lacunosa
523 3197 587 3277 est,
610 3198 736 3278 tanim,
765 3195 827 3259 nisi
853 3195 980 3278 quidem
1001 3194 1157 3277 fallimur,
1187 3217 1223 3258 eo
1251 3195 1375 3279 potissi-

237 3324 322 3366 mum
338 3309 478 3389 spectat,
502 3309 538 3369 ut
552 3306 652 3370 multo
667 3309 740 3390 post
755 3305 958 3370 Pisistratum
974 3306 1102 3389 eiusque
1117 3304 1237 3370 LXXII
1253 3309 1375 3386 (οφούε

238 3412 352 3478 vixisse
375 3415 580 3480 Aristotelem
603 3415 769 3498 doceatur,
794 3416 942 3501 priorque
965 3415 1108 3479 narratio
1131 3416 1176 3479 itu
1198 3420 1374 3499 excusetur,

237 3527 273 3588 ut
299 3524 387 3590 facta
410 3549 429 3589 a
452 3525 612 3590 Pisistrati
639 3527 732 3590 sociis
761 3526 1002 3592 Homericorum
1031 3526 1182 3590 libiorum
1209 3527 1376 3610 inscriptio

238 3637 318 3716 πρὸς
334 3636 573 3717 ἀντιδιαετολὴν
589 3643 655 3702 τῶν
672 3637 835 3718 ὕετερον
857 3638 1138 3717 γενηεομένων
1162 3638 1373 3717 renouatur

237 3744 371 3810 dicatur.
437 3745 513 3822 Quis
550 3770 615 3812 nou
652 3747 784 3811 miretur
820 3747 983 3831 singulare
1020 3768 1154 3811 acumen
1189 3746 1375 3830 lepidissimi

238 3857 375 3940 capitis?

323 3967 503 4051 Postrem0,
520 3969 623 4053 siquid
639 3969 737 4033 etiam
752 3990 837 4033 nuno
853 3968 992 4051 scrupuli
1009 3967 1164 4049 resideat,
1181 3966 1242 4032 huc
1258 3990 1375 4051 quaeso

302 4186 329 4270 ³¹⁵)
348 4205 433 4272 [Haec
452 4207 544 4260 omnia
560 4207 602 4260 ita
614 4225 675 4261 esse
687 4223 798 4276 reapse,
817 4205 980 4274 planissima
991 4223 1063 4258 nuuc
1081 4203 1242 4258 testimonia
1255 4205 1375 4262 clamant

237 4313 270 4350 ex
288 4297 472 4354 ambrosiano
491 4299 585 4353 codice
604 4300 639 4353 ab
658 4300 691 4353 H.
712 4299 800 4354 Keilio
819 4298 896 4352 edita
913 4298 983 4350 Mus.
1005 4297 1092 4350 Ithen
1112 4313 1174 4350 nov.
1191 4297 1228 4350 Vl
1246 4316 1273 4367 p.
1290 4307 1376 4366 116,t

237 4405 298 4455 sqq.
319 4393 347 4444 et
366 4397 422 4456 118,
438 4396 467 4446 12
486 4393 557 4460 sqq]
