3254 5086
537 389 694 439 nroarsrr
715 387 1067 438 namcnnussscnsrs.
1310 373 1372 438 521
1482 397 1489 410 ·

768 627 841 708 §4-

321 761 463 826 Plurima
492 761 605 826 horum
632 783 713 845 quae
740 761 905 826 attulimus
933 782 1005 826 cum
1031 781 1109 825 sane
1138 761 1227 825 salva
1250 765 1282 826 et
1303 783 1374 827 sen-

237 871 341 936 tentia
363 874 396 935 et
424 870 661 936 constructione
688 873 800 936 abesse
826 870 966 955 possint,
1000 870 1082 934 haud
1112 869 1219 954 paullo
1246 873 1375 956 gravior
1401 879 1404 886 '

237 981 285 1046 vis
308 984 357 1044 est
378 1001 486 1045 eorum
508 980 734 1064 exemplorum,
759 1003 840 1064 quae
856 981 972 1064 elapsis
994 981 1060 1044 sive
1081 980 1407 1064 paucioribussiver

238 1091 378 1174 aliquam
392 1091 501 1155 multis
523 1090 628 1154 verbis
643 1091 811 1155 obscurata
829 1094 924 1176 alque
947 1089 1100 1174 impedita
1115 1091 1265 1154 miserum
1279 1111 1375 1174 saepe

238 1200 272 1264 in
293 1200 421 1265 modum
443 1201 655 1284 interpretum
677 1221 806 1284 operam
833 1202 977 1265 lusenmt
1000 1200 1219 1265 criticorumve
1241 1221 1375 1264 acumen

183 1291 192 1310 ⁶
238 1313 410 1374 torserunt.
440 1310 711 1374 Documentorum
725 1311 880 1394 quantum
902 1311 980 1374 satis
1003 1312 1052 1375 est
1073 1331 1267 1394 expromam,
1290 1313 1375 1393 post·

239 1440 334 1503 quam
362 1419 422 1484 hoe
450 1441 573 1504 quoque
600 1419 635 1483 in
662 1440 781 1504 genere
809 1441 918 1503 parem
948 1441 1015 1484 esse
1049 1441 1157 1483 earum
1189 1419 1376 1484 lacunarum

240 1529 469 1612 condicionem,
493 1529 606 1612 quibus
630 1529 800 1593 coniuncte
814 1528 984 1594 Vrbinatis
999 1528 1205 1612 Chisianique
1226 1551 1286 1612 ope
1308 1551 1376 1594 suc-

240 1638 387 1723 curritur,
405 1661 470 1703 uno
485 1638 629 1722 exemplo
644 1641 863 1730 monstravero
888 1639 961 1703 libri
976 1640 992 1703 I
1012 1660 1039 1703 c.
1059 1639 1115 1703 ‘l‘lz
1138 1639 1228 1704 ὅπως
1243 1641 1300 1718 μέν
1316 1639 1376 1705 ούν
1390 1607 1404 1634 .

238 1752 297 1829 χρὴ
321 1752 393 1830 περί
414 1753 481 1815 τῶν
500 1754 637 1815 τοιῶνδε
659 1749 754 1828 δόξης
776 1750 880 1828 ἔχειν,
903 1751 1043 1829 πότερον
1066 1753 1328 1830 καταφρονεῖν..
1345 1801 1351 1814 .
1368 1799 1376 1827 ,

239 1861 323 1937 ἢκαὶ
345 1859 462 1924 ταύτας
484 1860 715 1939 παραδέχεςθαι
736 1860 794 1924 τὰς
815 1859 963 1940 ίςτορίος,
986 1859 1031 1924 ὡς
1054 1860 1307 1940 ἀνακεκραμένης
1321 1864 1377 1938 τῆς

239 1970 360 2048 ἁπάςης
388 1968 497 2034 ούςίας
524 1973 582 2034 τοῦ
610 1969 728 2048 κόςμου
756 1971 805 2033 καὶ
839 1971 953 2048 μεταξύ
981 1973 1040 2034 τοῦ
1067 1968 1154 2042 θείου
1181 1970 1231 2033 καὶ
1258 1974 1376 2049 θνητοῦ

238 2081 356 2155 γένους
377 2057 483 2158 τρίτης
510 2078 597 2144 τινός
618 2077 823 2159 ύπαρχούςης
845 2079 988 2159 φύςεως,
1010 2081 1050 2157 ἢν
1072 2078 1110 2144 τὸ
1133 2079 1296 2158 δαιμόνων
1318 2083 1378 2159 φύ-

241 2192 299 2255 λον
322 2189 444 2268 ἐπέχει,
471 2190 546 2254 τοτέ
573 2191 630 2268 μέν
653 2189 836 2268 ἀνθρώποις
861 2190 935 2254 τοτέ
956 2191 992 2253 δὲ
1013 2191 1100 2253 θεοῖς
1121 2189 1377 2271 ἐπιμιγνύμενον,

239 2299 349 2383 ἡρῷον
380 2302 480 2378 φῦναι
512 2299 626 2377 γένος,
658 2298 733 2363 ούτε
761 2297 867 2378 καιρός
896 2298 932 2364 ἐν
960 2303 1006 2382 τῷ
1033 2298 1169 2379 παρόντι
1197 2301 1378 2365 διαςκοπεῑν

239 2411 303 2473 κτλ.
346 2405 477 2471 Frustra
499 2407 534 2471 in
556 2407 606 2472 his
628 2407 833 2492 expediendis
854 2407 1030 2471 laboratur:
1053 2409 1152 2491 plana
1174 2409 1249 2472 sunt
1270 2408 1379 2472 omnia

240 2517 398 2582 revocatis
421 2537 459 2580 ex
482 2522 539 2582 AB
560 2516 610 2581 his
632 2538 713 2601 quae
735 2521 808 2600 post
829 2517 1074 2597 ἐπιμιγνύμενον
1097 2517 1297 2581 excidenmt:
1328 2515 1379 2602 [ἐξ

240 2627 286 2692 ού
315 2628 334 2691 ό
362 2627 479 2703 λόγος
507 2626 588 2706 ἔχει
615 2627 658 2693 τό
686 2629 976 2711 μυθευόμενον]
1005 2629 1116 2713 ἡρῷον
1143 2631 1243 2709 φῦναι
1270 2628 1376 2703 γένος.

240 2735 326 2800 Huic
347 2736 447 2822 igitur
469 2735 646 2800 consimilia
671 2737 770 2800 etiam
791 2735 860 2800 sine
884 2735 1035 2802 Chisiano
1057 2735 1198 2800 Vrbinas
1222 2757 1293 2800 aum
1315 2735 1379 2800 alia

240 2845 342 2910 multa
363 2849 432 2909 lum
453 2845 534 2910 haec
555 2849 699 2930 praestat
713 2867 812 2935 parvo
827 2865 964 2931 magnas
978 2847 1120 2910 salebras
1135 2846 1273 2910 remedio
1297 2867 1379 2910 com-

240 2955 389 3038 planans.
433 2955 482 3038 11,
505 2955 562 3020 24:
590 2956 621 3021 οἱ
642 2958 678 3021 δέ
701 2955 775 3022 οὔτε
798 2958 975 3034 ἀνεγγύους
997 2957 1148 3036 ἐποίηςαν
1172 2956 1278 3037 ὥςπερ
1301 2957 1380 3024 ἔνιοι

240 3071 307 3131 τῶν
331 3065 500 3147 βαρβάρων
521 3067 578 3131 τὰς
601 3066 839 3149 ἀφροδιςίμαυς,
863 3067 938 3132 οὔτε
961 3068 1089 3147 ἀφῆκαν
1107 3067 1214 3146 ὥςπερ
1229 3067 1379 3134 Λακεδαι-

241 3175 345 3254 μόνιοι
373 3177 429 3241 τὰς
455 3179 522 3241 τῶν
552 3180 713 3252 γυναικῶν
741 3176 895 3257 φυλακάς,
945 3173 1111 3240 Hierone
1140 3175 1379 3255 ἀφροδιαςμούς

241 3283 442 3368 proponebat
463 3283 653 3369 Sylburgius
676 3283 723 3368 (et
744 3287 820 3350 τούς
842 3303 900 3368 pro
921 3285 979 3349 τὰς
1001 3283 1100 3348 habet
1122 3285 1174 3369 O):
1197 3286 1254 3350 τὰς
1276 3285 1380 3366 ἀφρο-

241 3395 381 3473 διςίμους
402 3394 522 3474 μίξεις
545 3393 748 3458 scribendum
769 3397 819 3458 est
840 3415 857 3458 e
880 3398 918 3457 B.
942 3431 984 3444 —
1005 3392 1064 3474 III,
1088 3393 1144 3457 47:
1175 3395 1297 3472 ἡγυνὴ
1320 3399 1379 3460 τοῦ

241 3504 452 3582 Λοκόμωνος,
491 3503 595 3583 ὄνομα
623 3505 806 3582 Τανακύλα,
840 3503 1003 3583 ἐμπειρίαν
1030 3503 1142 3580 ἱκανὴν
1167 3503 1203 3568 ἐκ
1229 3504 1379 3582 πατέρων

242 3616 435 3694 Τυρρηνικῆς
471 3613 703 3679 οἰωνοςκοπίας
740 3615 899 3694 λαβούςα,
935 3613 1037 3691 μόνον
1074 3612 1174 3678 αύτόν
1211 3611 1276 3677 ἀπὸ
1313 3619 1379 3679 τύιν

242 3723 406 3789 ςυνόντων
433 3723 595 3801 ἠςπόςατό
624 3743 658 3788 τε
687 3724 737 3787 καί
768 3722 899 3800 ἀγαθῶν
926 3721 1066 3787 ἐλπίδων
1088 3721 1269 3799 ἐνέπληςεν.
1315 3721 1380 3786 Vbi

242 3832 318 3916 quil
339 3831 402 3895 sibi
423 3831 535 3896 volunt
556 3833 658 3913 μόνον
679 3833 780 3899 αὐτόν
803 3819 868 3898 ἀπὸ
890 3836 957 3898 τῶν
974 3829 1164 3898 ςυνόντωνί
1191 3829 1293 3894 Immo
1309 3853 1380 3895 oum

242 3942 291 4006 his
314 3941 510 4027 iungendum
533 3963 602 4005 esse
624 3944 774 4024 λαβοῡςα,
802 3941 843 4004 ad
864 3941 972 4025 priora
994 3943 1101 4005 autem
1123 3941 1240 4019 ἔχουςα
1262 3940 1379 4024 requiri

242 4052 307 4115 iam
330 4051 517 4136 Sylburgius
539 4053 699 4116 senserat:
736 4052 770 4120 ἐκ
797 4053 947 4132 πατέρων
975 4051 1121 4131 ἔχουςα
1141 4054 1208 4128 τῆς
1231 4051 1380 4130 Τυρρηνι-

242 4165 298 4238 κῆς
326 4161 558 4226 οἰωνοςκοπίας
585 4160 725 4225 servavit
751 4164 790 4224 B.
819 4198 862 4210 —
889 4160 954 4243 III,
982 4159 1041 4225 50:
1079 4161 1181 4224 ὡςδὲ
1204 4159 1381 4239 βραδύτερα

243 4269 282 4334 τὰ
309 4272 391 4349 παρ’
417 4271 549 4337 ἐκείνων
576 4271 632 4350 ἦν,
662 4272 712 4335 καί
740 4272 818 4336 κατὰ
848 4271 953 4335 πολλὰ
981 4271 1059 4350 μέρη
1086 4273 1146 4334 τοῦ
1172 4268 1297 4349 τείχους
1323 4269 1380 4333 τὰς

181 4461 183 4466 ,
245 4379 426 4460 προςβολὰς
448 4380 632 4472 ἐποιοῦντο,
655 4384 856 4471 παραδοῦναι
870 4382 928 4458 τὴν
944 4379 1039 4445 πόλιν
1061 4378 1300 4460 ἠναγκάςθηςαν
1323 4381 1379 4448 ςύν
