3272 5088
249 335 313 401 478
515 351 563 398 aa
586 351 814 400 auauuluurs
837 351 1133 412 rurrovrmrravs

251 504 345 590 ligas.
390 503 525 568 Accedit
558 506 665 568 autem
698 503 781 588 quod
815 505 913 568 etiam
945 505 981 568 111
1017 503 1232 569 Vrbinatis
1263 527 1395 571 numero

253 614 344 700 (103)
367 617 506 678 erratum
534 617 583 679 est
611 614 651 678 ab
681 607 846 679 Hudsono.
891 613 976 680 Nam
1005 635 1077 704 cum
1105 615 1146 680 ab
1167 613 1396 682 Kellermannc

251 724 330 788 duos
352 726 479 788 tantum
500 725 658 808 reperiam
682 723 857 788 Vrbinates
879 729 1083 808 memoratos,
1111 726 1246 790 alterum
1275 749 1308 790 n.
1335 728 1397 792 105

252 834 549 917 membranaceum,
584 834 733 899 foliorum
765 835 828 899 478
860 835 983 899 formae
1015 835 1154 918 mediae,
1192 857 1257 900 uno
1295 836 1395 900 ferme

252 944 378 1009 saeculo
407 945 456 1029 (111
483 943 610 1028 quidem
640 944 687 1008 illi
714 944 831 1026 visum)
865 943 1026 1009 Vaticano
1064 945 1146 1012 1300
1173 947 1393 1029 recentiorem,

251 1055 349 1119 libros
364 1053 395 1118 X
410 1054 532 1138 priores
554 1057 720 1120 tenentem
741 1055 839 1119 trium
861 1055 1009 1120 manibus
1025 1055 1229 1120 librariorum
1243 1056 1393 1141 scriptos:

251 1165 389 1230 alterurn
417 1187 450 1229 n.
481 1165 542 1230 106
570 1165 774 1230 chartaceum
802 1164 942 1228 eiusdem
968 1166 1107 1250 formae,
1137 1165 1200 1230 XV
1227 1166 1353 1231 saeculo
1376 1188 1395 1230 a

251 1275 450 1360 principibus
479 1273 612 1339 Vrbinis
640 1275 737 1340 scribi
766 1275 902 1358 iussum,
938 1297 958 1339 a
985 1276 1088 1360 primo
1117 1276 1157 1340 ad
1186 1276 1290 1360 quinti
1319 1277 1395 1340 libri

251 1386 349 1450 finem
370 1387 601 1469 pertinentem:
638 1385 708 1469 quis
731 1388 794 1469 est,
824 1385 902 1469 quin
924 1386 1035 1449 illum
1057 1407 1125 1450 esse
1146 1385 1393 1450 Hudsonianum

251 1496 327 1560 ilico
348 1496 530 1582 intellegat,
553 1496 743 1580 praesertim
764 1495 819 1559 ubi
840 1495 1032 1561 Vrbinatem
1058 1497 1117 1562 103
1144 1495 1239 1561 hodie
1267 1499 1392 1560 exstare

251 1605 380 1690 quidem
403 1606 609 1690 compererit,
642 1606 698 1670 sed
720 1607 906 1690 Appianum
929 1606 1113 1690 complecti,
1142 1605 1225 1670 nihil
1246 1606 1393 1691 Dionysii

252 1716 412 1782 audierit?
461 1715 547 1781 Nam
578 1716 657 1780 illud
690 1717 822 1780 minime
854 1738 905 1781 me
933 1719 1056 1800 movet,
1092 1715 1173 1800 quod
1202 1714 1394 1780 Vrbinatem

252 1825 445 1891 HudsoniX
466 1826 593 1892 saeculo
614 1825 796 1912 Zaeagnius
818 1826 942 1908 tribuit,
965 1827 1065 1890 multo
1088 1825 1258 1891 recentiori
1281 1827 1390 1909 aetati,

251 1939 288 2000 ut
314 1957 353 2000 ex
381 1936 557 2020 scripturae
585 1937 730 2021 exemplo
757 1935 909 2001 Vaticani
939 1937 1021 2001 1300
1046 1936 1132 2000 infra
1166 1935 1308 2000 exhibito
1337 1957 1393 2019 ap·

251 2049 354 2130 paret,
377 2045 639 2111 Kellermannus:
662 2068 723 2131 quo
738 2047 773 2110 111
788 2067 906 2131 genere
921 2047 985 2111 dici
1006 2047 1118 2130 nequit
1140 2048 1286 2131 quotiens
1309 2067 1393 2110 erra·

251 2158 321 2219 tum
349 2156 401 2220 sit.
430 2195 473 2208 -
502 2155 650 2223 Ceterum
676 2155 815 2240 nequid
842 2157 1115 2240 praetermittam,
1145 2160 1262 2240 pentas
1276 2157 1393 2221 ‘altera

253 2265 494 2350 Antiquitatum
517 2270 622 2331 exstat
650 2267 748 2331 etiam
774 2265 809 2330 in
831 2287 895 2331 uno
918 2266 1157 2331 Alexandrinae
1179 2267 1393 2333 bibliothecae

254 2375 373 2460 codice,
397 2399 430 2441 n.
455 2377 507 2458 95,
531 2377 702 2441 chartaceo
724 2377 780 2440 fol.
804 2377 867 2441 268
889 2375 1012 2442 formae
1033 2376 1166 2441 mediae.

337 2485 456 2550 Similis
479 2489 575 2570 atque
603 2485 642 2550 de
664 2486 819 2551 Romanis
847 2486 948 2551 oritur
975 2487 1014 2550 de
1036 2485 1204 2552 Venetis
1233 2486 1392 2552 codicibus

252 2596 423 2662 dubitatio.
468 2594 571 2660 Vnius
594 2596 681 2660 enirn
696 2595 814 2661 Veneti
836 2596 1002 2680 scripturis
1025 2595 1214 2682 Sylburgius
1236 2619 1311 2661 usus
1333 2599 1391 2680 est,

253 2729 331 2790 quas
354 2706 395 2771 ab
417 2704 614 2790 Hieronymo
637 2705 826 2771 Douzellino
848 2705 922 2792 (sic)
952 2710 985 2770 et
1007 2705 1156 2771 Gabriele
1178 2706 1394 2791 Philadelphi·

253 2816 323 2880 ensi
339 2819 504 2900 excerptas
527 2819 639 2881 narrat
660 2817 695 2881 in
717 2817 934 2900 praefatione3
957 2816 1035 2880 duos
1050 2820 1158 2881 autem
1172 2817 1312 2883 inlibris
1328 2816 1344 2880 Ι
1359 2819 1392 2880 91

252 2924 285 2990 ΙΙ
308 2929 340 2990 91
362 2924 410 2989 XI
431 2925 620 2991 Ambrosius
642 2927 791 3006 excussit,
817 2948 950 3010 quorum
971 2927 1251 2991 membranaceum
1271 2915 1305 2991 n.
1328 2926 1392 2991 273

253 3037 390 3100 testatur
422 3057 461 3100 ex
494 3036 673 3121 antiquiore
707 3036 876 3102 chartaceo
904 3059 938 3102 n.
969 3037 1033 3101 212
1067 3037 1169 3120 (cuius
1201 3037 1393 3121 scripturam

252 3146 338 3211 haud
371 3145 450 3212 adeo
483 3147 632 3231 expeditu
663 3147 794 3212 facilem
822 3169 861 3212 ex
889 3147 1033 3211 subiecta
1065 3147 1175 3211 tabula
1203 3146 1392 3230 cognoscas)

253 3255 453 3321 Bessarionis
474 3257 628 3321 mandato
650 3278 773 3322 summa
795 3256 857 3322 fide
879 3257 1074 3340 descriptum
1094 3279 1173 3339 esse,
1196 3256 1243 3320 ita
1265 3255 1393 3340 quidem

252 3367 357 3450 utqui
373 3389 392 3430 a
409 3367 578 3432 chartaceo
593 3366 719 3431 abesset
740 3366 926 3432 undecimus
948 3367 1030 3431 liber
1052 3367 1180 3432 aliunde
1203 3365 1390 3431 adiceretur.

252 3475 365 3560 Itaque
393 3498 464 3541 cum
490 3481 639 3561 utrosque
667 3477 806 3560 codices,
835 3477 1066 3542 Ambrosianus
1090 3481 1185 3561 atque
1209 3477 1392 3560 Sylburgia·

252 3607 339 3670 num,
357 3586 449 3651 valde
464 3587 549 3650 inter
564 3607 598 3650 se
614 3590 769 3671 cognatos
787 3609 855 3652 esse
870 3587 966 3652 facile
981 3590 1093 3651 nostra
1109 3586 1144 3650 in
1163 3587 1268 3671 ipsum
1282 3605 1391 3670 prooe-

252 3696 351 3760 mium
367 3696 533 3761 adnotatio
547 3700 715 3782 monstret,
733 3701 844 3764 tamen
859 3718 928 3762 non
942 3696 1058 3762 desunt
1073 3718 1154 3781 quae
1167 3717 1302 3782 arguere
1318 3716 1393 3759 con·

252 3807 387 3870 trariam
401 3806 559 3871 rationem
574 3806 752 3872 videantur.
789 3806 888 3872 Velut
902 3829 933 3891 p.
950 3808 981 3891 2,
1001 3808 1050 3872 11.
1069 3807 1109 3870 19
1126 3804 1187 3894 [ed.
1204 3804 1333 3893 Kiessl.]
1358 3805 1391 3888 in

253 3915 318 3980 illis
332 3915 398 4001 legi
413 3919 489 3982 τοὺ(
507 3967 514 3981 .
533 3967 540 3982 .
560 3966 566 3981 .
591 3918 894 4002 ἀναγραφομένουε,
918 3919 954 3982 in
968 3918 1029 3982 hoc
1044 3919 1100 3983 τὰ(
1123 3965 1131 3980 .
1149 3965 1156 3981 .
1174 3967 1181 3982 .
1206 3918 1391 3998 ἀναγραφο-

202 4039 234 4088 ao
252 4028 350 4108 ptrue
363 4027 520 4112 proditur,
538 4029 588 4110 10,
604 4028 728 4092 2911111
743 4029 978 4110 ἀναγνίεμαειν,
1000 4028 1054 4092 hic
1068 4028 1289 4107 ἀγωνίεμαειν,
1312 4026 1391 4090 eins·

252 4137 386 4222 demque
413 4137 541 4222 generis
564 4139 761 4221 1111115,26
784 4143 817 4204 91
839 4139 874 4222 9,
901 4141 914 4204 ]
950 4137 1008 4203 111
1028 4138 1163 4202 omissae
1190 4137 1241 4202 vel
1264 4136 1392 4201 additae

252 4249 348 4328 udaie
364 4249 398 4310 et
412 4247 492 4328 ὑπέρ
516 4248 656 4313 voculae.
693 4247 782 4323 Quod
799 4270 870 4312 cum
885 4249 931 4312 ita
946 4248 1006 4330 sit,
1029 4248 1069 4312 de
1091 4248 1276 4312 diversitate
1298 4235 1392 4311 nenio

252 4354 397 4442 profecto
419 4354 596 4441 dubitaret,
619 4356 684 4420 nisi
707 4361 740 4422 et
761 4357 796 4422 in
818 4356 883 4422 Iac.
901 4358 1027 4422 Morelli
1050 4357 1203 4422 Biblioth.
1228 4356 1269 4421 D.
1289 4355 1391 4419 Marci
