3254 5092
503 389 550 435 ua
573 389 665 437 maa.
688 390 793 436 anax.
817 391 860 436 ar
883 391 1097 440 Prsrsrnaro.
1310 377 1370 439 163

232 535 370 602 Rursum
397 537 498 623 igitur
525 540 604 604 haec
632 542 791 625 requirere
821 543 1009 608 coniectoris
1038 565 1181 608 acumen.
1238 543 1370 608 Praesto

232 669 301 710 esse
323 648 524 714 doctissimus
546 649 680 733 Hasius,
710 651 756 715 sic
782 652 838 716 illa
865 653 1049 718 instaurans
1077 653 1161 738 apud
1184 653 1371 718 Gramenrm

232 779 264 840 p.
290 758 329 821 16
351 758 445 824 solita
466 760 659 844 sagacitate:

679 887 914 978 Ἀθη]νοδώρῳ

680 997 825 1086 ἐπίκ]λην
850 1001 927 1080 Κορ-

678 1106 823 1196 bullioni

234 1230 350 1295 Restat
381 1233 432 1295 rel
466 1233 513 1296 sic
546 1233 665 1317 aliquid
698 1234 916 1300 dubitationis.
966 1235 1050 1300 Nam
1084 1235 1144 1300 etsi
1177 1235 1373 1301 confidenter

233 1341 335 1405 Hosio
351 1341 506 1406 credimus
528 1347 594 1406 tres
617 1344 723 1427 potius
738 1367 847 1408 versus
868 1367 934 1409 esse
957 1345 1042 1409 illius
1062 1347 1254 1428 notationis,
1278 1369 1373 1430 quam

234 1451 355 1515 duobus
382 1455 509 1518 tantum
532 1454 757 1538 consignatam
778 1453 946 1519 Cramerus
976 1455 1129 1539 prodidit:
1157 1461 1267 1520 tamen
1288 1456 1374 1520 hunc

234 1561 385 1645 quoniam
407 1566 553 1646 apertum
581 1565 630 1626 est
652 1585 699 1628 τικ
725 1563 850 1628 litteras
873 1564 937 1627 suis
959 1564 1058 1628 oculis
1084 1565 1216 1649 legisse,
1244 1565 1372 1628 lacuna-

234 1693 306 1735 rum
327 1673 548 1757 supplementa
563 1671 709 1737 Hasiana
729 1673 878 1736 videntur
896 1673 956 1736 hoc
980 1659 1085 1756 potius
1109 1674 1252 1756 exemplo
1274 1675 1373 1758 signi-

235 1781 363 1846 ficanda
385 1783 499 1846 fuisse:

682 1907 907 1998 Ἀθη]νοδώρῳ

682 2019 826 2107 ἐ]πίκλην
851 2022 929 2101 Kop-

236 2146 300 2210 nisi
323 2145 406 2210 forte
429 2167 503 2211 vera
525 2147 608 2209 ratio
631 2147 710 2210 haec
731 2147 809 2211 fuit:

683 2271 874 2361 Ἀθη]νοδώ-

684 2404 731 2469 ρῳ
754 2382 897 2470 ἐ]πίκλην
921 2385 1000 2464 Κορ-

237 2509 300 2576 Sed
312 2509 344 2574 id
357 2509 658 2594 quomodocumque
669 2531 703 2574 se
714 2509 859 2596 haben),
873 2511 957 2574 hano
969 2510 1074 2594 potius
1086 2513 1188 2574 artem
1195 2509 1375 2574 Hasianam
1393 2521 1426 2569 47

235 2623 401 2704 tamquam
424 2621 585 2702 exemplar
607 2620 794 2684 intueantur
816 2622 848 2683 et
870 2619 1050 2702 imitentur,
1080 2619 1183 2703 siqui
1205 2619 1374 2683 emendare

238 2729 448 2794 coniectando
475 2732 621 2807 κογκυλω
650 2730 775 2794 litteras
802 2729 926 2812 volent,
962 2730 1114 2794 omittant
1141 2733 1248 2792 autem
1277 2728 1376 2794 Simo-

237 2838 333 2902 nidea
360 2839 494 2903 somnia.
540 2837 622 2914 Quid
650 2843 699 2902 est
726 2845 848 2922 autem,
880 2839 962 2924 quod
989 2839 1067 2903 satis
1096 2839 1257 2903 subtiliter
1278 2839 1376 2903 erutis

237 2948 396 3012 secundae
411 2971 525 3012 manus
540 2948 685 3034 vestigiis
704 2949 769 3013 iam
784 2949 1010 3034 proficiamus?
1040 2948 1115 3014 Non
1129 2949 1215 3034 fugit
1229 2947 1375 3031 Hasium,

236 3080 334 3142 quam
355 3058 496 3122 nondum
512 3058 660 3142 expedita
682 3059 728 3122 rei
750 3081 873 3124 summa
888 3063 980 3123 esset.
1017 3058 1141 3142 Quippe
1163 3059 1376 3124 bibliothecae

236 3167 457 3252 Pergamenae
479 3167 659 3252 praefectus
681 3168 735 3233 ille
756 3169 819 3232 fuit
840 3167 1065 3234 Athenodorus
1080 3168 1244 3252 Cordylio,
1269 3167 1377 3234 Orate-

235 3277 281 3340 tis
304 3276 456 3340 Mallotae
484 3280 519 3340 ut
540 3278 666 3341 ridetur
692 3277 727 3342 in
750 3299 786 3341 eo
808 3299 939 3342 munere
961 3299 1132 3342 successor.
1179 3276 1279 3353 Quem
1308 3277 1377 3362 quis

236 3387 367 3470 putabit
397 3385 459 3450 fide
492 3386 700 3472 dignissimae
737 3387 775 3452 de
808 3387 1031 3470 Onomacrito,
1070 3387 1214 3472 Orphae,
1253 3386 1377 3470 Zopyro

236 3495 419 3560 narrationi
448 3496 489 3559 ab
517 3517 570 3578 eo,
606 3518 700 3580 quem
728 3498 887 3580 excerpsit
914 3496 1046 3578 Tzetza‚
1081 3497 1256 3561 admixtum
1286 3495 1378 3560 esse?

307 3742 332 3808 *)
352 3740 415 3809 [Vix
431 3740 484 3795 h'bi
500 3741 640 3811 temperes
659 3739 726 3809 quin
743 3740 862 3796 lectores
880 3739 1015 3796 ludificari
1026 3739 1145 3796 voluisse
1158 3739 1273 3794 Hasium
1292 3738 1378 3808 etrapi-

236 3849 315 3888 cere:
333 3835 391 3888 tam
408 3833 499 3902 planis
518 3835 547 3888 et
565 3833 669 3903 apertis
686 3833 716 3886 in
734 3833 827 3888 codice
844 3833 945 3888 litteris

690 3929 852 4021 Ιθηνοδωρω

697 4022 815 4086 επικλὴν
834 4037 884 4086 κορ

696 4113 811 4166 bollano

236 4205 290 4277 (sic
303 4205 425 4273 quidem)
437 4206 571 4276 scriptum
587 4222 647 4260 esse
660 4205 801 4260 consultus
814 4222 831 4260 a
842 4223 886 4260 me
898 4205 1053 4261 Fridericus
1066 4205 1230 4260 Duebnerus
1248 4207 1380 4274 testatur,

236 4301 329 4367 cuius,
352 4299 418 4353 dum
439 4301 509 4354 haec
527 4299 660 4354 schedula
681 4298 843 4368 typothetae
862 4301 985 4366 exercet,
1006 4298 1117 4352 litterae
1135 4298 1202 4353 mihi
1227 4299 1382 4354 afferuntur

237 4391 479 4464 officiosissimae]

1114 4479 1177 4543 11*
