3218 5094
591 403 637 450 nn
660 402 730 450 oso
754 402 797 450 ss
821 403 964 451 onmes.
1285 385 1348 452 635

206 559 259 621 cat
286 556 327 620 ad
355 555 491 620 eundem
518 555 619 620 Orum
646 555 824 640 pertinere,
852 555 1018 638 praeclaro
1045 555 1252 638 documento,
1286 578 1348 640 qua

204 665 407 751 potissimum
435 665 488 730 via
515 688 554 730 ae
580 665 706 730 ratione
734 664 944 730 clarissimum
971 665 1155 731 technicum
1183 666 1266 731 Orus
1292 687 1348 752 ag·

205 797 333 864 gressus
356 776 415 860 sit,
438 775 559 840 discere
581 776 726 862 liceat.*)

289 901 321 967 4.
366 903 484 969 itibus
517 924 598 988 quac
630 903 734 968 adhuc
766 903 925 988 persecuti
954 925 1060 968 sumus
1088 903 1246 987 capitibus
1276 925 1349 968 cum

204 1016 303 1100 longe
325 1014 465 1078 maxima
486 1035 562 1098 pars
584 1013 903 1100 orthographicorum
922 1012 978 1078 Ori
1001 1017 1242 1098 praeceptorum
1266 1035 1348 1078 oom-

205 1123 440 1210 prehendatur,
465 1125 575 1208 quaeri
596 1127 718 1209 potest,
742 1146 820 1189 num
842 1124 925 1189 forte
946 1124 998 1188 his
1020 1124 1098 1208 ipsis
1118 1123 1237 1188 finibus
1258 1145 1349 1188 suam

206 1234 290 1300 Orus
313 1234 599 1319 circumscripserit
619 1227 894 1330 orthographiam.
932 1235 1007 1298 Non
1029 1233 1228 1298 incommode
1251 1237 1348 1318 certe,

205 1366 287 1429 quae
309 1344 407 1409 etiam
428 1367 515 1410 nunc
537 1347 678 1429 restant,
707 1346 748 1408 ad
770 1344 850 1411 alios
873 1347 905 1409 et
927 1345 1012 1409 locos
1035 1347 1067 1408 et
1095 1343 1219 1409 libellos
1241 1357 1349 1429 gram-

205 1455 340 1520 maticos
372 1455 503 1520 referas.
549 1457 600 1521 Ao
631 1455 770 1540 primunr
797 1457 1033 1520 accentuum
1061 1455 1245 1520 doctrina
1278 1477 1349 1520 oum

206 1565 313 1630 aliena
334 1565 434 1630 fuerit
460 1565 502 1630 ab
524 1565 774 1651 orthographiae
795 1566 989 1630 uacatione
1015 1587 1053 1630 ac
1081 1569 1274 1650 προεῳδιῶν
1295 1587 1349 1648 po-

208 1675 272 1739 tius
304 1675 496 1760 scriptorum
523 1662 673 1761 propriaJ
702 1679 772 1740 tum
798 1675 949 1760 singulis
984 1675 1019 1740 in
1052 1675 1166 1760 quibus
1199 1679 1350 1741 accentus

210 1785 449 1870 disceptantur,
478 1786 609 1851 vocibus
636 1808 709 1850 suas
737 1785 826 1850 sedes
854 1788 912 1850 aut
937 1786 1001 1850 iam
1030 1785 1286 1870 adsignemus,
1314 1789 1352 1850 ut

206 1896 335 1976 dpverdr
347 1945 356 1979 ,
386 1897 549 1978 Ζήτρειον,
577 1897 742 1980 κάβαιεοε,
777 1895 912 1975 atteror,
946 1895 1065 1976 ῥειτόε,
1098 1895 1191 1976 ὄληαι
1229 1899 1285 1960 aut
1315 1896 1350 1961 in

206 2005 338 2074 πάθεειν
366 2005 608 2092 adsignabimus
635 2006 786 2090 posthac,
818 2008 854 2070 ut
881 2006 998 2089 ἀῑτὶαε,
1031 2007 1180 2084 Ζώτειον,
1213 2007 1349 2087 μητίετα,

206 2117 286 2195 ζαήν
309 2117 440 2202 (Ζαῆν’).
484 2115 553 2182 Nec
579 2116 705 2182 diversa
727 2116 811 2182 ratio
832 2118 1084 2197 πνευμάτωνι
1111 2120 1148 2182 ut
1169 2139 1199 2181 ιι.
1223 2117 1349 2198 ὑπήνη

289 2388 315 2456 *)
343 2387 398 2456 [De
415 2386 469 2441 hae
491 2404 589 2442 caussa
611 2386 651 2441 sic
672 2387 865 2457 disputantem
888 2386 983 2456 accipe
1004 2385 1184 2440 Lehrsium
1210 2385 1350 2442 Censurae

205 2497 232 2549 p.
251 2484 315 2535 458:
345 2479 505 2534 ‘Praeclara
528 2497 592 2550 spes
610 2480 728 2535 affulsit:
748 2481 797 2535 sed
814 2497 888 2534 vana
906 2481 957 2534 est.
992 2479 1066 2533 Nam
1088 2476 1136 2534 ino
1159 2480 1221 2534 loco
1238 2479 1350 2548 Etymo-

205 2572 291 2642 logici
309 2574 403 2641 (quem
420 2573 505 2642 paulo
522 2572 679 2642 longiorem
696 2590 753 2628 non
771 2590 874 2644 operae
891 2573 1012 2643 pretium
1023 2572 1134 2628 videtur
1150 2573 1351 2628 transscribere

205 2665 282 2721 inre
301 2665 466 2734 certissima)
490 2666 603 2721 omnino
626 2683 682 2721 non
700 2665 859 2736 disputatur
882 2668 981 2721 contra
1002 2665 1205 2732 Herodianum,
1228 2666 1278 2720 sed
1299 2683 1351 2736 pro

205 2759 374 2815 Herodiano.
418 2759 539 2816 Ludiora
567 2759 733 2829 digladiatio
763 2762 807 2814 est
834 2759 864 2814 in
894 2759 1015 2830 speciem
1045 2761 1184 2829 suscepta.
1228 2758 1350 2828 Singulis

207 2851 360 2908 Herodiani
377 2852 535 2923 praeceptis
552 2851 757 2906 interiioiuntur
775 2870 846 2921 quae
865 2852 926 2920 quis
945 2855 1043 2908 contra
1064 2870 1177 2908 monere
1194 2853 1297 2923 possit:
1321 2855 1352 2908 at

207 2945 304 3000 statim
322 2947 393 3000 haec
410 2945 553 3000 diluuntur
570 2948 600 3000 et
617 2947 712 3002 tumen
729 2947 805 3001 recte
822 2945 998 3016 praecepisse
1020 2945 1210 3001 Herodianum
1232 2945 1352 3001 ostendi·
1436 2985 1439 2992 .

205 3040 259 3091 tur.
301 3037 346 3092 Sic
369 3038 583 3108 intelligendum
604 3037 673 3092 illud
694 3039 800 3105 γίνεται
821 3041 875 3107 γὰρ
896 3041 954 3094 ἀπὸ
976 3045 1028 3094 rob
1050 3041 1158 3107 πατρὸς
1181 3071 1213 3078 -
1236 3039 1351 3109 quippe;

208 3129 317 3184 ducitur
334 3131 409 3186 enim
425 3163 471 3199 -,
494 3133 524 3187 et
539 3131 614 3186 infra
632 3131 683 3186 sict
705 3133 735 3186 δὲ
753 3133 880 3199 ὀνόματα
897 3133 1005 3200 ἡρώων
1022 3133 1069 3186 ‘at
1084 3133 1155 3187 haec
1172 3132 1287 3188 heroum
1304 3149 1352 3186 no-

207 3223 283 3278 mina
301 3225 386 3278 sunt.’
413 3225 481 3279 Loci
491 3223 664 3279 intellectum
675 3223 819 3294 paululum
835 3224 991 3294 impediunt
1008 3225 1079 3280 duae
1091 3226 1280 3294 corruptelae,
1297 3229 1352 3280 Ζῶε

207 3333 232 3370 ιι.
252 3321 285 3370 53
303 3333 354 3386 pro
372 3317 483 3372 nornine
501 3317 625 3372 eiusdem
642 3319 748 3373 somnae
766 3317 892 3386 heroico,
916 3321 995 3386 Kome
1013 3319 1132 3373 fortasse
1149 3319 1194 3372 vel
1213 3319 1301 3384 stoc,
1323 3319 1353 3372 ct

208 3411 295 3464 πλέον
311 3426 338 3463 s.
356 3413 401 3474 50,
427 3427 478 3478 pro
497 3427 551 3478 quo
570 3410 747 3464 scribendum
764 3412 988 3479 περιεπώμενον.
1022 3409 1183 3486 Isteigitur
1204 3411 1280 3464 locus
1299 3409 1353 3464 etsi

207 3519 263 3569 qua
280 3501 388 3557 ratione
406 3502 596 3558 Herodianum
612 3502 820 3573 impugnaverit
838 3503 909 3558 Orus
931 3505 1031 3559 dooere
1053 3521 1109 3558 non
1126 3505 1233 3573 potest,
1256 3505 1350 3556 tamen

206 3593 260 3649 hoc
281 3594 349 3648 mibi
371 3612 422 3664 per
444 3597 535 3650 totam
557 3595 784 3651 dissertationem
807 3597 926 3652 sensisse
953 3597 1028 3650 visus
1057 3613 1130 3661 sum,
1156 3597 1231 3650 huno
1257 3595 1351 3661 Orum‚

207 3703 289 3755 quern
306 3687 339 3742 a.
359 3687 440 3742 nobis
457 3691 593 3757 tanquam
611 3689 646 3744 de
663 3688 759 3744 inseris
778 3689 922 3757 excitavit,
940 3689 1027 3743 multo
1046 3687 1154 3743 doctius
1172 3691 1201 3744 et
1217 3687 1351 3742 intentius

207 3779 236 3833 in
254 3779 445 3836 Herodianum
463 3781 554 3835 nisum
571 3798 632 3836 esse
650 3799 734 3850 quam
751 3784 818 3852 post
834 3781 920 3837 etiam
937 3783 974 3837 ab
992 3781 1184 3836 eruditissimis
1203 3780 1249 3848 (do
1265 3779 1352 3836 Choe-

204 3874 322 3930 robosoo
347 3874 467 3929 maxime
495 3874 599 3946 cogito)
623 3875 646 3928 si
669 3875 780 3943 quando
802 3875 909 3930 faciunt
934 3877 1039 3930 factum
1064 3875 1194 3942 vidimus,
1223 3873 1353 3942 inteiligi-

205 3984 333 4036 musque,
364 3968 412 4036 qui
441 3966 509 4021 mihi
534 3967 734 4038 pulcherrimus
763 3968 844 4022 huius
873 3968 1073 4037 disquisitionis
1102 3971 1206 4024 fruetus
1236 3967 1352 4032 videtur,

205 4077 262 4114 non
287 4061 379 4116 subito
407 4079 469 4116 oum
491 4059 651 4116 Herodiano
681 4079 792 4120 omnem
818 4061 1065 4130 grammaticorum
1090 4062 1217 4131 vigorem
1241 4061 1283 4114 ita
1308 4077 1352 4114 ex·

206 4151 337 4208 stinctum
361 4153 446 4208 fuisse
469 4155 500 4208 ut
522 4171 602 4209 arma
618 4153 772 4210 abiicerent
793 4154 952 4222 inertesque
975 4172 1074 4210 manus
1095 4155 1202 4210 darent.
1240 4153 1294 4208 Cur
1311 4155 1352 4207 ta·

205 4261 269 4299 men
287 4247 377 4300 satum
396 4265 475 4302 suum
492 4245 616 4316 effugere
634 4265 690 4302 non
708 4247 863 4318 potuerint,
881 4247 948 4316 quin
965 4247 1084 4315 denique
1102 4247 1263 4302 auctoritati
1281 4263 1353 4300 sum-

204 4336 257 4390 mis
280 4337 355 4392 haud
378 4339 461 4394 dubie
483 4339 632 4396 virtutibus
655 4343 755 4410 partae
778 4341 863 4397 etiam
880 4341 960 4398 inviti
979 4341 1175 4408 concederent,
1199 4355 1282 4409 quam
1300 4339 1352 4396 hoc

205 4429 272 4487 olim
288 4430 438 4488 iucundum
456 4432 509 4490 erit
525 4433 716 4508 intelligeret’]
877 4439 881 4447 “
