3272 5088
601 391 720 441 servu
743 389 1004 443 scmrroaravs.
1316 371 1380 440 465

235 546 323 611 cuius
352 547 498 630 patronis
525 546 646 610 liceret.
699 545 820 611 Verum
849 546 935 610 enim
968 565 1042 610 vero
1071 544 1218 609 ecodicc
1248 547 1380 608 notatur
1400 558 1431 606 10

236 659 387 738 Μαρςύας
410 658 445 722 ἐν
468 661 505 735 τῆ
529 657 585 724 ίόις.
608 661 785 723 κοτοδινιᾶι
816 657 850 720 in
878 656 992 740 quibus
1024 655 1185 740 sagaciter
1217 655 1381 739 perspexit

235 789 273 832 ao
306 767 402 832 nimis
438 769 629 830 cunctanter
665 766 886 851 pronuntiavit
924 765 1086 831 Schowius
1122 788 1154 849 p.
1182 765 1244 830 696
1280 764 1380 829 latere

235 877 270 945 ἐν
285 882 335 958 τῆι
357 876 394 942 α’.
418 881 664 944 (noroberet-2
688 878 771 962 quod
794 878 892 941 etiam
915 861 1089 960 simplicius
1112 896 1208 960 quam
1230 876 1265 943 ἐν
1280 882 1318 960 τῇ
1341 874 1381 940 ια’

234 986 342 1052 luerit.
355 987 387 1072 ²²)
431 986 477 1051 Vt
498 987 642 1071 profecto
665 1009 731 1052 non
752 987 908 1071 ineptiat,
932 986 986 1070 qui
1007 986 1170 1071 Marsyam
1193 987 1381 1050 alterutrum

236 1097 378 1181 ipsorum
411 1097 641 1162 Macedonicon
673 1098 755 1161 libro
782 1098 886 1182 primo
914 1097 1093 1180 suspicetur
1120 1096 1158 1160 dc
1186 1117 1223 1161 eo
1251 1095 1382 1160 nomine

236 1206 369 1289 dixisse,
393 1228 470 1290 quo,
500 1229 578 1290 quos
601 1209 795 1287 παρθενίου(
817 1207 1077 1290 Lacedaemonii,
1107 1206 1255 1272 vocarint
1276 1205 1382 1269 Macc-

236 1317 345 1381 dones.
369 1315 460 1392 Quod
475 1315 601 1401 quidem
624 1338 685 1381 nec
706 1322 865 1397 κοριναῑοι
886 1321 993 1401 potest
1014 1339 1074 1382 nec
1090 1322 1257 1398 κορηναῑαι
1270 1315 1380 1398 fuisse,

236 1428 291 1492 sed
318 1430 355 1491 nt
382 1427 576 1491 arbitramur
608 1431 846 1506 κορευναῖοι
900 1425 1061 1513 [Necdum
1089 1427 1181 1491 huius
1214 1449 1272 1490 nos
1308 1446 1382 1489 con-

237 1538 378 1602 iecturae
393 1538 559 1621 paenitere
574 1535 724 1620 fatemin,
747 1538 890 1621 quamvis
914 1540 970 1600 aut
991 1538 1191 1621 improbatae
1213 1539 1269 1600 aut
1290 1535 1382 1620 igno·

237 1650 326 1712 ratae
350 1668 421 1712 cum
442 1647 544 1712 Maur.
559 1647 736 1714 Schmidtio
758 1649 828 1711 tum
849 1647 1009 1712 Lobeekio
1024 1646 1235 1732 Pathologiae
1257 1645 1380 1730 proleg.

236 1780 268 1841 p.
287 1757 350 1822 225
373 1757 481 1822 adnot.
526 1757 610 1822 Nam
641 1761 811 1841 postquam
838 1756 933 1821 nihili
955 1757 1145 1822 vocabulum
1168 1777 1236 1822 esse
1258 1757 1380 1838 κορίνη,

237 1889 299 1950 quo
321 1867 385 1931 dici
405 1875 536 1947 puellam
561 1868 623 1932 sibi
645 1870 881 1951 persuaserant,
906 1867 1105 1932 intellectum
1127 1871 1176 1932 est
1198 1867 1280 1951 (sive
1297 1865 1382 1950 apud

237 1976 468 2042 Philostratum
490 1977 525 2041 in
546 1979 613 2042 vita
636 1977 803 2060 Apollonii
825 1977 869 2062 Π,
893 1977 945 2059 22,
963 1976 1004 2042 74
1025 2000 1057 2061 p.
1074 1977 1127 2060 34,
1145 1980 1163 2043 ί
1187 1976 1285 2061 Kays.
1311 1998 1382 2041 cnm

237 2087 397 2153 Lobeokio
419 2090 565 2170 Κυρῖνον,
588 2087 666 2171 sive,
690 2088 773 2172 quod
796 2090 959 2171 praestare
982 2091 1141 2170 putamus,
1166 2090 1289 2168 κήριναι
1312 2109 1383 2152 cum

237 2197 360 2282 Toupio
381 2197 517 2262 Emend.
541 2197 576 2261 in
597 2196 684 2262 Suid.
708 2197 741 2261 ΙΙ
763 2219 795 2281 p.
819 2198 880 2262 227
912 2197 960 2261 ed.
984 2197 1071 2281 Lips.
1095 2197 1247 2281 probabis
1270 2219 1328 2281 pro
1346 2219 1383 2262 eo

238 2308 321 2392 quod
343 2308 465 2372 librarii
486 2309 662 2392 peccarunt
683 2311 807 2388 κορῑναι
828 2306 878 2370 vel
898 2293 1053 2392 κορίναι),
1076 2329 1170 2372 omne
1187 2308 1252 2372 iam
1268 2307 1383 2372 funda-

238 2421 381 2484 mentum
409 2417 504 2482 alicui
532 2421 693 2498 κοριναῖος
722 2417 844 2482 formae
866 2439 935 2482 esse
958 2418 1157 2482 subtractum
1180 2416 1338 2505 apparet]

323 2527 462 2613 (XXIII)
493 2527 544 2591 Ad
566 2509 746 2611 Mythica
773 2531 880 2591 autem
902 2529 1017 2592 merito
1038 2527 1200 2592 rettulisse
1222 2526 1382 2612 Schweig-

238 2636 426 2704 haeuserum
463 2637 680 2702 existimamus
716 2641 796 2702 hoco
832 2638 993 2702 Athenaei
1030 2637 1118 2722 Epit.
1147 2637 1179 2701 Π
1212 2661 1244 2722 p.
1268 2638 1310 2702 69
1338 2641 1382 2700 D:

175 2785 180 2795 ·
241 2750 394 2829 Κρατῖνος
417 2749 453 2814 δέ
467 2769 543 2829 φηςι
565 2749 703 2816 Φάωνος
727 2748 909 2828 ἐραςθεῑςυν
930 2752 989 2829 τὴν
1011 2749 1202 2829 Ἀφροδίτην
1222 2748 1259 2814 ἐν
1274 2750 1383 2813 καλαῖς

239 2859 430 2939 θριδακίναις
460 2859 560 2925 αὐτὸν
590 2858 791 2939 ἀποκρύψαι,
820 2861 1002 2940 Μαρςύαε
1025 2861 1061 2924 δὲ
1083 2859 1102 2923 ὁ
1124 2859 1324 2939 νεώτερος
1347 2859 1383 2924 ἐν

239 2969 319 3054 χλόῃ
345 2972 471 3049 κριθῶν.
525 2966 724 3052 Quamquam
753 2968 912 3032 immerito
939 2967 1026 3032 hunc
1054 2968 1242 3052 scriptorem
1269 2969 1381 3052 abeo,

240 3079 293 3162 qui
315 3077 567 3162 Harpocrationi
590 3081 622 3141 et
637 3076 753 3142 Suidae
769 3079 788 3143 ὁ
804 3080 963 3158 νεώτερος
978 3078 1106 3162 dicitur,
1122 3078 1207 3144 idem
1222 3078 1382 3163 Schweig-

240 3188 410 3252 haeuserus
433 3187 590 3252 distinxit.

324 3297 462 3384 (XXIV)
494 3297 563 3363 Nec
585 3298 663 3362 alibi
685 3299 748 3362 nisi
775 3298 810 3362 in
832 3298 984 3382 Mythicis
1006 3298 1111 3363 locum
1134 3297 1282 3362 videntur
1303 3299 1383 3362 haec

240 3407 389 3474 habuisse
411 3407 510 3472 schol.
535 3409 570 3472 in
592 3409 768 3493 Odysseam
790 3406 911 3491 XVIII,
936 3409 991 3474 85:
1020 3410 1150 3489 Ἐχετος
1172 3408 1213 3487 ῆν
1236 3410 1292 3489 μὲν
1315 3407 1383 3473 υἱός

242 3521 419 3600 Βουχέτου,
457 3517 519 3600 ἀφ’
549 3519 588 3584 οὗ
617 3520 667 3584 καί
696 3519 730 3585 ἐν
759 3519 880 3601 (ικελίᾳ
912 3519 1005 3583 πόλις
1039 3519 1198 3598 Βούχετος
1232 3520 1384 3583 καλεῖται·

241 3629 378 3694 (ικελῶν
403 3631 438 3694 δὲ
461 3630 618 3709 τύραννος
640 3631 771 3706 λέγεται.
804 3632 922 3694 τοῦτον
945 3629 1020 3694 τοὺς
1042 3630 1099 3709 μὲν
1114 3628 1290 3709 ἐγχωρίους
1306 3629 1385 3692 κατὰ

241 3739 347 3804 πάντα
375 3740 500 3818 τρόπον
531 3740 680 3822 ςίνεςθαι,
709 3739 785 3803 τοὺς
813 3739 848 3803 δὲ
877 3738 990 3805 ξένους
1017 3738 1158 3819 ἀναιρεῖν
1186 3741 1384 3818 λωβώμενον

241 3867 268 3911 e.
285 3870 316 3931 q.
333 3871 358 3911 s.
382 3849 540 3929 ἡὶςτορία
561 3849 649 3929 παρὰ
672 3849 804 3930 Μναςέᾳ
826 3848 876 3912 καί
895 3850 1062 3930 Μαρςύᾳ,
1093 3847 1260 3912 Noluimns
1275 3846 1383 3911 omnis

308 4125 333 4193 *l
352 4125 426 4194 [Hoc
442 4127 538 4180 tamen
556 4125 647 4196 ipsum
663 4125 812 4181 Muellerus
831 4131 902 4196 1244
919 4125 1061 4195 praetulit.
1074 4155 1107 4164 —
1126 4123 1254 4180 Ceterum
1271 4129 1383 4195 praeter

242 4217 379 4272 rationem
397 4218 518 4274 Cobetus
536 4218 601 4273 Var.
616 4220 679 4274 lect.
693 4238 719 4289 p.
731 4225 781 4274 362
798 4217 865 4286 egit,
882 4219 1011 4288 neglecto
1030 4217 1156 4273 Schowio
1174 4217 1260 4288 ipsius
1278 4218 1384 4272 Musuri

242 4310 407 4379 scripturam
424 4313 455 4366 ἐν
472 4317 508 4382 τῇ
528 4313 580 4367 lun
599 4311 635 4366 ad
652 4311 798 4381 pristinam
816 4311 889 4366 hane
906 4313 937 4366 ἐν
954 4311 1048 4378 τῆιᾱηῑ
1067 4310 1108 4378 (h.
1122 4327 1145 4366 e.
1165 4313 1194 4366 ἐν
1212 4317 1248 4381 τῇ
1267 4313 1383 4381 πρώτῃ)

242 4418 373 4458 revocare
391 4403 445 4458 sibi
460 4405 556 4474 visne]

294 4507 339 4543 ra.
359 4507 522 4545 nrrsonrrrr
543 4507 686 4544 croscum
706 4509 725 4542 ι.
1141 4490 1183 4554 30
