3254 5092
626 353 662 400 m
685 349 967 401 aalsroruuuau.
1223 337 1233 350 “
1306 335 1369 400 223

230 501 432 585 antiquorum
460 503 612 566 librorum
638 506 861 568 auctoritatem
883 527 916 566 se
940 507 1082 566 secutum
1105 524 1172 568 esse
1201 504 1367 588 gloriatur.

230 611 301 674 Etsi
316 612 401 676 enim
417 613 495 676 haee
511 635 543 694 p.
561 614 632 695 118,
648 613 690 678 23
711 615 745 678 ἐκ
760 621 826 679 τῶν
842 615 996 692 κειμένων
1013 591 1141 678 ἀνθέων
1161 618 1229 679 τῶν
1251 615 1369 694 βίβλων

230 725 262 784 et
276 744 308 804 p.
327 721 398 803 119,
417 723 453 784 11
471 723 550 788 κατὰ
565 724 623 789 τὸν
638 727 720 789 νοῦν
735 729 802 789 τῶν
819 723 947 804 βιβλίων
963 744 1023 786 nec
1038 744 1095 805 per
1111 745 1144 786 se
1158 723 1270 806 magni
1284 722 1370 786 facio

230 833 262 894 et
276 831 315 894 de
329 831 510 894 fabularum
526 831 631 920 potius
654 831 791 896 lectione
807 854 902 915 quam
925 832 963 896 de
983 833 1265 916 grammaticonun
1280 833 1369 896 libris

229 940 437 1022 interpretor,
462 943 587 1022 tamen,
612 945 767 1024 quantum
790 941 917 1025 quidem
933 941 972 1004 ad
994 941 1131 1024 primum
1152 946 1263 1024 caput,
1287 942 1369 1024 quod

230 1051 279 1112 est
300 1049 338 1112 de
353 1048 530 1112 Ptolemaei
545 1049 747 1134 Philadelphi
763 1051 959 1115 bibliotheca
974 1051 1059 1114 etde
1075 1050 1206 1114 Homeri
1223 1051 1370 1114 carmini-

230 1158 298 1239 buS,
312 1180 378 1222 non
394 1160 662 1223 contemnendum
678 1165 736 1244 est,
754 1161 836 1244 quod
858 1161 937 1224 dieit
952 1183 983 1243 p.
1004 1161 1073 1241 118,
1090 1161 1133 1224 20
1147 1162 1182 1224 ἐκ
1196 1166 1254 1225 τοῦ
1272 1162 1370 1238 κειμέ-
1477 1245 1480 1252 y

229 1287 290 1332 νου
310 1273 366 1346 τῆ(
382 1271 518 1332 παλαιᾶε
540 1271 649 1350 βίβλου
667 1272 705 1334 τὸ
721 1269 836 1349 ἀληθὲς
852 1272 1073 1350 ἀπηκρίβωεα,
1096 1268 1283 1353 praesertim
1299 1291 1370 1332 eum

229 1379 305 1442 τοὺ(
327 1378 486 1442 παλαιούς
504 1382 536 1440 ct
558 1379 592 1441 in
614 1378 664 1442 his
687 1379 922 1462 prolegomenis
938 1383 971 1442 et
993 1379 1027 1442 in
1050 1379 1127 1462 ipsis
1144 1379 1272 1443 scholiis
1287 1379 1370 1442 anti—

230 1508 308 1569 quos
336 1487 564 1570 grammaticos
593 1487 697 1552 dicere
726 1488 935 1550 consueverit.
995 1487 1058 1552 Hic
1087 1493 1193 1552 autem
1221 1489 1369 1571 antiquus

231 1595 327 1678 liber,
351 1596 440 1660 cuius
462 1618 495 1662 se
518 1596 709 1660 auctoritate
731 1597 791 1660 niti
814 1598 998 1680 profitetur,
1022 1597 1074 1680 qui
1097 1597 1210 1680 fuerit,
1234 1619 1299 1660 nou
1322 1601 1371 1660 est

232 1727 287 1768 eur
309 1706 400 1769 vanis
423 1706 613 1770 coniecturis
636 1706 760 1789 assequi
783 1706 976 1770 studeamus.
1021 1705 1210 1788 Quanquam
1230 1706 1269 1770 de
1291 1705 1370 1768 Pisi-

231 1815 323 1877 strati
357 1816 440 1878 curis
468 1838 533 1880 non
567 1815 820 1898 improbabiliter
846 1815 1042 1878 Ritschelius
1066 1815 1182 1878 Coroll.
1211 1839 1244 1897 p.
1272 1816 1310 1878 13
1339 1819 1370 1878 et

231 1923 412 1988 Nitzschius
435 1925 543 1988 Melet.
572 1924 611 1987 de
637 1924 711 1988 hist.
736 1924 830 1988 Hom.
855 1925 898 2008 Π,
922 1926 943 1987 4
965 1947 995 2007 p.
1023 1925 1059 1988 11
1084 1923 1124 1988 ad
1147 1923 1370 2006 Asclepiadem

232 2032 432 2115 Myrleanum
455 2035 498 2119 (v.
522 2033 646 2098 Lehrsii
669 2035 842 2118 Analecta)
865 2056 898 2098 se
921 2038 1126 2116 revocarunt,
1149 2055 1242 2116 quem
1264 2034 1300 2098 ἐν
1322 2041 1369 2118 τῷ

232 2143 313 2228 ἕκτῳ
342 2144 451 2226 βιβλίῳ
479 2148 545 2210 τῶν
578 2148 799 2224 γραμματικῶν
831 2144 870 2207 de
898 2144 1027 2226 Orpheo
1055 2143 1242 2208 Crotoniata
1275 2146 1370 2226 atque

232 2249 400 2316 Pisistrato
433 2254 613 2334 exposuisse
647 2253 693 2316 ait
721 2253 833 2318 Suidas
862 2276 890 2316 v.
920 2255 1066 2334 Ὀρφεύς.
1117 2253 1164 2315 De
1187 2253 1370 2316 Ptolemaeo

233 2359 443 2444 Philadelpho
458 2367 565 2425 autem
581 2363 719 2446 amplam
737 2362 926 2426 coniicicudi
943 2363 1069 2444 copiam
1088 2363 1245 2443 praebent
1264 2382 1370 2444 gram-

233 2471 421 2534 maticorum
449 2471 487 2534 de
516 2471 626 2535 Museo
655 2471 743 2553 libri,
774 2494 851 2554 quos
880 2475 1025 2534 recenset
1048 2471 1176 2553 h'lippel
1199 2470 1237 2532 dc
1260 2471 1369 2533 Museo

235 2580 324 2643 Alex.
349 2603 380 2663 p.
401 2582 533 2646 11-14.

316 2691 422 2773 Atque
444 2691 478 2754 in
501 2691 550 2754 his
573 2691 699 2774 quidem
722 2691 786 2755 iam
808 2690 1017 2755 subsistamus
1039 2711 1168 2754 necesse
1192 2693 1250 2754 est.

315 2909 466 2996 Reliqua,
489 2933 570 2996 quac
592 2912 631 2976 dc
653 2911 714 2976 fidc
730 2911 894 2994 scriptoris
917 2913 1052 2976 dicenda
1075 2915 1183 2993 erant,
1207 2910 1276 2973 siue
1299 2911 1369 2993 ipsa
1387 2926 1436 2974 243

232 3041 336 3084 rerum
358 3021 595 3104 disquisitione,
619 3043 729 3105 quam,
754 3044 794 3084 ne
818 3021 1088 3104 praetermodum
1109 3023 1265 3084 cresceret
1287 3040 1369 3082 com-

234 3131 402 3212 mentatio,
426 3154 445 3194 a
467 3134 577 3194 nostro
599 3131 762 3214 proposito
785 3132 924 3195 alienam
947 3131 1208 3212 essevolumus,
1235 3129 1369 3192 iudicari

232 3243 403 3322 nequeunt.
441 3239 630 3324 Quanquam
645 3262 748 3323 pauca
763 3241 802 3302 dc
825 3242 884 3304 hoe
907 3261 1029 3324 quoque
1044 3261 1178 3324 genere,
1202 3260 1370 3322 quaecum

233 3348 272 3411 iis
304 3371 385 3432 quae
418 3349 457 3412 de
490 3349 610 3414 scholio
638 3349 788 3413 Plautino
821 3350 1050 3433 disputavimus
1080 3349 1250 3412 coniuncta
1283 3351 1367 3429 sunt,

234 3480 390 3541 exponere
404 3460 506 3522 visum
529 3462 586 3523 est.
625 3459 710 3522 Nam
732 3458 815 3542 quod
837 3459 902 3522 dixi
924 3458 1017 3521 latini
1040 3457 1242 3542 maroniatici
1260 3457 1368 3536 verba,

234 3569 346 3650 quibus
370 3567 566 3632 Zenodotrun
588 3568 763 3652 Ephesium
786 3589 857 3631 eum
880 3568 1064 3630 Alexandro
1080 3567 1195 3630 Aetolo
1217 3568 1249 3627 et
1272 3565 1369 3646 Lyco-

235 3677 355 3758 phrone
382 3676 583 3742 Chalcidensi
612 3682 778 3761 poetarum
805 3677 905 3740 libros
934 3685 963 3740 ιἰι
993 3698 1084 3742 unum
1112 3681 1267 3751 cellcpisse
1287 3685 1316 3736 cl
1337 3680 1368 3737 ιἰι

235 3793 367 3850 ordinem
390 3793 541 3866 recepisse
562 3791 713 3868 testatur,
738 3808 887 3870 egraeco
909 3788 1095 3866 ardaburcus
1118 3785 1214 3848 verbo
1237 3783 1277 3844 ab
1300 3783 1369 3865 ipso

234 3915 297 3958 non
319 3896 485 3960 intellecto
507 3901 540 3960 et
562 3919 634 3960 eum
656 3897 694 3960 iis
717 3918 798 3980 quae
821 3899 932 3979 postea
954 3894 1074 3976 scripta
1097 3893 1176 3956 vidit
1199 3892 1370 3956 commixto

234 4004 391 4088 originem
413 4005 556 4088 duxisse,
586 4005 617 4068 id
640 4006 714 4069 nolo
736 4006 770 4068 in
793 4027 863 4069 eam
885 4009 1010 4087 partem
1032 4003 1197 4086 [piisquam
1219 4001 1368 4084 accipiat,

234 4115 322 4196 quasi
345 4115 420 4198 quid
443 4115 489 4178 illi
513 4115 734 4198 praestiterint
761 4115 835 4178 inde
859 4117 1005 4178 constare
1033 4117 1065 4174 et
1093 4133 1199 4174 corum
1227 4133 1307 4192 quae
1330 4110 1369 4174 de

235 4221 293 4286 hoe
315 4225 505 4308 argiuneuto
521 4247 540 4287 a
555 4223 685 4288 summis
701 4223 777 4286 viris
799 4224 963 4306 disputata
984 4224 1059 4284 sunt
1075 4220 1251 4283 vanitatem
1266 4220 1369 4285 evinci

235 4331 421 4396 existimem.
450 4333 533 4398 Nam
549 4337 670 4397 eertum
685 4333 811 4416 quidem
826 4333 920 4415 illud,
942 4334 1129 4410 διορθοῦν
1152 4329 1294 4412 verbum,
1311 4352 1370 4414 pro
