3184 5100
546 391 706 439 schanan
729 389 901 438 carnola.
1233 375 1292 440 721

240 545 329 620 Quod
358 549 465 608 autem
489 545 622 608 alteram
645 549 769 628 partem
799 566 908 608 versus
930 544 1128 626 Epicharmii
1156 566 1175 607 a
1198 544 1296 608 sciolo

156 655 262 738 aliquo
285 655 432 718 adsutum
455 655 606 738 opinatur
627 655 787 738 Iosephus
804 655 924 739 Grysar
946 655 978 718 in
1003 655 1084 718 libro
1106 655 1145 717 de
1164 654 1295 718 Dorien-

156 766 236 828 sium
260 765 422 830 comoedia
444 789 476 849 p.
493 767 565 847 217,
590 765 622 828 id
638 765 765 849 quidem
787 765 959 848 speciosius
982 786 1050 828 esse
1073 787 1167 848 quam
1191 766 1296 829 verius

156 876 331 940 iudicatum
353 876 487 939 videtur.
526 875 681 941 Stobaeus
704 876 790 940 enim
815 876 874 939 etsi
897 875 1005 940 Floril.
1029 875 1070 957 X,
1097 877 1134 940 13
1157 876 1295 958 priorem

154 989 282 1050 tantum
304 989 429 1070 partem
444 985 639 1069 Epicharmo
661 986 784 1068 tribuit,
808 989 917 1049 tamen
938 985 1047 1068 paullo
1064 985 1161 1068 infra,
1185 985 1225 1068 X,
1243 987 1294 1068 34,

59 1167 64 1180 ,
156 1117 296 1159 seorsum
324 1096 431 1179 posuit
456 1097 674 1179 posteriorem.
719 1096 769 1159 lbi
796 1099 903 1160 autem
925 1096 1007 1180 quod
1031 1095 1156 1159 Prodici
1179 1117 1297 1159 nomen

156 1211 205 1271 est
227 1206 438 1289 adscriptum,
471 1228 532 1290 quo
553 1209 717 1290 tamquam
739 1206 949 1270 fundamento
971 1206 1142 1289 Grysarem
1164 1205 1224 1268 niti
1247 1229 1296 1268 su-

156 1317 261 1399 spicor
283 1317 444 1400 opinionis
466 1338 556 1400 suae,
585 1316 617 1379 id
640 1317 704 1379 vim
726 1315 844 1380 habere
868 1316 1062 1380 contrariam
1084 1316 1219 1398 sentior,
1243 1316 1296 1378 abi

156 1433 195 1490 'ex
218 1427 355 1492 Ariochi
377 1427 482 1491 verbis
505 1426 680 1490 oscitanter
702 1426 856 1510 inspectis
880 1425 1004 1490 Prodici
1036 1447 1152 1490 nornen
1175 1427 1297 1510 incogi-

157 1540 265 1601 tanter
293 1559 360 1601 esse
388 1537 518 1601 ductum
546 1536 751 1600 intellexeris
801 1536 914 1619 ltaque
940 1559 1004 1600 non
1033 1538 1137 1620 magis
1166 1537 1297 1620 Grysari

157 1647 330 1729 assentior,
362 1646 490 1710 Prodici
518 1647 545 1710 si
577 1645 627 1710 dis
654 1647 761 1729 placet
788 1647 885 1710 verba
914 1648 955 1710 ah
977 1669 1069 1710 versu
1092 1647 1298 1729 Epicharrnio

157 1757 349 1838 secludenti,
387 1779 482 1840 quarn
512 1756 690 1839 Brunchio,
720 1757 753 1820 in
783 1757 994 1839 Sophoclis
1021 1757 1205 1840 fragmento
1228 1757 1297 1841 (52)

157 1867 240 1950 apud
274 1866 471 1931 Clementem
505 1865 759 1930 Alexandrinum
789 1865 904 1930 Strom.
928 1867 960 1930 ll
987 1890 1018 1949 p.
1042 1867 1105 1929 494
1126 1867 1212 1930 Pott.
1245 1864 1296 1952 [fr.

158 1977 218 2040 709
240 1976 338 2041 Dind.
369 1977 431 2041 699
453 1975 591 2064 Nauck]
620 1976 827 2040 festinantius
856 1977 974 2040 delenti
999 1978 1043 2042 ὡς
1065 1977 1171 2056 ἔρωτα
1194 1997 1296 2058 vocer,

158 2109 236 2170 quas
258 2087 386 2171 quidem
408 2109 470 2171 qua
492 2087 617 2150 ratione
640 2086 781 2152 adiectas
797 2109 865 2152 esse
881 2088 1049 2171 cogitaret,
1073 2109 1138 2152 non
1161 2087 1296 2171 aperuit.

157 2197 354 2281 Quamquam
373 2197 478 2261 fateor
493 2197 641 2260 idoneam
656 2197 695 2260 de
710 2196 774 2260 illis
790 2198 1005 2262 coniecturam
1020 2219 1061 2261 ne
1077 2197 1156 2260 rnihi
1172 2199 1298 2282 quidem

157 2328 242 2370 nunc
269 2307 302 2370 in
325 2311 474 2389 promptu
505 2328 589 2372 esse:
628 2305 793 2391 Sylburgii
820 2311 906 2372 certe
931 2312 965 2371 et
991 2307 1095 2372 Grotii
1119 2311 1298 2371 commenta

157 2416 288 2480 minime
303 2417 381 2479 satis
396 2416 532 2481 faciunt.
559 2415 621 2481 Sed
636 2419 745 2480 tamen
766 2416 827 2481 hoo
843 2417 1087 2481 commemoravi
1103 2418 1238 2500 idcircO,
1264 2421 1299 2480 ut

156 2525 373 2610 fragmentum
395 2526 474 2589 illud
496 2527 700 2609 Sophoclium
722 2528 843 2592 duobus
866 2528 1028 2591 versiculis
1045 2549 1205 2612 augerem.
1237 2527 1298 2592 Ne-

157 2657 217 2720 que
233 2635 317 2698 enim
334 2635 445 2700 dubito
460 2637 536 2720 quin
552 2637 585 2700 in
602 2636 765 2700 Plutarchi
790 2637 894 2701 verbis
910 2637 1068 2701 Arnatorii
1085 2661 1116 2720 p.
1134 2640 1190 2701 761
1212 2639 1296 2700 Prcl'.

157 2746 232 2830 (vol.
257 2745 303 2810 IX
326 2769 358 2829 p.
381 2745 422 2811 52
444 2745 586 2832 Reish.):
616 2749 716 2813 miror
737 2749 820 2829 πρός
841 2769 876 2823 γε
899 2749 976 2812 τοὺς
998 2748 1133 2826 ἄλλους,
1157 2749 1202 2813 ὥς
1224 2768 1298 2828 φηςι

157 2857 342 2937 (οφοκλῆς,
364 2857 508 2922 ἅπαντας
531 2857 605 2922 οὔτε
626 2860 664 2923 τὸ
686 2859 818 2923 ἐπιεικὲς
841 2859 916 2923 οὔτε
933 2841 997 2937 τὴν
1019 2857 1111 2937 χάριν
1135 2855 1219 2936 οἶδε,
1242 2860 1297 2938 μό-

157 2987 216 3046 νην
244 2969 279 3033 δὲ
307 2969 429 3048 ςτέρξαι
454 2969 513 3046 τὴν
543 2967 654 3032 ἁπλῶς
681 2969 785 3047 δίκην·
818 2967 949 3033 αἰδεῖται
975 2969 1011 3032 δὲ
1039 2971 1115 3034 τοὺς
1144 2967 1296 3048 ἐρῶντας,

156 3077 206 3140 καὶ
228 3077 339 3156 μόνοις
360 3079 488 3144 τούτοις
512 3077 569 3142 οὐκ
592 3077 675 3143 ἔςτιν
697 3077 876 3158 ἀδάμαςτος
899 3079 975 3166 οὐδ’
996 3076 1168 3161 ἀμείλιχος,
1192 3078 1225 3140 in
1249 3079 1297 3140 his

157 3185 257 3267 igitur
279 3207 343 3250 non
367 3187 477 3251 dubito
499 3187 577 3270 quin
593 3185 758 3270 Sophoclis
774 3210 882 3252 versus
905 3187 1008 3250 adhuc
1030 3185 1185 3250 latuerint
1209 3185 1297 3248 hice:

309 3341 347 3403 ὃς
369 3339 443 3405 οὔτε
465 3340 642 3405 τούπιεικὲς
669 3341 743 3407 οὔτε
765 3344 823 3420 τὴν
845 3342 937 3421 χάριν

310 3447 433 3528 οἶδεν,
455 3450 557 3529 μόνην
580 3451 613 3515 δ’
635 3451 757 3531 ἔςτερξε
784 3454 843 3530 τὴν
866 3453 977 3516 ἁπλῶς
1000 3452 1102 3530 δίκην·

308 3559 480 3638 ἐρῶντας
503 3559 673 3626 αἰδεῖται
694 3563 751 3642 δὲ,
776 3563 837 3625 καὶ
859 3561 1018 3626 τούτοις
1040 3561 1177 3642 μόνοις

310 3668 378 3732 οὐκ
401 3669 479 3734 ἔςτ’
502 3670 700 3750 ἀδάματος
723 3671 807 3735 οὐδ’
830 3671 1031 3750 ἀμείλιχος
1054 3691 1160 3735 ποτε.

158 3845 289 3910 Praeter
311 3847 536 3913 necessitatem
559 3849 614 3912 alii
644 3847 887 3934 [Valckenarius
911 3847 1014 3912 Diatr'.
1039 3871 1069 3932 p.
1098 3849 1173 3931 187,
1202 3847 1255 3911 sed
1280 3870 1296 3910 e

158 3957 331 4046 Clemente]
356 3961 432 4042 ᾔδει.
472 3958 620 4025 Ceterum
643 3957 779 4041 exempli
799 3957 1087 4042 Wyttenbachiani
1110 3963 1223 4044 quarto
1246 3981 1297 4022 vo-

158 4067 276 4132 lumine
298 4089 365 4132 non
386 4068 477 4132 licuit
499 4068 545 4132 uti
571 4065 641 4154 [nec
664 4070 832 4152 quiequam
855 4069 929 4132 inde
952 4069 1125 4152 proficitur.
1142 4108 1185 4116 —
1208 4069 1297 4133 Cete-

157 4199 227 4240 rum
249 4179 309 4242 etsi
333 4178 372 4282 de
388 4180 543 4261 versibus„
568 4179 622 4262 qui
637 4179 671 4242 in
687 4179 852 4243 Plutarchi
868 4179 973 4242 verbis
988 4179 1123 4264 lateant,
1147 4202 1188 4244 ne
1211 4202 1296 4244 nunc

157 4287 283 4370 quidem
305 4288 425 4371 dubito,
450 4293 558 4352 tamen
581 4289 663 4352 tales
678 4290 788 4373 quales
807 4311 903 4372 supra
926 4289 1004 4352 finxi
1027 4289 1120 4354 hodic
1143 4290 1297 4374 intellego

158 4397 349 4480 Sophocleos
377 4399 428 4462 vix
448 4397 536 4464 ‘esse
586 4399 722 4463 Videtur
750 4399 940 4464 Plutarchus
970 4405 1042 4482 post
1074 4402 1192 4484 primos
1221 4403 1297 4464 duos

209 4519 252 4556 ru.
274 4519 436 4553 mascaron
457 4518 601 4553 ονιιειοιιι,ιι
622 4521 640 4554 r.
1054 4505 1094 4566 413
