3218 5094
515 405 520 413 ·
569 399 616 446 nn
640 399 709 448 cao
733 399 777 446 ar
800 399 942 447 orions.
1263 381 1326 448 593

722 553 793 633 su.

267 687 374 752 Licuit
401 691 508 752 autern
530 687 623 752 huius
650 687 875 751 necessitatem
903 687 1103 751 coniecturae
1131 687 1229 752 etiam
1256 687 1326 751 sine

186 798 442 863 testimoniorum
464 797 702 881 comparatione
717 796 940 862 ratiocinando
954 798 1090 881 assequi.
1120 779 1203 872 Quid
1218 796 1326 861 enirn?

183 909 464 973 oecumenicumne
492 907 754 992 grammaticum,
782 929 876 992 quem
903 929 969 973 non
997 909 1073 972 ante
1095 907 1234 971 medium
1259 928 1325 971 sae-

184 1019 289 1083 culum
317 1022 465 1103 quartum
487 1016 630 1082 docuisse
659 1017 715 1081 illa
743 1021 884 1102 arguunt
907 1019 1078 1085 παιδεύεαε
1102 1018 1137 1084 ἐν
1162 1018 1326 1083 Κωνεταν-

183 1129 273 1195 ‘tirou
306 1129 412 1208 πόλει,
452 1128 696 1199 commentarios
732 1127 867 1192 edidisse
903 1127 1078 1212 Phrynichi
1115 1126 1327 1214 impugnandi

184 1259 295 1302 caussa
318 1237 478 1321 scriptos?
504 1237 665 1303 istuncine
693 1237 734 1300 ab
756 1236 941 1302 Herodiano
969 1239 1019 1302 vel
1042 1237 1195 1301 derelicta
1221 1259 1325 1321 perse·

185 1352 292 1411 cutum
315 1369 382 1411 esse
405 1348 455 1412 vel
477 1351 610 1432 peccata
634 1347 821 1431 correxisse,
847 1347 974 1432 eiusque
997 1348 1031 1412 in
1053 1347 1103 1412 his
1123 1347 1240 1411 litteris
1255 1369 1326 1433 reg-

169 1458 308 1540 nantis,
346 1457 618 1544 Tyrannionisve,
661 1457 845 1541 Alexionis,
890 1457 1070 1542 Apollonii,
1112 1456 1326 1541 antiquiorum

185 1565 283 1630 etiam
310 1566 554 1652 magistrorum,
583 1568 703 1632 reiecta
725 1567 916 1632 auctoritate
944 1589 1001 1632 sua
1023 1567 1184 1632 suffecisse
1206 1566 1327 1651 qualia·

186 1699 318 1760 cumque
340 1677 485 1760 placita?
521 1676 603 1741 Vide
626 1679 669 1742 sis
691 1677 777 1742 infra
800 1665 908 1742 allata'.
951 1675 1026 1742 Non
1047 1675 1109 1740 fuit
1135 1675 1244 1741 hercle
1266 1677 1326 1741 iste

185 1808 254 1850 mos
287 1786 537 1851 umbraticorum
570 1787 696 1852 illorum
730 1785 973 1872 Byzantiorum,
1003 1807 1136 1870 quorum
1170 1808 1327 1852 commen-

184 1896 276 1960 tandi
298 1898 464 1983 angustias
488 1899 626 1963 breviter
648 1897 703 1962 sed
726 1897 871 1982 apposite
888 1896 1105 1982 Goettlingius
1127 1897 1328 1961 adumbravit

184 2007 283 2090 praef.
301 2007 336 2070 in
351 2007 563 2072 Theodosium
579 2031 611 2092 p.
627 2007 708 2072 VIII
723 2029 767 2092 sq.
811 2009 866 2072 An
888 2007 973 2071 illius
995 2007 1112 2071 aetatis
1135 2005 1326 2092 Byzantium

184 2119 234 2180 tot
254 2116 446 2199 scriptorum
468 2121 562 2202 putas
585 2121 617 2182 et
632 2118 835 2201 antiquorum
857 2119 890 2181 et
912 2138 951 2181 ex
966 2119 1057 2200 parte
1079 2116 1327 2182 reconditiomm

185 2226 322 2291 lectione
344 2227 501 2291 imbutum
521 2227 637 2311 fuisse,
667 2249 800 2311 quorum
822 2227 1061 2291 multitudinem
1087 2228 1123 2291 in
1145 2225 1210 2291 Oro
1232 2227 1327 2290 mira·

152 2415 156 2424 .
184 2337 278 2399 mur?
321 2335 411 2412 Quod
434 2359 505 2400 cum
533 2337 612 2401 satis
639 2335 823 2422 repudietur
844 2335 1006 2401 historicis
1035 2337 1113 2400 artis
1135 2336 1325 2419 rationibus,
1346 2354 1376 2402 11

183 2449 253 2509 tum
286 2445 459 2530 insigniter
495 2447 631 2531 quadrat
666 2447 702 2511 in
734 2447 939 2512 vetustiorem
974 2445 1163 2532 magistrum
1200 2445 1327 2510 scholae

185 2555 441 2640 Alexandrinae,
477 2557 527 2620 cui
560 2556 687 2621 scholae
720 2579 787 2621 non
814 2557 1006 2641 ambigimus
1036 2555 1135 2621 Orum
1167 2555 1327 2620 Milesium

184 2665 403 2730 adnumerare.

269 2775 365 2841 Cuius
388 2780 477 2840 aetas
500 2776 527 2840 si
548 2798 683 2861 quaeras
705 2799 766 2862 quo
783 2777 876 2842 modo
899 2777 1078 2840 accuratius
1100 2776 1242 2859 finiatur,
1267 2775 1327 2840 etsi

184 2885 266 2948 nihil
289 2887 456 2970 proficitur
479 2909 517 2950 ex
539 2887 750 2970 posteriorum
773 2887 970 2951 saeculomm
987 2887 1138 2950 testibus:
1162 2885 1219 2952 Ori
1241 2885 1328 2949 enim

188 2997 243 3079 qui
264 2996 460 3061 mentionem
481 2996 629 3061 iniecerit
644 2997 856 3081 antiquiorem
871 2995 1035 3080 Stephano
1050 2994 1208 3080 Byzantio
1230 2995 1327 3060 habe·

187 3127 256 3168 mus
279 3105 456 3171 neminem:
478 3111 588 3171 tamen
609 3128 650 3173 ne
671 3106 718 3171 sic
739 3106 866 3190 quidem
888 3105 963 3190 quid
984 3106 1232 3189 respondeamus
1251 3106 1326 3170 hae-

185 3235 301 3278 remus.
345 3214 493 3299 Namque
516 3239 588 3281 cum
615 3216 718 3281 omnis
741 3216 795 3280 ille
817 3216 921 3299 locus,
950 3217 1004 3299 qui
1024 3218 1150 3299 spectat
1178 3215 1218 3278 ad
1240 3219 1326 3280 aeta-

186 3326 252 3387 tem
283 3323 499 3389 definiendam
526 3326 809 3412 grammaticorum
837 3347 1041 3410 graecorum,
1074 3329 1205 3409 propter
1238 3326 1326 3390 testi-

186 3433 366 3498 moniorum
388 3436 554 3518 penuriam
578 3459 643 3501 non
671 3435 882 3502 mediocribus
910 3435 1034 3499 laboret
1060 3434 1326 3498 dubitationibus:

186 3546 304 3607 certam
332 3547 442 3628 tamen
471 3545 579 3611 videor
607 3545 809 3611 coniectandi
835 3546 922 3609 viam
948 3544 1109 3629 quandam
1135 3544 1325 3628 repperisse,

185 3674 281 3736 quam
302 3654 404 3718 multo
425 3677 484 3719 usu
506 3659 654 3739 expertus
676 3656 744 3720 fere
766 3655 855 3740 sequi
877 3655 972 3720 soleo.
1012 3653 1136 3740 Quippe
1159 3657 1215 3718 aut
1236 3675 1325 3717 nurn-

185 3783 280 3846 quam
308 3767 364 3828 aut
391 3786 522 3848 perraro
549 3765 650 3830 fallax
682 3765 791 3830 inveni
824 3764 903 3828 illud
935 3763 1183 3849 argumentandi
1211 3785 1324 3848 genua,

192 3938 385 3946 ———..-..-..

295 3949 298 3956 ι

185 4066 238 4117 ego
260 4051 347 4121 ipsius
370 4052 571 4122 coniecturam,
595 4068 651 4122 qua
670 4053 700 4108 in
717 4051 818 4108 Suidae
840 4052 933 4107 verbis
956 4053 1201 4121 Ἀλεξανδρεύ(
1223 4069 1325 4108 nomen

186 4139 349 4210 simpliciter
376 4147 484 4200 mutare
510 4145 539 4200 in
562 4147 726 4214 Μιλήειο(
755 4145 894 4212 iubemur,
921 4161 939 4198 a
959 4144 1160 4214 probabilitate
1187 4145 1324 4199 contendo

184 4234 272 4288 multo
289 4235 399 4305 longius
422 4239 580 4295 abhorrere.
616 4239 680 4295 Non
702 4239 758 4294 ullo
781 4239 864 4294 modo
886 4237 1079 4307 improbabilis
1101 4239 1198 4292 nostra
1220 4237 1325 4293 coniec-

183 4328 248 4382 tura
264 4327 407 4414 Lehrsio
425 4331 485 4385 visa
502 4334 546 4386 est
563 4331 702 4386 Censurae
719 4350 746 4402 p.
759 4339 818 4388 449.
845 4331 904 4386 Nec
922 4329 992 4385 alius
1010 4329 1119 4386 videtur
1136 4331 1186 4384 Ed.
1206 4331 1326 4387 Meieri

185 4437 281 4475 sensus
299 4421 382 4477 husae
401 4423 500 4493 Opusc.
520 4425 599 4480 acad.
616 4425 644 4479 11
660 4443 687 4495 p.
708 4426 760 4495 50.]

235 4523 281 4563 ra.
301 4523 466 4564 errrorem
485 4524 631 4563 ornacum
649 4527 669 4563 r.
1079 4510 1122 4576 38
