3272 5088
668 357 808 406 αιικαιοι
833 352 979 408 narnis.
1331 343 1394 412 435

255 511 399 575 habitum
422 516 470 575 cst
493 511 683 594 convivium,
706 512 767 575 hoc
790 516 838 576 est
859 513 901 575 ol.
926 512 982 576 XO
998 537 1027 576 a.
1043 515 1074 577 4.
1106 514 1212 588 Quid?
1234 516 1316 598 qnod
1339 537 1393 578 sex

255 613 349 685 annis
372 625 445 705 post
474 621 500 684 ὦ
529 623 707 687 νεανίεκε
737 623 917 706 appellatur
940 623 1036 685 etiarn
1059 646 1078 685 a
1101 624 1298 688 Mnesilocho
1321 626 1393 688 Ari-

255 732 421 815 stophanis
444 730 635 814 Thesmoph.
660 752 689 793 ν.
716 731 786 813 134,
812 732 894 815 quod
917 733 970 815 qui
993 732 1205 816 obloquendi
1229 738 1393 798 consuetu-¹

254 842 329 906 diue
356 842 488 922 minime
516 841 685 903 abhorrere
712 843 826 924 neget,
860 843 996 906 fortasse
1025 847 1154 906 excuset
1175 845 1225 907 vel
1247 840 1394 908 muliebri

254 951 408 1015 molliculi
429 953 542 1033 poetae
565 949 681 1033 specie,
705 950 755 1012 vcl
772 972 808 1014 eo
824 951 906 1034 quod
922 951 1094 1036 Aeschylia
1109 954 1171 1016 ista
1189 954 1285 1016 verba
1308 958 1393 1036 sunt,

255 1062 293 1124 de
317 1060 445 1124 Baccho
468 1060 566 1142 dicta,
590 1083 609 1122 a
630 1059 829 1123 Mnesilocho
858 1062 1096 1126 accommodata
1119 1063 1153 1126 in
1176 1063 1392 1147 Agathonem.

255 1170 323 1234 Nec
345 1171 518 1234 verendum
540 1171 650 1233 estne
673 1171 743 1252 quis
766 1169 801 1232 in
815 1169 1007 1254 Thesmoph.
1032 1195 1061 1235 v.
1088 1172 1146 1236 141
1170 1173 1316 1256 haereat,
1339 1174 1394 1236 ubi

255 1281 375 1344 dictum
403 1283 452 1343 est
479 1281 505 1344 ὦ
528 1284 606 1343 παῖ.
652 1278 714 1343 Sed
736 1278 894 1343 Aristides
921 1284 977 1343 aut
1005 1282 1160 1364 cogitavit
1188 1281 1226 1345 de
1249 1281 1394 1345 Platonis

255 1391 359 1453 verbis
382 1411 419 1452 ex
437 1389 615 1472 Protagora
638 1410 734 1471 supra
755 1389 889 1470 prolatis
912 1392 990 1455 νέον
1013 1391 1058 1454 ἔτι
1081 1391 1120 1456 ὂν
1142 1393 1315 1471 μειράκιον,
1340 1395 1395 1454 aut

255 1499 479 1584 neglegentius
507 1521 581 1561 usus
608 1501 657 1561 est
684 1499 844 1576 μειρακίου
872 1500 1001 1562 nomine
1035 1501 1105 1564 loco
1132 1503 1208 1566 νέοι
1235 1500 1392 1582 vocabuli,

255 1609 337 1692 quod
360 1609 486 1692 quidem
508 1608 704 1691 probabilius
727 1609 829 1690 possit
850 1609 951 1671 videri
973 1612 1157 1692 propterea,
1191 1611 1274 1694 qnod
1297 1611 1394 1673 etiam

257 1719 474 1801 Alcibiadem,
499 1740 591 1801 quem
614 1721 710 1780 antea
733 1719 810 1782 νέον
833 1721 979 1800 vocarat,
1004 1720 1111 1801 paullo
1134 1723 1206 1802 post
1229 1717 1310 1783 dixit
1332 1741 1394 1799 μει-

255 1829 381 1907 ράκιονε
404 1829 547 1909 μειράκια
568 1829 601 1892 δ’
624 1827 706 1892 εἶναι
727 1833 899 1906 τηνικαῦτα
921 1831 1088 1904 Ἀγάθωνα
1110 1832 1159 1894 καὶ
1182 1831 1394 1909 Ἀλκιβιάδην·

255 1941 311 2000 aut
332 1937 467 2021 denique
488 1937 729 2001 malevolentius
744 1939 968 2020 praetermisso
984 1959 1021 2002 eo
1036 1939 1115 2017 loco,
1138 1939 1192 2002 ubi
1207 1941 1285 2004 νέον
1301 1938 1395 2002 Plato

255 2046 350 2127 dixit,
382 2047 522 2111 Socratis
545 2048 642 2110 verba
664 2047 698 2110 in
720 2051 827 2110 mente
849 2048 962 2111 habuit
984 2070 1015 2131 p.
1039 2049 1102 2113 223
1125 2055 1152 2112 Α
1179 2051 1229 2114 καὶ
1251 2052 1291 2129 μὴ
1315 2056 1395 2130 φθο-

254 2158 349 2240 νήιῃ(
381 2163 427 2242 τῷ
459 2159 607 2240 μειρακίῳ
636 2157 695 2220 ὑπ’
718 2159 795 2235 ἐμοῦ
823 2159 1045 2236 ἐπαινεθῆναι,
1078 2179 1159 2241 quae
1192 2159 1297 2221 iocoso
1327 2179 1394 2221 esse

255 2265 474 2329 blandimento
497 2266 583 2330 dicta
606 2266 760 2330 invidiose
783 2267 894 2330 tacuit.
940 2266 1088 2331 Ceterum
1110 2268 1309 2350 Lipsiensem
1332 2267 1394 2331 edi-

254 2378 357 2438 torem
379 2376 494 2439 mirere
516 2377 657 2440 locorum
679 2376 919 2439 Platonicorum
941 2377 982 2439 ab
1005 2377 1148 2441 Aristide
1171 2397 1395 2440 commemora·

254 2487 359 2548 torum
382 2486 514 2568 nullum,
538 2487 592 2548 nbi
615 2485 817 2568 reperiretur,
841 2485 1000 2549 indicasse
1022 2487 1083 2550 vol.
1106 2487 1137 2549 ll
1160 2511 1191 2570 p.
1214 2487 1393 2552 370—372.

723 2693 925 2702 -——-——

341 2837 426 2926 [Non
455 2840 511 2902 abs
540 2861 574 2902 re
601 2861 669 2902 esse
696 2839 798 2904 visum
826 2845 875 2904 est
897 2842 950 2905 hic
976 2841 1185 2925 subiungere,
1215 2864 1295 2926 quae
1318 2839 1394 2906 olim

255 2948 472 3012 dissertationi
495 2949 684 3012 subiunctue
706 2954 800 3013 erant
821 2951 1004 3034 disputandi
1029 2973 1140 3014 caussa
1163 2953 1356 3040 propositae]

494 3118 773 3184 SENTENTIAE
797 3119 1158 3185 CONTROVERSAE.

813 3254 832 3307 ΙΙ
1412 3265 1444 3316 αι

321 3346 451 3400 Florentc
463 3346 674 3401 Atheniensium
686 3363 715 3400 re
728 3347 840 3415 publica
857 3347 957 3401 nullius
972 3363 1102 3414 umquam
1120 3351 1220 3417 poetae
1239 3349 1266 3402 in
1285 3353 1393 3419 tragoe-

254 3439 301 3492 dia
320 3439 401 3492 simnl
419 3440 448 3492 et
466 3440 610 3494 comoedia
628 3457 714 3509 opere
730 3442 843 3494 versatu
861 3442 911 3496 est.

808 3529 841 3586 n.

320 3625 454 3678 Dinarchi
472 3625 561 3678 oratio
581 3629 645 3692 περὶ
662 3631 713 3693 τῆ(
728 3628 888 3690 Ἀγάθωνα(
903 3629 1108 3695 διαμαρτυρίας,
1128 3631 1345 3682 commemorata
1357 3627 1393 3682 ab
1470 3619 1476 3625 ’

254 3715 386 3785 Dionysio
409 3718 550 3771 Halicarn.
574 3719 657 3771 ludic.
682 3719 744 3773 Din.
769 3737 796 3787 p.
823 3725 883 3786 114,
906 3725 938 3772 22
966 3719 1040 3788 Sylb.
1066 3723 1096 3789 [t.
1119 3720 1145 3774 V
1166 3741 1193 3790 p.
1216 3727 1266 3774 648
1288 3722 1392 3789 licitu]

254 3811 341 3876 (Orat.
360 3829 452 3879 graec.
476 3812 529 3864 vol.
549 3811 613 3864 Vlll
631 3830 659 3880 p.
678 3818 727 3864 419
750 3812 856 3880 Reislr.)
879 3830 935 3865 non
960 3815 1080 3867 contra
1101 3815 1278 3882 Agathonenr
1297 3815 1395 3867 habit-a

253 3905 304 3968 cst,
322 3907 353 3957 ut
365 3903 563 3973 ,Schocmunno
581 3903 691 3958 videtur
709 3905 755 3958 lib.
775 3905 813 3958 IV
831 3905 866 3958 de
883 3905 992 3959 iudiciis
1005 3906 1216 3960 Atheniensium
1233 3926 1260 3975 p.
1279 3913 1329 3960 640
1348 3907 1394 3960 ad-

253 3998 310 4050 not.
331 4003 372 4062 26,
390 3997 437 4050 sed
456 4014 516 4065 pro
535 3997 641 4051 eodem.

792 4123 793 4128 =
803 4092 849 4148 Ill.

321 4181 352 4246 Q.
377 4182 459 4236 Ennii
481 4201 576 4238 versus
599 4201 632 4238 ex
656 4181 818 4236 Saturarum
845 4185 917 4238 libro
941 4183 978 4238 Vl
1003 4185 1103 4238 allatos
1126 4186 1162 4238 ab
1187 4185 1264 4239 Aelio
1282 4186 1393 4240 Donato

253 4275 289 4329 ud
314 4277 437 4331 Terentii
459 4277 655 4332 Phormionem
679 4278 717 4339 ΙΙ,
735 4284 762 4339 2,
781 4283 822 4339 25,
845 4295 943 4346 parum
962 4279 1055 4331 autem
1074 4279 1220 4331 emendate
1240 4279 1358 4347 scriptos
1378 4297 1395 4332 a

253 4368 350 4423 Franc.
369 4369 495 4424 Hcssclio
513 4389 541 4440 p.
562 4377 617 4436 189,
635 4370 800 4425 reconcinno
818 4370 847 4423 in
866 4372 937 4425 huuc
956 4370 1089 4440 spacioni:

1124 4459 1191 4524 28*
