3270 5094
492 355 530 402 ru
552 354 686 404 sarran
710 354 790 403 cuv.
814 354 949 404 rusam
971 337 1151 404 ace-261.
1328 339 1389 404 367

252 507 351 592 Atqui
388 507 576 592 languidum
609 529 678 572 esse
711 510 744 571 et
775 529 1046 590 supervacaneum
1082 507 1212 590 reliquis
1249 507 1392 572 additum

252 619 337 694 λέγω
371 620 502 701 uterque
536 616 647 683 sensit.
706 616 750 680 Et
783 617 927 699 profecto
960 617 1110 702 languet,
1144 617 1171 679 si
1204 617 1308 682 ‘dico’
1342 618 1393 682 vel

253 727 411 812 ‘inquam’
434 727 584 792 vertitur:
607 748 673 791 non
688 726 865 810 languebit,
890 727 944 791 ubi
965 727 1233 808 ἐμφατικωτέριοε
1256 748 1392 812 aequare

252 837 431 901 ‘indicendi
438 887 447 919 ,
470 837 671 918 declarandi,
695 836 944 919 pronuntiandi'
967 837 1131 901 notionem
1154 837 1335 920 putabitur3
1357 839 1393 900 ut

252 946 338 1010 enim
355 947 555 1030 saepissime
587 947 667 1010 illud
701 946 765 1010 vim
798 945 948 1010 hortandi
981 945 1150 1010 iubendive
1183 945 1304 1028 induit,
1345 947 1392 1010 ita

251 1055 332 1121 nihil
359 1056 493 1140 impedit
519 1057 687 1140 quominus
715 1057 813 1120 etiam
844 1056 1051 1139 promittendi
1077 1055 1275 1139 vovendique
1302 1059 1391 1140 pote·

251 1169 368 1230 statem
391 1167 611 1230 communicet.
655 1164 775 1230 Verum
797 1166 844 1230 sic
872 1166 1040 1238 fatendum
1062 1168 1111 1230 est
1132 1187 1210 1230 saue
1235 1165 1271 1230 in
1297 1165 1391 1230 unius

253 1275 498 1340 constructionis
521 1275 734 1340 continuitate
755 1276 791 1340 ἐκ
813 1278 1022 1355 παραλλήλου
1050 1275 1189 1358 positum
1217 1277 1392 1356 ἐπεύχομαι

251 1385 347 1450 verbo
374 1407 439 1450 non
462 1385 664 1450 mediocriter
692 1384 861 1450 offendere.
906 1384 981 1450 Non
1004 1385 1137 1449 offendit
1161 1385 1289 1469 quidem
1310 1384 1391 1450 Her-

251 1517 420 1560 mannum:
450 1495 505 1560 sed
533 1495 619 1560 hunc
641 1495 746 1578 ipsum
768 1495 802 1558 in
826 1516 863 1559 ea
887 1515 999 1558 caussa
1020 1517 1085 1560 non
1109 1495 1300 1559 audiendum
1323 1517 1391 1560 esse

250 1605 344 1669 facile
381 1609 430 1670 est
466 1605 506 1670 ad
542 1605 834 1669 demonstrandum.
894 1603 994 1680 Quem
1032 1603 1118 1668 enim
1155 1605 1391 1670 excusationem

250 1715 405 1779 tutandae
437 1715 581 1780 codicum
614 1715 786 1780 memoriae
817 1715 852 1778 in
885 1737 915 1778 v.
945 1714 1008 1778 265
1040 1713 1201 1797 adhibuit,
1236 1715 1291 1777 ubi
1324 1737 1390 1779 non

251 1826 429 1909 percepisse
457 1825 594 1889 editores
621 1825 668 1890 ait
697 1825 847 1889 eximiam
872 1825 937 1888 rim
969 1823 1142 1888 iracundae
1169 1824 1323 1889 orationis
1356 1825 1390 1889 in

251 1935 314 1998 illis
337 1956 417 2020 quae
440 1939 515 1999 sunt
537 1937 601 2013 ἐγὼ
625 1938 658 1999 δ’
680 1935 735 1999 ἐπ’
762 1934 883 2014 ἄνδρα(
909 1937 941 2000 ἓξ
964 1935 1033 2014 ἐμοὶ
1061 1936 1117 2000 etv
1147 1934 1273 2021 ἑβδόμῳ
1297 1935 1390 2015 ἀντη-

251 2045 343 2125 ρέταε
365 2046 502 2126 ἐχθροῑει
599 2045 642 2110 εἰ(
665 2045 858 2124 ἑπτατειχεῖε
879 2045 1010 2112 ἐξόδου(
1026 2045 1127 2127 τάξω,
1151 2044 1286 2108 eandem
1299 2045 1391 2110 illum

251 2154 378 2226 veniam
404 2154 466 2220 huc
493 2155 696 2218 transtulisse
724 2157 974 2220 consentaneum
997 2157 1055 2218 est.
1100 2153 1145 2218 nt
1171 2157 1281 2220 tamen
1308 2155 1390 2219 nihil

251 2285 319 2328 esse
349 2264 527 2329 evidentius
554 2267 660 2347 potest
689 2287 785 2348 quam
817 2263 940 2348 pridem
970 2285 1115 2347 repressa
1143 2285 1181 2328 ea
1212 2265 1389 2348 iracundia,

251 2397 313 2459 qua
340 2375 375 2438 in
401 2375 535 2459 pavidas
558 2378 823 2458 contumacesque
851 2374 992 2460 virgines
1021 2373 1166 2438 invectus
1188 2377 1259 2438 erat
1281 2379 1388 2459 antea,

250 2484 315 2548 iam
341 2487 444 2548 totum
471 2485 506 2548 in
533 2505 570 2548 eo
597 2505 707 2569 regem
734 2505 802 2549 esse
831 2487 867 2548 ut
894 2484 1022 2567 placata
1049 2487 1157 2547 mente
1181 2486 1287 2568 (τοῦτ’
1317 2486 1390 2551 ἀντ’

250 2595 381 2660 ἐκείνων
403 2595 525 2660 τοῦποε
548 2595 695 2674 αἱροῦμαι
716 2595 835 2677 εέθεν),
864 2593 920 2658 scd
941 2593 1140 2657 imminentis
1161 2593 1295 2678 periculi
1317 2616 1389 2679 gra-

250 2704 350 2768 vitate
378 2705 522 2790 graviter
548 2707 692 2787 permota
720 2725 834 2789 graves
861 2703 1113 2788 tranquillasque
1135 2725 1245 2787 preces
1274 2705 1390 2769 fundat

251 2815 487 2899 compositaque
502 2815 647 2879 oratione
661 2817 737 2877 vota
753 2817 925 2897 nuncupet.
965 2814 1005 2878 Ei
1025 2813 1125 2898 igitur
1140 2813 1240 2878 animi
1261 2813 1389 2880 affectui

251 2925 478 2989 convenienter
500 2946 594 3008 quem
616 2924 657 2988 ad
685 2923 813 2988 modum
835 2946 901 2989 nou
923 2923 1018 3006 illud,
1056 2923 1139 3008 quod
1168 2924 1388 2990 artificiosiorc

251 3033 397 3098 acumine
418 3033 625 3098 Hermannus
647 3053 798 3098 excursare
820 3033 957 3116 studuit,
987 3033 1042 3098 sed
1067 3033 1128 3097 hoc
1155 3034 1261 3117 potius
1283 3035 1388 3100 dicere

250 3141 397 3207 Eteocles
424 3144 600 3227 videbitur,
634 3143 717 3228 quod
747 3165 813 3207 non
849 3165 947 3228 egens
975 3143 1180 3208 excusatione
1216 3144 1389 3210 maximam

251 3253 559 3318 commendationem
587 3253 802 3337 simplicitatis
829 3253 941 3318 habet:
969 3255 1034 3330 ἐγὼ
1064 3256 1097 3318 δ’
1126 3255 1179 3320 ἔτ’
1208 3253 1328 3336 dudone
1356 3258 1388 3324 ἓξ

250 3363 319 3442 ἐμοὶ
340 3366 396 3429 cdv
424 3365 550 3447 ἑβδόμῳ
574 3385 600 3427 e.
625 3387 655 3448 q.
679 3385 704 3428 s.
729 3363 804 3448 (nec
832 3363 917 3429 euim
945 3362 1078 3448 dignum
1107 3363 1156 3428 cui
1183 3364 1422 3432 immoremurv

250 3471 386 3537 Burtoni
408 3473 649 3557 Blomfieldique
666 3476 880 3538 commentum
901 3475 965 3550 ἐγὼ
989 3476 1080 3551 δέχ’
1102 3475 1254 3560 ἄνδραε);
1277 3475 1323 3539 ita
1347 3475 1387 3540 ab

250 3583 361 3646 eadem
387 3583 473 3668 regis
503 3582 688 3648 condicione
715 3583 833 3648 iterata
861 3583 896 3648 in
919 3585 1004 3661 λέγω
1026 3587 1059 3648 et
1086 3585 1260 3664 ἐπεύχομαι
1282 3585 1387 3650 verbis

250 3693 385 3757 vovendi
406 3693 496 3757 notio
522 3714 588 3757 non
615 3693 735 3776 poterit
765 3715 831 3758 non
857 3693 963 3758 aliena
989 3693 1134 3758 iudicari.
1179 3693 1268 3769 Quod
1291 3694 1319 3760 si
1341 3694 1388 3759 ita

250 3805 315 3884 est,
338 3802 423 3866 haud
446 3802 621 3885 immerito,
644 3803 679 3866 in
693 3805 801 3866 utrum
823 3802 928 3868 locum
943 3803 1063 3888 aliquid
1078 3803 1264 3888 suspitionis
1281 3804 1385 3890 cadat,

250 3915 380 3994 quaeret
420 3962 427 3977 .

332 4021 408 4088 Non
434 4021 553 4106 poterit
575 4026 698 4106 autem,
728 4022 783 4108 qui
810 4019 851 4088 ad
872 4021 937 4088 vim
966 4021 1119 4109 simplicis
1148 4022 1293 4091 veritatis
1320 4045 1387 4092 non

249 4147 377 4214 prorsus
391 4133 592 4216 occalluerit,
615 4134 680 4200 ullo
699 4133 793 4198 modo
814 4135 1036 4220 gravissimas,
1059 4136 1173 4220 quibus
1194 4135 1263 4220 ipse
1277 4156 1386 4202 versus

248 4241 311 4307 259
332 4243 487 4308 obnoxius
510 4246 573 4327 est,
597 4243 812 4310 dubitationes
827 4245 877 4308 vel
900 4243 1097 4310 dissimulare
1119 4247 1170 4312 vel
1190 4250 1386 4314 monstratas

248 4350 396 4420 infitiari:
419 4375 500 4436 quae
514 4357 591 4418 sunt
604 4376 736 4420 numero
758 4357 917 4439 quattuor.
962 4354 1047 4420 Nam
1069 4356 1206 4440 primum
1221 4356 1290 4445 quis
1312 4360 1386 4444 post
