3254 5092
261 329 320 391 162
558 343 808 392 ooaonusarvu
831 343 1099 392 msrvrarroms

257 518 289 579 p.
313 495 386 578 596,
410 495 593 559 Fischerum
622 496 662 560 ad
684 496 815 558 Weller.
839 495 871 558 Π
894 519 925 580 p.
950 495 1002 576 33,
1026 495 1065 558 de
1087 494 1156 577 ipso
1179 497 1286 557 autem
1309 495 1397 574 βαίτη

259 605 388 670 nomine
407 605 565 670 Koenium
588 607 622 670 in
645 605 778 691 Gregor.
805 605 876 670 Cor.
901 628 932 688 p.
957 605 1029 668 287.

344 747 431 824 Quae
447 770 518 812 cum
540 749 586 812 ita
609 749 690 830 sint,
714 770 781 812 non
802 751 929 811 tantmn
951 748 1026 831 quid
1047 747 1199 830 rationis,
1223 747 1279 811 sed
1301 747 1398 812 etiam

259 858 333 942 quid
350 879 480 922 caussae
501 858 599 922 suerit
621 880 697 922 suae
713 858 875 922 cuiusdam
892 857 1092 921 coniecturae
1115 857 1396 939 commendandae,

260 989 276 1030 e
305 966 513 1052 Bernhardyo
542 966 685 1032 videmur
712 968 779 1032 iure
807 971 917 1032 nostro
945 988 1106 1052 quaerere..
1162 965 1247 1030 Nem
1273 967 1398 1030 ratione

259 1077 386 1160 quidem
421 1099 550 1160 prorsus
584 1098 707 1158 carere,
745 1077 828 1160 quod
862 1083 988 1158 Coucylr'
1019 1079 1202 1160 corruptum
1238 1097 1277 1140 ex
1310 1081 1402 1141 Eucli

259 1187 388 1250 nomine
418 1186 544 1270 putavit
571 1186 764 1250 Lobeckium
792 1186 967 1271 (Aglaoph.
996 1186 1013 1250 I
1040 1210 1071 1271 p.
1102 1187 1180 1270 300)
1208 1189 1397 1268 antestatus,

261 1319 332 1359 cum
366 1295 420 1359 alii
452 1317 603 1360 monuere
633 1301 701 1360 tum
729 1295 912 1359 Dindorfius
943 1295 1115 1380 perspexit.
1175 1295 1299 1379 Quippe
1332 1318 1398 1360 non

259 1404 440 1468 fabulosum
467 1406 665 1470 oraculorum
694 1405 891 1470 conditorem
920 1405 1108 1488 requirimus
1141 1406 1223 1469 sacri
1252 1405 1398 1469 vaticinii

260 1515 386 1578 arcanis
414 1514 611 1597 obvolutum,
648 1516 774 1599 qualem
805 1515 855 1578 vel
883 1514 1018 1578 Euclum
1050 1514 1141 1576 illum
1168 1514 1219 1578 vel
1246 1513 1398 1578 Bacidem

257 1623 395 1708 aliquem
426 1624 476 1687 vel
509 1623 673 1688 Musaeum
708 1625 902 1708 accepimus,
937 1623 991 1687 sed
1025 1623 1187 1688 hominem
1220 1625 1396 1688 litteratum

257 1734 324 1796 eius
339 1733 470 1814 aetatis,
493 1756 573 1818 quae
591 1735 626 1798 in
646 1734 745 1818 ipsius
760 1734 830 1798 luce
846 1733 999 1796 historiae
1015 1733 1171 1796 collocata
1186 1733 1238 1797 sit.
1276 1733 1396 1798 Verum

256 1843 368 1906 relicto
391 1842 599 1927 Bernhardyo
620 1844 791 1908 videndum
813 1844 911 1906 etiam
938 1842 977 1907 de
999 1843 1082 1907 aliis.
1127 1842 1209 1917 Quid
1231 1847 1338 1907 autem
1360 1845 1395 1908 in

257 1955 419 2035 posterum
440 1952 627 2016 incredibile
648 1952 823 2034 videbitur,
847 1953 874 2016 si
896 1952 995 2016 fuisse
1018 1952 1170 2034 audieris,
1195 1952 1308 2036 quibus
1331 1975 1396 2018 cer-

256 2069 398 2125 tissimum
434 2061 595 2125 videretur
630 2065 788 2127 κονκυλου
821 2062 895 2146 (sic)
928 2065 1032 2125 ortum
1069 2083 1136 2125 esse
1168 2083 1185 2124 e
1218 2063 1393 2141 (marathon

259 2170 374 2235 Κείουῖ)
427 2169 545 2245 Quidni
578 2171 726 2235 dixerunt
755 2193 794 2235 ex
822 2173 1051 2251 Ἀνακρέοντος
1082 2172 1180 2250 Τηίου
1206 2173 1257 2235 vel
1289 2173 1394 2238 Λάεου

255 2281 445 2360 Ἑρμιονέως
467 2280 594 2343 ortum?
616 2303 748 2366 quorum
769 2285 918 2345 neutrum
934 2285 982 2344 est
1004 2282 1087 2364 quod
1109 2302 1176 2344 non
1191 2281 1304 2345 eadem
1326 2285 1396 2345 arte

257 2392 291 2453 et
312 2389 481 2474 disciplina
508 2390 724 2475 excogitatum
751 2392 794 2454 sit
822 2391 979 2454 eisdemve
1008 2390 1216 2454 artificiorum
1238 2391 1396 2455 machinis

256 2499 386 2563 defendi
412 2503 517 2584 queat.
562 2499 692 2564 Revixit
718 2500 897 2564 mehercule
919 2499 1103 2564 Marklandi
1132 2500 1186 2563 ille
1208 2507 1397 2566 comsidicus

256 2612 348 2685 unser
369 2615 429 2674 ln'c.

340 2751 421 2827 Quid
450 2756 556 2816 autem
576 2775 649 2835 nos,
679 2754 793 2837 quibus
815 2754 879 2818 iam
907 2775 1024 2838 graeca
1047 2753 1143 2818 verba
1170 2758 1298 2837 praesto
1321 2759 1397 2820 sunt

257 2883 274 2924 e
302 2860 448 2925 Parisino
476 2862 583 2927 codice
610 2865 797 2946 protracta?
851 2863 891 2927 In
924 2864 1037 2948 quibus
1072 2865 1097 2926 si
1128 2865 1281 2946 scriptum
1312 2867 1397 2929 esset

205 2988 238 3037 46
256 2971 443 3054 simpliciter
469 2973 519 3037 καὶ
547 2974 701 3058 Κογχύλῳ
729 2974 780 3037 vel
804 2974 972 3058 Κογκύλῳ,
1002 2972 1052 3036 vel
1076 2972 1121 3036 sic
1144 2973 1395 3037 desideraremus

255 3081 457 3164 gentilicium
478 3103 610 3146 nomen:
637 3084 723 3146 ultra
744 3082 895 3168 progredi
917 3081 971 3145 vix
994 3081 1190 3146 auderemus.
1237 3081 1298 3147 Sed
1320 3083 1395 3146 scri-

255 3193 346 3275 ptum
362 3195 410 3254 est
431 3214 481 3258 και
503 3213 563 3269 καγ
586 3193 637 3258 ἐπὶ
652 3195 815 3270 κογκυλω,
838 3191 962 3255 adiecto
985 3195 1151 3274 praeterea
1167 3192 1283 3256 calami
1299 3195 1395 3257 ductu

254 3300 381 3364 litterae
409 3302 568 3365 Arabicae
596 3302 709 3384 simili,
744 3302 799 3365 sed
832 3322 894 3384 quo
927 3299 1064 3364 discerni
1097 3304 1224 3365 tantum
1251 3301 1345 3366 modo
1375 3325 1395 3366 a

254 3410 411 3494 prioribus
444 3433 561 3476 novam
592 3411 810 3476 narrationem
844 3409 1045 3491 crediderim,
1080 3432 1161 3495 quae
1197 3411 1236 3474 de
1269 3411 1395 3476 inter·

254 3521 433 3603 pratibus
456 3521 635 3585 Homericis
658 3520 807 3604 deinceps
830 3520 982 3604 sequitur.
1021 3519 1081 3583 Illa
1103 3523 1210 3584 autem
1239 3542 1307 3584 esse
1328 3521 1394 3584 eius

253 3630 354 3710 modi,
384 3634 420 3694 nt
446 3630 603 3716 gravioris
633 3629 765 3693 alicuius
794 3629 991 3712 corruptelae
1019 3629 1104 3693 haud
1127 3629 1260 3692 obscura
1292 3629 1394 3716 signi-

253 3739 361 3803 ficatio
388 3741 460 3821 fiat,
489 3739 584 3804 facile
611 3739 723 3803 vidant
749 3740 803 3823 qui
831 3739 944 3802 harum
971 3738 1150 3802 litteranun
1177 3743 1252 3802 smrt
1282 3740 1390 3822 periti.

254 3849 339 3913 Ecce
367 3853 488 3931 autem,
523 3870 705 3914 succurrere
733 3847 907 3913 haesitanti
936 3851 968 3911 et
1001 3847 1041 3911 de
1068 3848 1206 3932 pristina
1236 3849 1394 3933 scriptura

254 3959 423 4022 meditanti
445 3959 602 4044 marginis
615 3958 753 4040 notatio,
778 3980 887 4022 verum
907 3978 1002 4021 neca
1024 3957 1151 4040 quidem
1172 3958 1311 4044 integra,
1337 3959 1392 4022 sed

254 4071 402 4132 trrmcnta
425 4090 444 4131 a
466 4068 665 4154 bibliopega,
689 4089 770 4152 quae
789 4068 868 4133 haec
891 4088 959 4132 esse
982 4065 1131 4132 Cramero
1153 4067 1222 4130 visa
1245 4071 1310 4130 est:

540 4225 622 4287 νοδα
645 4223 697 4296 Cu
720 4219 862 4302 τικόνκορ

806 4335 897 4396 λιωνι
