3184 5100
305 394 367 458 716
698 409 858 460 sunnone
881 409 1055 458 carnosa.

304 562 454 647 loquendi
482 585 589 646 usum,
624 564 678 648 qui
700 563 803 648 qualis
831 562 874 628 sit
902 565 1114 649 cognoscetur
1142 561 1295 646 exemplis
1324 562 1439 646 aliquot

304 671 542 758 Aristophanis,
566 673 620 758 qui
643 673 677 737 in
699 673 783 738 Pace
805 695 835 738 v.
858 673 921 738 416
944 672 990 738 sic
1012 677 1061 738 est
1083 673 1226 748 locutusq

548 794 631 873 πρδε
652 795 753 867 ταῦτ’,
778 791 804 857 ὦ
827 793 898 874 φίλ’
919 794 1024 874 Ἑρμῆ,
1046 794 1214 873 ξύλλαβε

454 903 527 982 ἡμῖν
549 903 724 983 προθύμωε
745 903 840 983 τήνδε
862 904 913 968 καὶ
934 904 1193 979 ξυνέλκυεον,

455 1013 516 1078 καί
543 1033 592 1078 cor
613 1014 653 1079 τὰ
675 1014 789 1094 μεγάλ’
812 1014 900 1094 ἡμεῖε
921 1013 1121 1093 Παναθήναι’
1141 1011 1296 1092 ἄξομεν.

304 1129 393 1194 Idem
414 1129 556 1196 Nubium
577 1155 607 1196 v.
634 1132 731 1197 1494:

455 1250 525 1329 ἐμοὶ
546 1253 583 1316 δὲ
604 1253 680 1335 δᾷδ’
701 1251 903 1329 ἐνεγκάτω
925 1270 970 1316 τιε
992 1249 1143 1330 ἡμμένην,

454 1358 558 1439 κάγώ
580 1362 645 1428 τιν’
666 1360 774 1426 αὐτῶν
796 1361 934 1440 τήμερον
956 1363 1070 1426 δοθνάι
1092 1358 1181 1440 δίκην

455 1469 526 1550 ἐμοὶ
547 1471 707 1550 ποιήεω.

303 1585 390 1651 Pluti
411 1610 441 1651 ν.
468 1587 565 1653 1027:

454 1707 484 1772 τὶ
505 1709 568 1788 γάρ
587 1709 724 1787 ποιήεει;
747 1707 886 1789 φράζε,
908 1709 970 1773 καλ
991 1707 1240 1789 πεπράξεται.

303 1823 482 1908 Vesparum
503 1847 534 1889 v.
557 1825 635 1890 393:

455 1944 618 2023 ἐλέηεον
640 1945 691 2009 καὶ
712 1950 837 2010 εῶεον
860 1945 933 2011 νυνὶ
954 1945 1012 2012 τὸν
1034 1949 1151 2010 εαυτοῦ
1174 1947 1412 2026 πληειόχωρον,

454 2053 529 2117 κού
561 2054 711 2133 μήποτέ
746 2075 803 2119 coo
830 2055 918 2135 παρὰ
949 2057 1007 2120 τὰε
1038 2055 1158 2122 κάνναε
1186 2055 1342 2134 οὐρήεω
1368 2057 1442 2137 μηδ’

1009 2163 1239 2245 ἀποπάρδω.

305 2280 438 2368 [Eadem
469 2281 551 2346 ratio
580 2285 629 2346 est
649 2281 804 2346 Massieni
826 2283 912 2347 illius
934 2287 1069 2367 ζητεῖτε,
1098 2284 1148 2349 καλ
1174 2283 1331 2364 εὑρήεετε.
1377 2283 1445 2350 Nec

302 2392 397 2456 aliter
423 2391 531 2456 Latini
563 2391 771 2476 posteriores,
803 2392 891 2458 velut
918 2393 1040 2459 Seneca
1062 2393 1215 2477 exemplis
1238 2417 1257 2458 a
1279 2394 1444 2480 Madvigio

302 2502 419 2586 Opuso.
437 2502 526 2567 acad.
544 2504 600 2568 alt.
616 2525 648 2587 p.
667 2503 729 2568 162
745 2503 1014 2569 commemoratis:
1035 2523 1217 2584 recoqnoscc
1230 2517 1260 2568 ct
1274 2511 1445 2585 ὶιιεεθεροις

300 2619 464 2678 cornidcra
486 2625 515 2677 ct
541 2619 701 2691 interrepes.
746 2613 866 2694 Qualia
888 2637 907 2677 a
930 2613 1083 2680 Cicerone
1111 2617 1298 2678 constanter
1324 2616 1398 2680 sinc
1419 2623 1446 2677 c!

301 2723 460 2806 particula
482 2723 545 2788 dici
568 2745 640 2787 cum
662 2722 843 2808 Madvigius
869 2724 1052 2787 observavit
1072 2727 1141 2788 tum
1163 2723 1312 2790 Halmius
1334 2729 1447 2789 noster

302 2833 470 2898 adnotavit
492 2833 532 2896 ad
555 2831 779 2900 Catilinariam
800 2832 816 2896 Ι
840 2855 866 2898 ο.
882 2833 913 2910 4,
936 2834 956 2898 8
978 2857 1010 2917 p.
1027 2835 1068 2898 26
1091 2833 1139 2898 cd.
1164 2833 1269 2898 Berol.
1294 2857 1323 2898 a.
1349 2834 1445 2900 1863.

301 2943 354 3007 Ad
368 2941 582 3027 antiquiorem
597 2943 857 3008 consuetudinem
879 2943 1005 3008 Persius
1028 2965 1096 3009 sese
1118 2944 1309 3028 applicant:
1334 2947 1446 3010 reem

301 3059 452 3118 habita:
474 3059 578 3119 noris
599 3075 690 3133 qaum
711 3060 749 3118 sit
765 3060 821 3119 tibi
840 3067 930 3118 carta
944 3053 1104 3143 supellec]
1135 3053 1211 3119 Vim
1226 3057 1334 3120 autem
1348 3053 1447 3119 istius

302 3162 572 3247 breviloquentiae
594 3163 825 3247 persentiscere
842 3163 917 3228 licet
938 3164 975 3227 in
995 3164 1077 3228 Isaei
1094 3163 1164 3248 illc,
1190 3163 1314 3248 Assyrii
1336 3163 1445 3248 sophi-

300 3275 385 3357 stae,
409 3273 493 3356 apud
516 3271 746 3338 Philostratum
760 3271 845 3338 Vitis
868 3273 1001 3358 sophist.
1026 3296 1056 3358 p.
1073 3274 1138 3340 514
1154 3273 1203 3339 cd.
1220 3273 1326 3340 Olear.
1346 3271 1387 3362 [1,
1405 3274 1448 3337 20

300 3404 332 3467 p.
355 3383 429 3468 218,
455 3383 494 3448 18
515 3382 645 3471 Kaya.]:
679 3385 765 3450 οὕτω
788 3385 898 3464 ετῆτέ
924 3405 991 3464 μοι,
1022 3385 1279 3465 Λακεδαιμόνιοι,
1306 3385 1369 3450 καὶ
1392 3405 1447 3450 τε·

299 3493 537 3574 τειχίεμεθα,
561 3493 644 3577 quod
659 3494 817 3578 prioribus
833 3493 897 3558 illis
913 3497 946 3558 et
966 3493 1074 3577 paullo
1095 3493 1285 3559 insolentius
1301 3497 1334 3558 et
1356 3493 1448 3558 hand

299 3603 407 3688 paullo
429 3603 543 3667 fortius
566 3607 616 3668 cst
636 3609 767 3689 propter
788 3605 965 3689 perfectum
987 3607 1123 3688 tempus.

384 3713 474 3777 Illius
501 3714 587 3778 modi
612 3717 719 3780 autem
746 3714 891 3799 exempla
919 3737 985 3779 non
1013 3713 1138 3778 videtur
1167 3713 1351 3778 recordatus
1375 3735 1449 3778 esse

222 3831 232 3842 “
301 3823 340 3887 G.
365 3822 581 3908 HermannuS‚
607 3847 678 3889 cum
699 3824 734 3889 in
757 3823 896 3890 Aiacis
919 3823 1163 3908 Sophocleae
1185 3845 1278 3888 versu
1300 3823 1383 3889 516:

454 4000 462 4015 .
486 4001 493 4016 .
517 4001 524 4016 .
548 4002 555 4016 .
579 3954 614 4017 τὺ
635 3953 698 4033 γάρ
720 3975 773 4032 μοι
795 3953 925 4032 πατρίδ’
949 3954 1090 4036 ήιτωεαε
1112 3951 1212 4034 δόρει,

451 4062 503 4126 καὶ
524 4063 635 4143 μητέρ’
656 4063 737 4142 άλλη
760 4067 855 4143 μοῖρα
876 4063 934 4129 τὸν
957 4062 1103 4145 φύεαντά
1123 4082 1161 4142 με

450 4174 595 4238 καθεῖλεν
617 4173 727 4239 Ἅιδου
749 4173 940 4253 θαναείμουε
965 4173 1133 4254 οἰκήτορα(
1152 4209 1195 4222 -

299 4305 350 4371 καί
371 4307 563 4390 perticulam
585 4308 724 4373 alienam
747 4309 788 4373 ab
809 4309 959 4393 loquendi
989 4306 1216 4374 consuetudine
1246 4305 1452 4374 Graecorum

300 4414 453 4480 iudicavit
476 4413 522 4502 [in
545 4416 685 4482 editione
707 4417 809 4484 altera
832 4417 1033 4508 anni21825].
1071 4415 1190 4493 Quodsi
1213 4415 1347 4482 offendit
1372 4441 1452 4486 eum
