3254 5092
264 349 328 413 220
615 364 771 412 rznrznu
791 365 1054 412 rsonauouuus

264 520 397 599 τιμάχου
428 521 584 598 noricam(
612 517 693 581 liber
726 519 759 581 in
788 518 854 580 rita
882 517 1038 580 Nicandri
1069 518 1201 601 citatur,
1237 518 1399 582 coniicias.

265 631 364 704 Quem
393 629 493 692 altero
521 627 590 690 loco
619 627 723 710 posuit
746 627 945 691 Cratetem
974 628 1130 691 celebrem
1157 629 1401 712 grammaticum

266 737 498 822 Pergamenum
521 759 605 819 esse,
628 740 715 800 recte
738 741 930 800 censuerunt
944 737 1122 800 Meinelrius
1138 738 1159 801 l.
1177 760 1204 802 c.
1222 743 1254 802 et
1269 738 1401 802 Muelle-

264 869 317 910 rus
346 848 426 910 Mus.
456 847 605 910 Rhenaui
631 846 662 910 V
684 846 728 930 (a.
755 847 849 932 1837)
877 869 908 930 p.
937 846 1015 929 358,
1044 847 1149 910 minus
1179 851 1264 912 recte
1291 851 1402 912 tamen

264 957 442 1020 llleinekius
463 957 555 1038 fecit,
578 956 660 1040 quod
676 957 715 1019 ad
732 957 921 1038 ἀναγραφὰς
941 958 1132 1036 δραματικὰ(
1138 1006 1147 1040 ,
1171 979 1264 1040 quem
1285 957 1402 1021 librum

265 1067 350 1129 inter
364 1067 516 1130 historiae
528 1066 719 1129 comicorum
734 1065 840 1128 fontes
856 1069 1002 1130 recenset
1012 1065 1098 1129 Hist.
1113 1067 1182 1130 crit.
1196 1088 1275 1130 com.
1293 1089 1399 1151 graec.

264 1199 295 1259 p.
323 1177 376 1258 13,
405 1177 471 1239 eius
494 1176 679 1238 memoriam
701 1176 820 1238 referre
842 1175 976 1238 videtur.
1023 1176 1129 1259 Aegre
1151 1177 1237 1239 enim
1263 1176 1402 1241 adducor

264 1289 300 1348 ut
323 1284 466 1368 credam,
496 1284 694 1348 huiusmodi
723 1285 761 1347 de
784 1285 970 1368 tragoediae
993 1285 1234 1369 comoediaeque
1256 1286 1401 1368 partibus

264 1395 365 1477 deque
388 1395 569 1458 nominibus
593 1394 768 1458 carminum
792 1393 989 1457 choricorum
1011 1395 1295 1478 disputationibus,
1323 1417 1401 1479 quas

265 1507 297 1566 et
325 1504 377 1567 hic
406 1509 438 1567 et
467 1504 500 1567 iu
529 1504 643 1566 iambis
666 1504 686 1566 l.
712 1525 738 1567 c.
763 1504 830 1566 eius
858 1504 1041 1567 auctoritati
1069 1505 1181 1568 tribuit
1202 1504 1335 1587 Tzetza,
1367 1505 1401 1568 in

263 1614 322 1676 tali
344 1613 426 1677 libro
449 1613 552 1678 locrun
575 1613 683 1676 fuisse.
728 1613 889 1696 Frequens
918 1616 1024 1676 autem
1047 1617 1095 1676 est
1118 1614 1183 1678 eius
1212 1615 1246 1677 iu
1274 1614 1401 1678 scholiis

264 1722 509 1806 Aristophaneis
536 1723 703 1787 memoria:
738 1723 779 1786 cf.
809 1721 983 1786 Schneider
1015 1723 1054 1786 de
1081 1727 1144 1787 vet.
1173 1724 1207 1786 in
1235 1724 1400 1808 Aristoph.

264 1833 362 1896 schol.
386 1833 468 1895 font.
493 1855 523 1916 p.
543 1834 593 1897 88.
638 1832 698 1908 Qui
720 1853 901 1916 quanquam
924 1832 1032 1895 omnia
1055 1853 1093 1894 ex
1116 1833 1182 1896 eius
1204 1834 1243 1897 de
1265 1833 1401 1898 dialecto

265 1941 375 2004 Attica
398 1941 479 2004 libro
501 1941 603 2024 petita
625 1941 802 2024 existimat,
832 1944 907 2004 smrt
928 1945 1054 2024 tamen,
1084 1963 1164 2026 quae
1187 1942 1240 2005 vix
1268 1947 1402 2026 possunt

264 2050 327 2113 nisi
342 2072 359 2113 e
375 2050 504 2113 scholiis
519 2051 553 2113 in
569 2052 696 2134 poetam
713 2051 901 2134 conscriptis
923 2051 1069 2134 profecta
1084 2073 1169 2130 esse,
1193 2052 1280 2115 velut
1301 2051 1399 2116 schol.

265 2159 449 2241 saurae,
480 2159 616 2223 maxime
645 2181 719 2222 vero
748 2181 828 2243 quae
856 2160 954 2224 schol.
978 2161 1038 2244 Eq.
1062 2161 1125 2226 959
1153 2161 1269 2224 additis
1297 2162 1401 2225 verbis

264 2270 368 2334 οὕτω(
383 2270 402 2334 ὁ
420 2271 540 2350 Κράτης
562 2269 602 2332 ad
618 2291 689 2332 eum
709 2269 899 2332 referrmtur.
937 2269 988 2333 Ita
1004 2271 1089 2333 enim
1105 2291 1170 2333 non
1192 2270 1402 2334 dubitandmn

264 2378 340 2462 quin
363 2381 448 2442 recte
471 2379 635 2462 scripserit
657 2401 714 2461 pro
735 2379 821 2444 οὕτω
837 2380 1003 2459 (ωκράτηε
1019 2379 1251 2443 Valckenarius
1267 2379 1307 2442 ad
1323 2379 1399 2443 Eur.

264 2487 384 2552 Phoen.
413 2489 523 2574 608*).
574 2488 614 2551 In
641 2489 690 2552 his
723 2488 823 2572 igitur
856 2488 1117 2553 annotationibus
1146 2488 1307 2553 Cratetem
1336 2511 1401 2552 non

264 2597 369 2661 miuus
406 2620 501 2680 quam
529 2598 717 2681 Dionysium
746 2621 783 2661 ea
816 2619 896 2680 quae
924 2597 1041 2662 Tzetza
1074 2597 1114 2660 ad
1143 2618 1196 2660 eos
1224 2598 1322 2661 refert
1351 2619 1401 2661 ex-

264 2708 406 2790 posuisse
429 2708 576 2770 arbitror.
621 2706 826 2771 Euclidem
854 2706 989 2790 denique
1019 2706 1058 2769 de
1086 2706 1183 2770 simili
1212 2712 1402 2791 argumento

264 2817 305 2879 ab
328 2817 438 2880 eodem
460 2815 576 2879 'l'zetna
592 2815 697 2881 Oram.
720 2817 841 2880 Anecd.
860 2817 962 2881 Oxou.
980 2816 1001 2879 l.
1020 2838 1046 2879 c.
1070 2817 1294 2900 impugnatum
1317 2816 1401 2880 vide·

264 2947 348 2988 mus:
377 2947 443 2989 non
471 2925 594 2988 videtur
617 2930 723 2989 autem
751 2926 892 2989 diversus
916 2947 983 2988 esse
1006 2925 1125 2989 abillo
1155 2947 1247 3010 quem
1270 2925 1400 2990 Homeri

265 3035 386 3099 scholia
413 3035 499 3118 Lips
528 3035 565 3098 Il.
589 3038 614 3099 Α
636 3035 657 3100 5
678 3035 717 3098 de
744 3057 836 3098 versu
859 3034 1029 3098 Homerico
1057 3035 1274 3118 disputantem
1302 3035 1400 3099 intro·

264 3145 393 3207 ducunt.
438 3143 522 3207 Nam
550 3147 585 3207 ut
612 3145 647 3207 in
669 3144 800 3208 Homeri
829 3143 1095 3226 interpretatione
1121 3145 1324 3226 versabatur,
1355 3144 1401 3207 ita

144 3313 147 3318 .
265 3254 392 3317 comicis
425 3275 548 3338 quoque
581 3255 630 3318 vel
663 3254 797 3338 tragicis
831 3253 934 3335 poetis
964 3275 1095 3336 operam
1127 3253 1268 3335 dedisse,
1303 3275 1400 3338 eaque

264 3364 429 3428 occasione
460 3364 568 3428 oblata
601 3364 639 3426 de
672 3364 816 3447 partibus
844 3362 1024 3426 fabularum
1052 3364 1234 3446 exposuisse
1261 3363 1400 3426 videtur:

265 3473 305 3536 cf.
330 3473 502 3535 Muellerus
526 3475 607 3536 Mus,
633 3473 735 3536 Rhen.
760 3473 782 3535 l.
808 3493 834 3534 c.

347 3582 458 3666 Itaque
481 3582 520 3645 de
547 3581 597 3644 his
625 3581 727 3644 tribus
754 3581 973 3666 grammaticis
1002 3601 1073 3644 cum
1101 3581 1331 3663 invenerimus,
1360 3580 1400 3643 ad

264 3713 371 3754 eorum
394 3692 459 3754 sive
487 3692 521 3754 in
543 3691 684 3774 tragicos
707 3690 772 3754 sive
800 3691 835 3753 in
858 3691 994 3754 comicos
1023 3695 1134 3773 poetas
1157 3689 1400 3754 commentarios

263 3800 440 3864 sententias
457 3822 476 3862 a
491 3801 606 3864 Tzetna
628 3799 824 3882 improbatas
839 3799 981 3863 revocari
1003 3821 1111 3883 posse,
1135 3799 1278 3884 quamvis
1301 3798 1401 3862 sciam

263 3932 330 3974 non
351 3913 470 3973 temere
493 3911 531 3973 de
554 3908 799 3973 annotationum
821 3909 994 3992 scriptione
1011 3909 1216 3993 cogitandum
1233 3930 1311 3990 esse,
1336 3929 1401 3970 non

197 4030 244 4078 rsa
263 4019 387 4082 videtur
413 4023 522 4082 tamen
551 4039 626 4080 casu
653 4018 774 4081 factum
803 4039 887 4098 esse,
916 4017 998 4102 quod
1024 4020 1207 4097 ἐξηγηταὶ
1238 4019 1287 4082 καὶ
1315 4017 1400 4082 διδά-

331 4273 356 4336 *)
375 4270 515 4324 Cratetem
533 4269 606 4324 inter
627 4273 735 4322 veteres
754 4270 947 4339 Aristophanis
969 4239 1136 4337 interpretes
1159 4268 1299 4323 numerari
1320 4267 1400 4322 video

264 4381 281 4416 a
298 4362 477 4432 Bernhardyo
497 4361 568 4417 Hist.
586 4362 639 4416 litt.
659 4377 750 4432 graec.
770 4362 794 4414 ll
813 4381 840 4433 p.
860 4367 918 4416 994.
