3218 5094
577 412 624 457 ns
648 413 717 458 ono
741 413 785 458 ar
808 413 950 459 onrosn.
1271 396 1333 460 633

193 568 307 643 μαῑνον
335 566 395 644 τὴν
422 565 565 645 τροφήν,
598 566 648 628 καὶ
680 564 733 629 διὰ
754 568 813 628 τοῦ
845 587 855 628 ι
888 565 1045 646 γράφεται
1077 571 1123 649 τῷ
1158 566 1245 647 λόγῳ
1275 570 1334 630 τοῦ

193 675 307 754 θλίβωε
330 673 383 736 Et.
409 673 491 738 Gud.
516 696 547 756 p.
571 673 644 756 321,
668 674 688 736 6
710 674 835 756 plenius
858 695 953 757 quam
975 673 1052 738 Zon.
1077 698 1108 758 p.
1128 675 1209 738 1210
1232 677 1264 737 ελ
1279 673 1332 738 Et.

194 783 238 847 M.
262 805 294 866 p.
317 783 391 866 512,
414 783 467 847 49.
512 782 560 845 De
583 784 682 864 θλίβιυ
705 783 746 847 ef.
770 782 824 846 Et.
848 783 892 846 M.
917 807 948 868 p.
964 783 1038 867 454,
1056 785 1088 868 4,
1113 783 1194 848 Gud.
1211 807 1243 866 p.
1259 785 1333 866 554,

193 893 245 957 22.
275 931 317 941 -
345 894 436 969 Λέγει
462 893 577 974 Ὦροε,
605 895 657 958 διὰ
684 894 864 973 διφθόγγου
892 893 1021 972 ῥειτόε
1048 895 1099 959 καλ
1126 895 1286 962 ὀξύνεται·
1315 895 1334 958 6

194 1005 229 1069 δὲ
250 1004 462 1085 Ἡρωδιανόε,
491 1005 543 1068 διὰ
570 1007 628 1067 τοῦ
657 1025 667 1066 ι
695 1003 783 1082 ῥῖτοε
810 1004 861 1067 καὶ
888 1004 1056 1083 βαρύνεται
1079 1004 1123 1068 ὼε
1152 1007 1252 1068 clroc:
1279 1003 1333 1066 El.

196 1114 240 1176 M.
265 1135 296 1196 p.
322 1113 399 1197 703,
426 1113 476 1177 14.
498 1149 541 1162 --
563 1112 715 1193 Τερθρεὶα
736 1135 794 1162 -·
819 1113 838 1176 6
860 1115 897 1179 δέ
913 1113 1014 1193 Ὠροε
1036 1115 1055 1178 6
1079 1115 1229 1192 Μιλήειοε
1251 1114 1336 1189 λέγει

195 1223 243 1288 ὅτι
265 1245 291 1288 κ.
312 1245 338 1287 τ.
361 1225 388 1286 λ.
432 1223 632 1303 Φερεκράτη(
653 1224 827 1305 τερθρία,
852 1224 954 1301 πνοήι
976 1217 1030 1286 nt.
1047 1223 1091 1286 M.
1109 1246 1140 1306 p.
1158 1223 1230 1306 753,
1247 1223 1278 1288 3.
1293 1261 1336 1272 —

195 1332 257 1398 Sed
285 1333 325 1396 ad
352 1334 438 1412 nolon
468 1332 553 1396 haud
580 1332 645 1396 scio
673 1355 716 1396 an
737 1333 857 1396 maiore
886 1333 954 1396 iure
982 1355 1078 1418 quam
1108 1333 1148 1396 ad
1170 1332 1335 1416 orthogra-

195 1442 305 1526 phiam
332 1443 514 1507 referantur
542 1441 623 1506 haee
649 1442 702 1505 ut.
732 1443 776 1505 M.
800 1465 832 1525 p.
857 1443 934 1525 714,
964 1443 1020 1506 34:
1055 1447 1171 1508 tiroc·
1204 1444 1289 1520 λέγει
1316 1444 1336 1507 6

193 1553 347 1634 τεχνικόε,
371 1553 421 1617 ὅτι
443 1603 565 1617 ......
588 1553 675 1632 παρὰ
690 1554 727 1617 τὸ
749 1553 896 1617 τέεειεται
920 1554 1046 1635 εειετόε,
1070 1553 1217 1637 ἀποβολῇ
1239 1557 1298 1616 τοῦ
1321 1573 1337 1616 ε

195 1665 244 1727 καὶ
264 1667 325 1728 τοῦ
348 1685 363 1728 ε
386 1667 477 1728 (ῖτοε.
514 1664 599 1739 λέγει
620 1665 656 1728 δὲ
678 1663 697 1726 6
720 1663 830 1746 Ὠροε,
855 1662 903 1727 ὅτι
925 1664 1067 1742 κρεῖττόν
1090 1664 1172 1728 ἐττιν
1195 1661 1262 1727 ἀπὸ
1277 1667 1336 1728 τοῦ

196 1774 264 1837 clus
292 1778 351 1838 τοῦ
379 1775 431 1839 διὰ
451 1778 510 1838 τοῦ
539 1795 548 1836 ι
574 1774 786 1853 γραφομένου
813 1775 996 1849 γεγονέναι·
1025 1773 1088 1837 ἔετι
1114 1773 1176 1852 γὰρ
1203 1774 1254 1838 καὶ
1281 1773 1336 1837 τίω

196 1884 248 1947 διὰ
269 1888 328 1947 τοῦ
352 1905 376 1965 ι,
407 1885 433 1966 ᾧ
456 1888 568 1964 χρῆται
589 1883 771 1962 Ἀνακρέων
798 1905 824 1946 κ.
846 1905 871 1947 τ.
895 1887 921 1946 λ.
948 1885 981 1946 el
1001 1881 1120 1945 ibidem
1148 1905 1179 1966 p.
1201 1883 1255 1963 47,
1279 1881 1337 1946 35:

197 1992 354 2070 άκηδία·
375 1994 463 2071 παρὰ
485 1995 523 2058 τὸ
545 1993 680 2072 άκηδιιῑι,
703 1997 800 2058 τοῦτο
823 1995 911 2072 παρὰ
932 1994 970 2057 τὸ
993 1992 1100 2073 duod,
1129 1997 1227 2058 τοῦτο
1249 1992 1338 2070 παρὰ

196 2103 234 2166 τὸ
255 2103 332 2180 ἡδύε
355 2104 404 2166 καὶ
426 2104 564 2183 ετερήτει
592 2103 691 2182 ἀηδύε
718 2104 768 2168 καὶ
790 2107 981 2182 πλεοναεμῶ
1002 2107 1061 2167 τοῦ
1088 2124 1107 2166 κ
1128 2101 1260 2182 άκηδάε,
1288 2103 1339 2165 καὶ

196 2212 230 2278 ἐξ
252 2212 352 2276 αὐτοῦ
375 2212 488 2291 άιιηδία
509 2236 535 2277 κ.
558 2234 583 2276 τ.
606 2216 633 2276 λ,
656 2213 760 2277 οὕτω(
782 2213 881 2291 Ὠροε
910 2213 1021 2295 (vulgo
1043 2211 1180 2294 Ὠρίων).
1225 2213 1338 2275 Ἀπολ-

197 2323 315 2386 λαίνιοε
336 2323 372 2387 δέ
394 2323 413 2385 6
437 2325 475 2387 τά
498 2325 725 2402 Ἀργοναυτικὰ
746 2325 784 2387 τὸ
806 2327 852 2386 δει
875 2323 926 2386 διὰ
948 2322 1126 2401 διφθόγγου
1155 2323 1265 2406 (vulgo
1291 2327 1338 2385 δει

197 2431 391 2514 δίφθογγον)
413 2433 531 2513 γράφει
553 2455 578 2496 κ.
600 2455 627 2497 τ.
652 2436 684 2498 λ.
724 2432 762 2494 Ιιι
786 2430 925 2495 Gudiani
948 2430 1053 2495 verbis
1074 2453 1106 2514 p.
1128 2430 1180 2513 25,
1204 2430 1246 2494 25
1269 2432 1338 2495 Μα-

197 2542 363 2608 κεδονικόν
386 2563 461 2622 φητι
483 2543 520 2607 τὸ
543 2543 647 2620 ὄνομα
670 2541 787 2606 excidit
809 2542 908 2622 Ὠροε
930 2563 1058 2604 nomen.

283 2653 313 2716 3.
338 2651 448 2714 Tertio
469 2653 539 2715 loeo
562 2652 718 2736 singulari
740 2652 898 2715 industria
914 2629 996 2716 Orus
1018 2650 1144 2715 videtur
1163 2650 1228 2714 der
1249 2649 1339 2712 sub-

198 2762 354 2844 scripto
383 2762 586 2844 quaesivisse.
632 2761 708 2824 Tria
735 2762 771 2825 in
792 2765 943 2845 promptu
971 2761 1117 2844 exempla
1138 2763 1229 2842 sunl,
1259 2781 1340 2842 quae

199 2893 270 2935 oum
302 2872 395 2936 πάθει
429 2872 498 2938 fieri
534 2870 672 2936 dilucide
706 2871 872 2952 doceatur,
905 2875 1016 2934 tamen
1043 2893 1081 2936 ex
1110 2869 1341 2954 orthographia

198 2981 298 3062 petita
333 3003 401 3044 esse
434 2981 554 3065 apertis
588 2984 713 3045 constet
745 2981 947 3045 testimoniis,
1004 2979 1144 3044 Zonaras
1177 3003 1209 3062 p.
1243 2979 1340 3044 1010:

199 3090 354 3169 Ἠιεμεν
383 3091 453 3156 άντὶ
479 3097 537 3156 τοῦ
565 3095 707 3176 ᾔδειμεν,
737 3095 833 3176 ᾔετην
861 3093 933 3176 ᾔετε
961 3094 1040 3176 ᾔεαν
1068 3093 1119 3157 διὰ
1146 3095 1204 3154 τοῦ
1234 3089 1341 3170 ιγρά-

200 3221 303 3280 φεται.
348 3203 398 3265 καὶ
420 3203 504 3276 λέγει
526 3202 625 3280 Ὧροε
652 3203 671 3266 6
695 3202 847 3280 Μιλήτιοε
876 3203 911 3266 ἐν
938 3208 976 3285 τῇ
1004 3201 1103 3282 οἰκείᾳ
1125 3200 1225 3265 αὐτοῦ
1248 3199 1342 3279 ὀρθο-

198 3310 327 3391 γραφίφι
375 3311 437 3374 ἔτπ
458 3313 521 3389 γὰρ
543 3311 618 3376 εἴδω
642 3311 693 3390 (τὸ
715 3313 861 3387 γινώεκιυ
884 3309 956 3374 add.
980 3309 1101 3402 Fauor..
1117 3309 1186 3372 Ed.
1211 3331 1242 3392 p.
1266 3307 1339 3388 236,

199 3420 250 3504 6),
284 3419 303 3484 6
333 3420 595 3498 ὑπερευντέλικοε
629 3420 717 3499 εῖδην
749 3423 800 3485 καὶ
827 3423 901 3485 κατ’
934 3421 1055 3486 ἔκταειν
1077 3421 1218 3498 Ἀττικὴν
1252 3420 1340 3501 ᾔδειν
1357 3435 1390 3482 rs
1461 3411 1469 3432 ‘

200 3531 284 3613 ᾔδει(
307 3531 387 3613 ᾔδει,
411 3530 449 3594 τὸ
472 3531 624 3610 δεύτερον
645 3535 712 3595 τῶν
735 3537 855 3596 δυϊκῶν
879 3533 1004 3614 ᾔδειτον
1032 3529 1158 3614 ᾑδείτην
1186 3530 1236 3591 καὶ
1263 3527 1342 3591 κατὰ

200 3641 362 3717 ευγκοπῇν
386 3643 442 3716 nic
464 3661 491 3704 ει
513 3640 690 3719 διφθόγγου
713 3642 763 3704 καὶ
784 3647 888 3724 τροπῇ
911 3645 968 3705 τοῦ
991 3646 1010 3704 δ
1032 3639 1076 3704 εἰε
1102 3659 1118 3703 c
1140 3640 1235 3720 ᾔετην
1258 3637 1344 3720 (ἀντὶ

199 3753 258 3812 τοῦ
292 3751 407 3831 ᾔδεεαν
441 3749 600 3813 adduntur
634 3753 762 3832 praeter
794 3752 893 3836 rem),
927 3752 965 3814 r6
998 3749 1211 3827 πληθυντικὸν
1248 3750 1343 3830 ᾔομεν

201 3857 271 3923 ἀντὶ
293 3863 352 3923 τοῦ
375 3861 516 3942 ᾔδειμεν,
541 3862 612 3943 ᾔετε
635 3860 705 3925 ἀντὶ
725 3863 784 3923 τοῦ
807 3863 908 3943 ᾔδειτε
931 3861 981 3923 καὶ
1003 3860 1081 3942 ᾔεαν
1105 3859 1176 3924 ἀντὶ
1194 3862 1252 3922 τοῦ
1275 3859 1343 3940 ᾔδε-

200 3989 267 4034 εαν.
289 4006 332 4020 -
361 3967 469 4050 atym.
494 3969 538 4032 M.
563 3991 594 4051 p.
625 3969 703 4052 816,
727 3969 785 4032 34:
820 3968 873 4051 Χῲ
901 3970 1070 4047 ξυμπόται,
1102 3971 1149 4052 χῲ
1183 3969 1343 4042 ειιγγενεῑε

199 4075 270 4142 άντὶ
297 4082 356 4142 τοῦ
384 4079 435 4141 καὶ
463 4078 494 4143 οἱ
522 4078 676 4157 ευμπόται
704 4080 754 4142 καὶ
782 4079 812 4141 οἱ
841 4083 1018 4156 ευγγενεῑε,
1047 4079 1103 4144 εὺν
1126 4085 1171 4163 τῷ
1195 4099 1212 4140 ι.
1257 4075 1343 4139 οὕτω

199 4187 261 4265 γὰρ
283 4187 409 4261 λέγουει
430 4189 469 4251 τὸ
491 4190 549 4266 μὲν
572 4209 582 4251 ι
603 4193 662 4253 τοῦ
686 4189 859 4266 ειινδέεμου
882 4187 1081 4267 ἐκθλίβοντεε
1103 4187 1153 4252 καὶ
1175 4190 1344 4250 ποιοῦντεε

200 4299 308 4374 κρᾱειν
335 4301 394 4359 τοῦ
424 4316 464 4361 oo
487 4297 531 4362 εἰ(
552 4299 590 4363 τὸ
613 4321 658 4376 ω,
685 4300 736 4362 καὶ
763 4298 1004 4378 προεγράφουει
1031 4298 1068 4361 τὸ
1097 4319 1107 4360 ι
1135 4301 1189 4375 τῆε
1212 4296 1344 4376 διφθόγ-

201 4424 278 4482 γου,
300 4406 476 4484 τρέποντεε
498 4406 678 4482 άναγκαίωε
698 4403 751 4471 ’καλ
773 4410 811 4472 τὸ
833 4430 850 4471 κ
874 4409 917 4472 εἰ(
940 4429 975 4490 χ,
1006 4407 1078 4471 οἷον
1105 4409 1153 4492 χῲ
1175 4427 1344 4484 τυμπανιε-
