3254 5086
549 367 708 416 moursu
729 367 1082 417 ιικοιοιακιοουκοιο.
1319 354 1383 418 533

243 519 464 602 consentiunt,
489 540 558 603 cap.
575 519 616 583 82
639 518 751 597 ὀλίγον
774 519 907 599 ὕςτερον
930 518 1115 584 exhibentia
1137 542 1195 603 pro
1218 521 1329 596 ὀλίγου
1351 521 1380 584 ίί.

242 634 275 694 et
297 631 342 694 ὡς
364 630 507 709 ἐπράχθη
528 651 587 713 pro
615 629 674 694 ὅςα
696 629 855 709 ἐπράχθη,
884 651 955 692 cum
978 634 1007 692 B
1035 631 1142 692 autem
1166 632 1278 694 eontra
1301 636 1327 692 Α
1349 629 1383 694 in

242 739 307 803 his:
331 760 358 802 o.
376 738 417 802 83
439 738 538 817 ὅςπερ
560 737 692 804 ἐκείνων
713 759 771 821 pro
788 738 896 819 ὥςπερ
918 737 1065 814 ἐκείνων,
1093 739 1172 820 παρ’
1195 739 1302 805 αὐτῶν
1324 759 1382 822 pro

242 850 301 913 ὑπ’
323 848 448 926 αὐτῶν,
470 852 525 927 τῆς
548 851 612 926 ςῆς
634 847 827 927 θυγατρὸς
849 868 907 929 pro
921 851 978 926 τῆς
1000 850 1192 928 θυγατρὸς
1213 851 1279 926 τῆς
1301 851 1382 925 ςῆς,

242 960 318 1025 τοὺς
340 961 458 1023 παῖδας
478 977 538 1039 pro
559 957 636 1022 τοὺς
657 959 773 1021 παῖδας
800 955 879 1032 ἐγώ
887 1004 896 1038 ,
926 957 1037 1042 εὐνοίᾳ
1063 977 1121 1039 pro
1148 956 1275 1038 ἐννοίᾳ,
1303 955 1382 1020 ἑταί-

242 1090 310 1150 ρων
343 1087 400 1149 pro
433 1067 570 1146 ἑτέρων,
606 1067 788 1144 περιβολαῖς
821 1065 971 1132 ἑαυτῶν
1004 1066 1078 1146 ξίφη
1110 1087 1168 1148 pro
1200 1067 1382 1146 περιβολαί(
1402 1082 1433 1130 18

242 1180 331 1259 ξίφηε
365 1197 435 1258 cep.
452 1174 494 1239 84
514 1177 582 1255 τὴν
604 1180 671 1240 τῶν
695 1178 825 1256 βρεφῶν
847 1195 906 1259 pro
927 1179 993 1240 τῶν
1018 1179 1166 1258 βρεφῶν,
1195 1179 1382 1255 δραματικῆς

242 1309 300 1370 pro
326 1288 505 1366 δραςτικῆς,
534 1283 683 1366 Ἰλουίαν,
714 1283 844 1352 Ἰλουίας
877 1304 936 1366 pro
963 1283 1071 1362 Ἰλίαν,
1100 1285 1206 1361 Ἰλίας,
1233 1284 1382 1348 δέδωκε

241 1400 325 1462 τοῖς
348 1394 587 1476 φυλάττουςι
608 1394 676 1457 τὰς
698 1395 844 1458 ὠδίνας
865 1413 923 1475 pro
945 1395 1028 1457 τοῖς
1050 1393 1294 1474 φυλάττουςι
1316 1393 1383 1456 τὰς

243 1507 386 1571 ῶδῖνας
414 1503 580 1580 ἔδωκεν,
613 1501 632 1564 ὁ
660 1502 804 1581 Ἀμόλιος
837 1522 895 1583 pro
923 1503 1080 1581 Ἀμόλιοςε
1114 1501 1147 1566 Π
1174 1524 1202 1566 o.
1231 1500 1273 1564 32
1301 1502 1382 1580 πρὸς

242 1617 344 1695 ὀργὴν
366 1634 424 1696 pro
445 1614 491 1676 δι’
513 1613 626 1692 ὀργῆς,
650 1609 693 1675 εἰς
715 1611 734 1674 ὃ
757 1611 850 1675 τέλος
872 1631 930 1693 pro
952 1611 996 1676 εἰς
1017 1612 1125 1690 τέλος,
1153 1613 1240 1695 εἶχεν
1263 1617 1382 1698 ἀχθό-

242 1744 354 1803 μεναι
378 1728 417 1806 τῇ
443 1721 536 1785 κτίςει
558 1740 616 1802 pro
639 1718 705 1798 εἶχε
727 1725 764 1803 τῇ
787 1720 894 1798 κτίςει,
922 1741 991 1802 cap.
1008 1720 1050 1785 33
1072 1721 1131 1786 ἕνα
1159 1729 1242 1805 τρεῖς
1263 1747 1323 1808 pro
1344 1727 1381 1792 ἓν

242 1833 274 1897 αἱ
295 1835 386 1912 τρεῖς.
420 1828 513 1894 Vnde
535 1829 596 1893 hoc
612 1831 697 1892 certe
712 1827 921 1913 intellegite,
944 1829 1070 1894 saeculo
1092 1829 1122 1894 X
1138 1831 1269 1898 ineunte
1282 1834 1378 1898 fidem

243 1939 470 2024 exemplarium
484 1937 754 2021 Dionysianorum
769 1937 804 2001 in
819 1957 857 2002 ee
877 1937 1078 2022 potissimum
1100 1943 1285 2008 recensione
1308 1965 1381 2008 con-

244 2049 363 2115 stitisse
385 2069 481 2132 quam
510 2049 732 2130 repraesentat
754 2050 793 2111 B.
809 2085 851 2098 —-
871 2047 982 2132 Longe
1006 2051 1112 2112 autem
1134 2051 1276 2116 omnium
1297 2052 1383 2116 lucu-

243 2157 454 2224 lentissimum
475 2156 700 2220 documentum
714 2155 791 2220 licet
813 2177 829 2218 c
852 2155 1027 2242 Georgio
1049 2157 1240 2242 syncello
1262 2164 1380 2244 petere.

241 2267 373 2333 Etenim
394 2266 489 2330 Dion.
513 2265 544 2349 Ι,
569 2266 610 2329 72
632 2287 704 2330 cum
726 2285 765 2328 ex
787 2269 895 2328 AODP
918 2266 998 2330 heco
1025 2267 1213 2352 vulgentur:
1249 2271 1382 2335 Καλλίας

112 2409 114 2416 ¹
242 2379 277 2443 δὲ
292 2378 311 2442 ὁ
325 2378 384 2442 τὰς
398 2376 627 2452 Ἀγαθοκλέους
642 2375 771 2454 πράξεις
785 2375 990 2456 ἀναγράψας,
1012 2378 1136 2458 Ῥώμην
1154 2379 1226 2444 τινὰ
1244 2380 1383 2461 Τρῳάδα

242 2489 308 2553 τῶν
330 2486 579 2565 ἀφικνουμένων
601 2482 664 2564 ἅμα
691 2487 760 2550 τοῖς
781 2484 890 2549 ἄλλοις
913 2486 1035 2565 Τρωςὶν
1063 2486 1107 2551 είς
1129 2488 1260 2552 Ἰταλίαν
1283 2488 1381 2567 γήμα-

243 2601 310 2660 ςθαι
338 2594 463 2678 Λατίνῳ
490 2599 536 2678 τῷ
564 2596 682 2674 βαςιλεῑ
713 2599 779 2661 τῶν
808 2594 1013 2675 Ἀβοριγίνων
1047 2597 1096 2660 καὶ
1127 2601 1276 2675 γεννῆςαι
1310 2597 1382 2661 δύο

242 2707 385 2769 παῖδας
412 2704 558 2783 Ῥῶμον
586 2704 647 2766 καὶ
673 2704 884 2783 Ῥωμύλον·
920 2703 1097 2772 οίκίςαντας
1125 2707 1160 2772 δὲ
1187 2707 1282 2771 πόλιν
1316 2704 1382 2771 ἀπὸ

242 2817 298 2893 τῆς
319 2815 435 2894 μητρὸς
458 2812 537 2896 αὐτῇ
553 2813 658 2878 θέεθαι
679 2811 837 2892 τοῦνομα·
860 2811 930 2895 quis
952 2833 1069 2898 quaeso
1091 2813 1130 2877 de
1145 2816 1261 2879 lacuna
1282 2815 1382 2898 suspi-

244 2921 355 2986 cetur?
397 2920 441 2985 Et
467 2922 576 2985 tamen
603 2921 683 2984 haec
715 2943 782 2985 non
813 2925 941 2985 tentum
972 2923 1115 3006 graviter
1146 2923 1267 2987 efflicte
1294 2927 1380 3007 suut,

243 3031 417 3096 sedetiam
438 3029 575 3114 vestigia
602 3029 757 3112 pristinae
784 3030 981 3114 integritatis
1009 3032 1105 3096 solius
1128 3038 1157 3096 B
1181 3033 1382 3116 praestantis

244 3133 441 3204 conservata.
486 3138 540 3203 Sic
562 3139 648 3202 enim
670 3137 739 3203 hic:
762 3140 812 3203 καὶ
832 3144 982 3218 γεννῆςαι
1003 3146 1108 3220 τρεῖς
1130 3146 1270 3207 παῖδας
1292 3143 1381 3207 Ῥῶ-

243 3270 315 3329 μον
337 3251 396 3314 καί
417 3248 617 3327 Ῥωμύλον
644 3250 707 3314 καὶ
734 3269 816 3313 cum
843 3270 966 3314 vacuo
994 3250 1125 3333 spatio
1152 3251 1381 3316 οίκίςαντας

242 3361 285 3424 δὲ
307 3381 334 3421 e.
358 3379 389 3441 q.
413 3380 438 3420 s.
489 3355 619 3442 Ergone
651 3357 794 3421 diversae
824 3358 994 3422 memoriae
1027 3358 1297 3442 significationem
1329 3381 1380 3422 ex-

242 3467 399 3531 trinsecus
426 3465 590 3549 irrepsisse
616 3465 652 3530 in
680 3471 709 3529 B
735 3466 933 3549 putabimus,
967 3490 1009 3530 en
1042 3489 1112 3531 eam
1144 3467 1329 3532 memorium
1362 3491 1381 3532 a

243 3575 397 3658 Dionysio
418 3575 611 3658 profectam,
639 3575 749 3639 fallaci
772 3579 879 3639 eutem
905 3575 1075 3640 sedulitate
1097 3575 1195 3639 etium
1222 3576 1256 3639 in
1279 3583 1305 3639 Α
1327 3576 1381 3640 ob·

243 3684 443 3748 litteratam?
505 3683 658 3748 Deseruit
694 3683 833 3767 Syncelli
874 3685 1109 3768 apertissimum
1151 3685 1379 3766 testimonium,

243 3793 408 3856 translatis
423 3793 459 3858 iu
474 3791 771 3878 Chrouographiam
785 3814 875 3856 suem
890 3815 922 3876 p.
940 3794 999 3859 193
1011 3793 1059 3858 ed.
1075 3794 1149 3858 Par.
1162 3793 1223 3857 vol.
1240 3793 1256 3857 Ι
1270 3816 1302 3877 p.
1319 3794 1381 3858 363

244 4069 329 4123 Gaisf.
348 4070 491 4138 leguntur:
516 4073 560 4122 καὶ
583 4069 610 4122 τί
632 4072 686 4136 γὰρ
706 4069 825 4136 Ἐφόρου
842 4071 926 4134 ῐδιον,
949 4071 1019 4136 ἐφη,
1043 4072 1074 4123 ἐκ
1095 4075 1155 4124 τῶν
1172 4071 1318 4135 Δαίμάχοο
1336 4072 1381 4123 καί

245 4163 442 4216 Καλλιςθένους
465 4164 510 4214 καί
534 4163 726 4228 Ἀναξιμένους
749 4163 848 4216 αὐταῖς
875 4163 979 4216 λέξεςιν
1001 4164 1075 4216 ἐςτιν
1097 4165 1146 4216 ὅτε
1168 4163 1379 4230 τριςχιλίους

244 4255 345 4307 ὅλους
369 4253 565 4318 μετατιθέντος
587 4253 736 4320 ςτίχους;
766 4271 800 4308 ex
822 4253 862 4309 eie
890 4270 992 4308 novum
1019 4255 1175 4324 exemplum
1197 4255 1251 4308 illis
1273 4253 1381 4309 secedit

244 4361 316 4412 qnae
334 4361 419 4414 supra
435 4343 639 4416 composuimus
655 4363 682 4416 p.
702 4353 734 4400 79
752 4362 793 4413 sq.
812 4345 892 4401 huius
908 4344 1075 4415 voluminis]
