3254 5086
508 393 769 446 anouonoervn
790 396 1073 447 vrnuoaonnnsa.
1297 381 1357 448 561

220 550 327 610 autem
349 551 543 614 cum'aemet
564 549 626 633 ipsi
655 548 777 614 alienos
798 547 989 633 profitentur
1017 550 1058 613 ab
1080 551 1285 634 antiquarum
1306 571 1361 635 po·

219 657 378 722 tissimum
404 657 585 724 litterarum
613 659 742 744 studiis,
773 659 814 723 ab
842 679 880 725 ea
902 659 1029 744 quidem
1057 660 1254 745 professione
1276 661 1361 726 vide-

86 850 92 864 ,
218 767 286 832 rint
313 789 354 834 ne
382 770 500 834 rectius
529 769 570 834 ad
598 773 698 834 semet
726 769 900 854 culpandos
928 770 1173 855 proficiscantur
1200 771 1361 856 quemad

219 900 291 944 eum
312 901 433 946 morem
455 880 666 966 carpendum,
696 880 750 965 qui
777 884 914 946 nonest
936 880 1000 946 alio
1029 881 1162 947 consilio
1183 882 1360 967 institutus,

218 989 282 1054 nisi
304 1011 366 1075 quo
388 991 458 1076 ipsa
480 1012 532 1056 ars
548 989 744 1076 philologica
765 991 980 1056 necessarium
1002 991 1251 1058 instrumentum
1272 1013 1362 1077 prae-

218 1099 344 1165 dicatur
378 1101 572 1186 reliquarum
608 1101 849 1185 disciplinarum
887 1101 1043 1168 omniumr
1085 1123 1124 1167 ac
1160 1102 1363 1187 praedicatur

219 1210 392 1276 verissime.
430 1211 551 1277 Verum
572 1215 608 1276 ut
629 1212 799 1276 toleremus
822 1212 1053 1297 aliquantisper
1074 1213 1125 1276 vel
1148 1211 1362 1278 condonemus

219 1321 346 1386 illorum
367 1323 502 1405 fastum,
527 1321 601 1406 quid
623 1321 754 1386 tandem
777 1342 845 1387 esse
867 1322 1065 1406 putabimus,
1095 1322 1177 1407 quod
1199 1323 1234 1387 in
1255 1343 1362 1408 repro

218 1432 367 1496 batorum
388 1432 493 1497 locum
515 1432 706 1497 substituere
728 1432 783 1497 isti
805 1432 968 1498 delicatuli
991 1433 1132 1498 animum
1154 1433 1363 1498 induxerint?

219 1541 475 1627 quandoquidem
496 1563 569 1608 non
585 1545 691 1627 potest
713 1546 798 1608 certe
821 1543 901 1608 alius
924 1542 1113 1629 disciplinae
1141 1543 1236 1609 ullius
1261 1544 1363 1610 maior

218 1651 254 1716 in
275 1652 360 1718 hanc
382 1675 448 1717 rem
477 1673 551 1717 rrsus
581 1673 659 1718 esse.
705 1651 835 1718 Scilicet
862 1651 1029 1718 illecebras
1057 1653 1198 1718 locorum
1225 1675 1362 1719 commu·

219 1762 308 1826 nium
341 1765 511 1847 expetunt,
539 1765 595 1827 aut
623 1762 796 1828 luminibus
824 1762 1014 1847 quibusdam
1041 1763 1195 1828 orationis
1224 1763 1362 1828 illustra-

218 1873 339 1956 torum,
378 1875 433 1937 aut
466 1873 622 1958 pristinae
654 1871 870 1957 simplicitatis
908 1873 1052 1957 exemplo
1093 1873 1196 1938 tribus
1234 1876 1363 1939 tantum

220 1981 324 2047 verbis
356 1983 612 2067 perstricturum:
646 2005 685 2048 ex
713 2005 750 2048 eo
778 1983 980 2067 potissimum
1007 2005 1141 2069 genere,
1177 1984 1260 2069 quod
1289 2003 1361 2049 con·

218 2091 396 2157 formandis
424 2092 694 2177 emendandisque
726 2093 866 2160 moribus
900 2097 1011 2179 aptum
1043 2094 1101 2160 sit:
1139 2093 1268 2160 brevem
1294 2094 1362 2159 fere
1460 2159 1462 2162 .

128 2187 139 2204 ’
219 2201 395 2268 studiorum
425 2203 749 2286 commendationem,
780 2207 928 2269 strenuas
955 2204 995 2268 ad
1024 2204 1227 2290 diligentiam
1250 2203 1362 2270 adhor-

218 2313 375 2396 tationes,
409 2313 495 2378 vitae
528 2316 614 2378 recte
648 2312 864 2378 instituendae
899 2313 1043 2379 consilia.
1095 2311 1197 2390 Quam
1228 2315 1263 2378 in
1295 2335 1362 2380 rem

220 2423 377 2487 antestari
398 2421 434 2487 F.
452 2422 492 2487 A.
509 2421 619 2487 Wolfii
643 2423 822 2508 exemplum
843 2424 963 2489 solent:
987 2423 1074 2489 cuius
1096 2423 1159 2488 fuit
1181 2445 1258 2488 sanc
1281 2425 1362 2489 mira

219 2531 254 2598 in
275 2532 368 2598 istius
388 2533 475 2598 modi
497 2534 696 2618 argumentis
714 2533 891 2599 tractandis
914 2533 1055 2599 suavitas
1081 2538 1114 2599 et
1135 2535 1362 2619 propemodum

219 2643 392 2729 singularis
424 2643 597 2729 elegantia.
653 2643 770 2729 Atqui,
808 2644 869 2710 hoc
904 2648 941 2709 ut
973 2649 1138 2710 teneamus
1172 2643 1361 2730 exemplum,

220 2775 315 2837 quam
332 2753 387 2818 diu
404 2752 537 2819 coluisse
553 2753 705 2819 Wolfium
728 2755 818 2818 illam
840 2754 1009 2840 praefandi
1031 2753 1189 2819 rationem
1212 2754 1363 2820 creditis?

219 2861 379 2928 Nimirum
401 2864 472 2948 ipsa
494 2864 540 2928 rei
563 2863 731 2929 ieiunitate
752 2864 955 2950 locorumque
977 2864 1128 2929 similium
1151 2864 1255 2930 denuo
1276 2885 1362 2930 reco-

220 2973 416 3057 quendorum
437 2973 585 3039 molestia
606 2995 672 3039 non
693 2974 799 3059 potuit
821 2975 850 3039 ci
872 2995 939 3040 non
959 2977 1087 3040 tantum
1101 2973 1225 3041 fastidii
1248 2975 1361 3060 creari,

220 3081 297 3166 quin
318 3087 393 3168 post
415 3105 505 3149 suum
527 3083 606 3149 illud
627 3091 820 3166 mampsimus
850 3089 883 3151 et
905 3084 969 3150 alia
997 3084 1153 3170 quaedam
1175 3086 1295 3170 partim
1317 3085 1362 3150 fe-

220 3191 319 3276 stive,
348 3194 466 3277 partim
495 3193 653 3279 graviter,
682 3195 738 3260 sed
762 3197 877 3260 cuneta
905 3195 1104 3280 populariter
1130 3195 1294 3279 proposita
1322 3195 1362 3259 ad

220 3302 360 3368 severius
390 3304 627 3370 commentandi
655 3327 756 3391 genus
792 3327 860 3371 sese
893 3309 997 3370 totum
1025 3309 1239 3390 converteret,
1275 3305 1362 3370 cuius

221 3415 307 3477 certe
334 3435 508 3497 numquam
530 3414 679 3480 defutura
708 3416 848 3481 varietas
882 3419 980 3482 esset:
1015 3417 1055 3481 ad
1089 3415 1280 3480 illustranda
1312 3415 1362 3480 vel

220 3521 420 3588 emendanda
442 3522 603 3609 Platonis,
634 3525 811 3609 Ciceronis,
841 3525 946 3590 Taciti
975 3525 1076 3591 dicta:
1104 3547 1203 3610 caque
1232 3524 1267 3589 in
1289 3545 1362 3590 con-

220 3632 387 3699 suetudine
414 3635 581 3719 postmodo
608 3636 760 3720 perstitit.
816 3635 956 3720 Expedit
983 3635 1083 3720 ipsius
1105 3635 1203 3701 verba
1224 3634 1287 3700 huc
1309 3635 1362 3700 ad-

173 3827 177 3834 ,
218 3743 353 3809 sciscere
376 3765 393 3809 e
421 3767 453 3828 p.
476 3743 517 3810 93
546 3744 861 3812 Commentationum
893 3744 1108 3810 misecllarum
1136 3745 1362 3833 [‘Vermischte

220 3851 383 3919 Schriften
404 3853 469 3920 und
492 3853 672 3942 Aufsittze’]
696 3855 798 3920 invito
820 3859 949 3920 auctore
971 3854 1064 3920 Halis
1087 3877 1117 3921 a.
1140 3855 1363 3926 OIOIOGOCII
1380 3869 1419 3925 IV

219 3962 393 4048 editarum,
416 3963 471 4029 ubi
493 3971 647 4030 mittamus
674 3971 843 4046 aliquando
870 3965 975 4050 inquit
1002 3973 1195 4047 uulgaria,
1225 3987 1303 4048 quae
1330 3972 1362 4032 r'n

218 4075 266 4136 tis
293 4079 520 4153 profusionibus
547 4085 640 4140 aulea
668 4079 834 4140 solebamus
868 4080 987 4154 ludere,
1022 4089 1052 4140 et
1082 4082 1180 4142 locum
1212 4082 1362 4159 quendam

219 4189 419 4248 communium
450 4190 621 4250 litterarum
652 4195 824 4251 tractemus.
869 4183 913 4250 Et
950 4183 1059 4269 paullo
1092 4188 1181 4269 post:
1211 4194 1363 4268 pcrtincm

220 4299 320 4355 cutem
348 4297 392 4358 ad
416 4313 598 4360 communem
626 4301 810 4361 cruditorum
843 4316 883 4360 uc
909 4299 1080 4360 liberalium
1106 4300 1259 4361 hominum
1292 4301 1362 4363 doe·

218 4406 331 4467 trinam
363 4407 389 4466 ir·
417 4409 580 4484 sumptores
605 4411 752 4484 maxime,
788 4425 861 4484 quos
896 4411 1028 4470 Graecia
1060 4409 1144 4470 nobis
1179 4413 1209 4468 ct
1243 4409 1362 4471 lulium

270 4521 313 4556 sn.
332 4521 497 4557 nrrscnaarr
518 4522 664 4560 cruscuns
683 4527 701 4560 ι.
1161 4489 1202 4552 36
