3254 5086
261 317 325 380 528
635 333 683 380 uu
706 331 834 380 eonion
856 333 1033 379 vamuma

263 485 383 561 ὀλίγοις
411 487 478 548 τοῖς
506 483 616 562 ἄριςτα
644 487 820 566 πεφνκόςιν
849 486 955 564 ὅμοιοι
981 486 1032 548 καὶ
1057 485 1097 548 τὰ
1118 447 1255 565 πολέμια
1276 485 1404 563 ἀγαθοί·

263 585 356 658 κλέος
377 595 439 674 γὰρ
467 594 575 660 αὐτῶν
603 595 756 674 καὶπρὸς
783 596 863 674 ἡμᾶς
885 595 1019 673 ἐλήλυθε
1046 599 1100 673 τῆς
1123 593 1245 674 ἀρετῆς.
1289 593 1404 670 Quam-

263 725 358 786 quam
379 725 466 766 nuno
488 703 579 767 video
602 703 637 766 in
660 709 823 787 Aquoque
846 703 874 769 εἰ
895 703 955 768 οὖν
978 702 1054 787 legi.
1078 741 1120 752 -—
1142 703 1200 786 III,
1225 705 1244 768 3
1268 708 1347 768 extr.
1372 707 1404 768 et

262 813 283 876 4
305 811 377 878 init.
401 812 481 876 haee
509 811 662 877 exhibent
683 817 754 876 AB:
782 813 847 889 ἐγὼ
875 813 1034 893 πρότερος
1061 814 1167 892 ὑμῶν,
1196 814 1275 896 ἔφη,
1304 819 1402 880 τοῦτο

262 923 435 1002 πεποίηκα,
464 924 513 987 καὶ
535 924 632 1003 μηδὲν
655 923 829 1002 εὑρόμενος
852 922 899 988 ὼν
922 924 1072 989 ἐκέλευον
1099 924 1131 988 αἱ
1153 928 1316 1004 ςυνβῆκαι,
1344 926 1403 989 τόν

262 1032 437 1111 ἀναγκαῖόν
460 1055 493 1098 τε
515 1035 565 1098 καὶ
587 1032 709 1097 δίκαιον
733 1034 898 1112 Ἀλβανοῖς
926 1031 1114 1110 όναγγέλλω
1136 1033 1288 1114 πόλεμον.
1325 1035 1404 1113 μετὰ

261 1145 302 1208 δὲ
324 1144 381 1208 τὰς
402 1144 579 1223 προφάςεις
600 1143 716 1208 ταύτας
739 1142 1014 1221 παρεςκευόιῑοντο
1038 1143 1214 1224 ἀμφότεροι
1234 1145 1280 1208 τὰ
1302 1145 1403 1222 πρὸς

261 1253 328 1318 τὸν
351 1254 510 1332 πόλεμον,
540 1253 579 1318 οὐ
606 1253 708 1332 μόνον
735 1252 793 1317 τὰς
821 1252 936 1317 οἰκείας
964 1253 1277 1319 καθοπλίζοντες
1307 1255 1403 1320 δυνά-

260 1382 342 1442 μεις,
365 1363 448 1426 ἀλλὰ
470 1363 520 1426 καὶ
541 1363 599 1427 τὰς
620 1363 707 1441 παρὰ
728 1365 795 1427 τῶν
818 1361 972 1440 ὑπηκόων
1001 1363 1320 1441 ἐπικαλούμενοι.
1358 1363 1403 1427 ιὺς

261 1475 297 1537 δὲ
318 1473 423 1538 πάντα
444 1471 489 1549 ἦν
512 1472 622 1536 αὐτοῖς
643 1471 830 1552 εὐτρεπῆ,
854 1475 1007 1556 ςννῄεςαν
1030 1471 1133 1550 ὁμόςε.
1185 1471 1285 1535 Recte
1307 1475 1402 1556 atque

261 1581 371 1645 ordine
403 1580 547 1645 narratio
582 1579 741 1664 procedit,
779 1583 1002 1664 praeterquam
1034 1580 1117 1664 quod
1148 1583 1222 1664 post
1255 1586 1403 1660 ςυνθῆκαι

260 1692 397 1775 paucula
419 1691 575 1774 quaedam
591 1690 744 1754 excidisse
765 1693 872 1773 petet:
896 1693 990 1774 atque
1013 1711 1050 1754 eo
1071 1690 1142 1774 ipso
1163 1690 1198 1754 in
1220 1691 1289 1755 loeo
1311 1691 1402 1754 dimi-

261 1802 331 1866 dius
360 1822 469 1866 versus
496 1801 655 1884 scriptura
682 1802 777 1864 vacat
803 1800 839 1864 in
861 1805 899 1864 B.
944 1799 1042 1864 Velut
1069 1799 1147 1864 satis
1174 1801 1238 1863 fuit
1264 1801 1402 1865 scribta

261 1910 416 1995 Dionysio
438 1913 489 1977 καὶ
510 1913 606 1991 μηδὲν
622 1911 807 1992 εὑρόμενος,
831 1909 878 1976 ὧν
902 1911 1051 1976 ἐκέλευον
1074 1910 1106 1973 αὶ
1127 1915 1289 1990 ςυνθῆκαι,
1312 1932 1402 1987 ςυγ-

261 2021 520 2102 χωρούμενον
547 2022 639 2100 παρ’
671 2020 792 2099 ὑμῶν,
825 2020 883 2086 τὸν
916 2019 1091 2096 ἀναγκαῖον
1120 2041 1147 2083 e.
1177 2041 1206 2103 q.
1231 2041 1256 2084 s.
1291 2019 1402 2104 Longe

259 2131 382 2194 maiore
411 2151 510 2213 eaque
537 2151 579 2193 ne
606 2149 664 2213 per
692 2150 725 2192 se
757 2127 884 2212 quidem
915 2131 992 2212 apta
1020 2129 1232 2212 interpolator
1258 2129 1398 2213 molitus,

261 2239 355 2304 simul
377 2242 483 2303 autem
506 2261 581 2304 casu
603 2239 734 2302 deloco
756 2261 811 2302 suo
839 2241 961 2302 motum
987 2237 1166 2322 proximum
1188 2237 1400 2321 enuntiatum,

261 2349 458 2434 finitimoque
487 2370 592 2413 errore
620 2369 788 2432 perperam
815 2348 966 2417 iteratum
992 2347 1067 2412 huic
1096 2347 1273 2412 adhaerens
1301 2369 1401 2412 enun-

255 2437 376 2523 tiatum
398 2459 436 2523 ad
467 2458 712 2522 constructionis
742 2457 986 2522 continuitatem
1014 2457 1153 2541 aliquam
1181 2479 1303 2520 summa
1329 2457 1401 2521 libi-

244 2569 334 2633 ·dine
356 2567 616 2652 accommodans,
643 2567 701 2631 has
723 2567 834 2630 turbas
857 2565 957 2630 edidit
978 2589 1043 2630 uon
1065 2566 1192 2649 seriptis
1213 2569 1341 2630 tantum
1363 2565 1401 2629 li-

260 2679 325 2743 bris
342 2684 394 2742 CB
408 2700 481 2742 eum
494 2683 526 2760 P,
545 2677 598 2742 sed
612 2656 781 2760 'impressis
798 2676 953 2759 hodieque
969 2675 1121 2759 exemplis
1137 2674 1329 2740 insidentes:
1351 2675 1400 2741 ὢν

261 2790 410 2854 ἐκέλευον
438 2789 470 2852 αὶ
498 2792 662 2870 ςιινθῆκαι,
692 2787 904 2867 φαίνονται
937 2789 1029 2865 παρ’
1061 2786 1167 2866 ὑμῶν
1200 2786 1401 2866 πρότερον

210 2905 242 2954 14
261 2897 372 2962 αὑταὶ
394 2897 689 2976 λελυμέναικαὶ
711 2897 887 2976 μηδενὸς
910 2895 1032 2971 λόγου
1054 2897 1281 2974 ἠξιωμέναι·
1305 2895 1400 2960 ὅθεν

260 3008 303 3084 δὴ
325 3008 383 3072 τὸν
412 3005 585 3081 ἀναγκαῖόν
613 3027 647 3070 τε
675 3006 725 3070 καὶ
747 3005 868 3070 δίκαιον
897 3005 1063 3084 Ἀλβανοῖς
1091 3004 1281 3082 όναγγέλλω
1303 3005 1400 3070 πόλε-
1427 3031 1431 3036 ·

259 3137 338 3195 μον,
365 3116 406 3180 οὐ
427 3116 529 3194 μόνον
558 3116 614 3180 τὰς
637 3115 752 3181 οὶκείας
780 3115 1028 3179 καθοπλίζων
1056 3114 1218 3193 δυνάμεις,
1247 3115 1401 3179 ἀλλὰκαὶ

258 3226 314 3290 τὰς
336 3225 424 3305 παρὰ
445 3230 511 3289 τῶν
527 3225 679 3303 ὑπηκόων
702 3224 1027 3302 ἐπικαλούμενος.
1057 3225 1152 3289 ὡςδὲ
1174 3223 1279 3290 πάντα
1301 3223 1399 3302 ἠςαν

259 3335 382 3399 αὐτοῖς’
410 3334 502 3418 (μετὰ
531 3336 604 3413 γὰρ
626 3335 683 3398 τὰς
704 3333 881 3414 προφάςεις
909 3333 1025 3398 ταύτας
1046 3333 1320 3413 παρεςκευάζοντο
1343 3332 1400 3413 ἀμ-

259 3444 393 3524 φότεροι
414 3445 512 3524 πρὸς
533 3444 692 3522 πόλεμον,
722 3443 761 3507 οὐ
789 3442 891 3522 μόνον
918 3442 974 3506 τὰς
1000 3442 1116 3506 οἰκείας
1144 3443 1399 3522 εὑτρεπίζον·

259 3574 322 3618 τες
344 3555 507 3633 δυνάμεις,
532 3553 616 3617 ἀλλὰ
644 3552 693 3616 καὶ
714 3553 770 3617 τὰς
798 3554 886 3630 παρὰ
913 3555 979 3616 τῶν
1008 3551 1161 3630 ὑπηκόων
1188 3552 1400 3616 ἐπικαλού-

258 3667 398 3748 μενον)
422 3665 574 3746 ςυνῄεςαν
598 3661 701 3741 ὁμόςε.
720 3699 758 3708 -
773 3660 838 3743 ΠΙ,
863 3660 919 3724 36:
943 3662 1066 3727 διεξιὼν
1086 3660 1134 3726 ὅτι
1150 3663 1237 3742 παρὰ
1258 3664 1316 3740 τὴν
1332 3665 1399 3727 τῶν

258 3775 342 3838 θεῶν
365 3771 537 3851 ὀλιγωρίαν
560 3771 649 3836 νόςοι
670 3791 703 3836 ςε
726 3772 896 3850 λοιμικαὶ
919 3772 1036 3834 πολλαὶ
1055 3771 1253 3850 κατὲςκηψαν
1275 3769 1319 3835 εἰς
1340 3773 1399 3850 τήν

258 3882 371 3958 πόλιν,
399 3883 450 3945 καὶ
479 3885 542 3945 κτλι
603 3880 655 3944 Sic
677 3884 744 3944 AB.
774 3879 836 3945 Sed
862 3880 995 3957 λοιμικαὶ
1023 3900 1095 3942 curn
1121 3879 1204 3942 forte
1233 3881 1400 3962 acceptum

259 3993 342 4053 esset
375 4011 433 4072 pro
466 3991 571 4068 λοιμοὶ
599 3990 649 4054 καὶ
675 3988 726 4052 νεὶ
753 3991 856 4069 λιμοὶ
883 3991 962 4068 καὶ,
990 3987 1020 4051 id
1051 3988 1134 4072 quod
1162 3989 1196 4052 in
1226 3993 1254 4052 D
1282 3991 1398 4073 exstat,

258 4099 380 4162 factum
403 4101 451 4162 est
472 4103 509 4162 ut
530 4099 646 4164 πολλαὶ
662 4097 818 4162 adiectivo
837 4095 964 4180 aliquod
986 4119 1103 4161 nomen
1126 4097 1399 4182 agglutinaretur:

258 4206 334 4271 hine
348 4207 449 4292 igitur
472 4209 614 4288 βλάβαι
637 4210 685 4271 est
706 4208 741 4271 in
762 4208 909 4290 margine
925 4211 963 4289 D,
987 4209 1051 4272 καὶ
1073 4208 1203 4285 λοιμοὶ
1226 4207 1286 4271 καὶ
1309 4208 1399 4287 βλά-

258 4322 321 4396 βαι
342 4319 459 4381 πολλαὶ
479 4316 513 4380 in
538 4323 570 4399 P,
595 4319 725 4396 λοιμοὶ
747 4319 807 4381 καὶ
829 4318 946 4381 πολλαὶ
967 4317 1083 4395 μάχαι
1110 4315 1146 4379 in
1169 4315 1203 4379 C.
1249 4315 1398 4382 ceterum
