3218 5094
710 1101 895 1210 XXII.

581 1303 636 1396 lle
667 1301 740 1396 (lro
771 1307 808 1394 et
838 1299 1029 1419 oriones)
1073 1361 1079 1372 -

728 1527 879 1534 ω*-

766 1661 839 1738 §L

199 1782 213 1830 1
317 1768 495 1834 Historiam
517 1790 652 1854 graecae
674 1768 905 1854 grammaticae
921 1769 975 1852 qni
989 1767 1186 1852 perscribere
1208 1767 1375 1852 suscipiet,

232 1880 338 1944 locum
366 1880 444 1944 setis
474 1879 710 1963 philologorum
744 1878 857 1942 studiis
884 1878 1088 1962 derelictum,
1123 1878 1272 1962 qnoniam
1308 1900 1377 1942 non

233 1990 391 2052 minorem
406 2012 502 2074 quem
517 1989 579 2072 ipsi
595 1989 657 2052 arti
678 1988 909 2074 grammaticae
925 1989 1028 2052 lucem
1044 1989 1199 2053 allaturus
1222 1988 1376 2052 historiae

233 2100 414 2163 litterarum
442 2121 631 2184 graecarum
652 2099 795 2182 videtur,
832 2099 920 2162 cuins
948 2099 1004 2162 illa
1033 2120 1107 2183 pars
1135 2101 1184 2163 est
1211 2098 1377 2182 haudqua-

234 2230 331 2293 quam
352 2209 482 2294 reliquis
504 2209 619 2274 levior:
648 2209 769 2293 optimo
792 2209 860 2274 iure
882 2231 938 2274 suo
960 2209 1173 2273 desideratum
1196 2208 1274 2272 illud
1297 2231 1377 2292 opus

234 2368 436 2376 *w

303 2465 327 2531 *l
357 2463 414 2518 ‘De
438 2464 493 2518 Oro
517 2465 546 2518 et
569 2464 670 2518 Orione
694 2464 904 2518 commentatio:
936 2463 1076 2533 specimen
1102 2462 1235 2518 historiae
1263 2462 1377 2519 criticae
1427 2535 1430 2542 .

235 2557 482 2626 grammaticorum
506 2574 678 2626 graecorum.
716 2555 833 2626 Scripsit
855 2559 884 2612 et
906 2555 1027 2611 muneris
1045 2556 1207 2626 professorii
1225 2557 1377 2611 extraordi-

235 2650 307 2705 narii
324 2649 352 2704 in
364 2650 551 2706 Vniversitste
568 2651 726 2704 litterarum
738 2649 950 2704 Vrutisluviensi
963 2649 1085 2720 suscepti
1097 2667 1195 2704 caussa
1212 2650 1378 2720 amplissimi

236 2742 468 2813 Philosophorum
480 2743 591 2797 Ordinis
610 2743 776 2797 auctoritate
796 2742 839 2796 die
852 2741 904 2796 Vll
920 2762 956 2796 m.
970 2743 1051 2797 Febr.
1064 2761 1088 2798 a.
1104 2741 1379 2801 croloccexxxlv

236 2836 348 2891 horaX
370 2836 479 2905 publice
503 2836 633 2890 defendet
655 2835 685 2889 F.
704 2836 736 2889 ll.
760 2835 946 2890 Vratislaviae
968 2836 997 2889 in
1013 2836 1176 2906 bibliopolio
1199 2837 1231 2891 A,
1258 2835 1378 2891 Schulzii

236 2933 265 2984 et
283 2937 350 2984 sec’
376 2961 406 2968 -
430 2929 652 2998 [Recordandum
675 2931 718 2982 est
736 2933 830 2984 eutem
848 2930 980 2999 scriptam
998 2947 1059 2985 esse
1077 2931 1149 2985 hanc
1167 2930 1378 2985 commentatio·

236 3040 301 3077 nem
318 3039 351 3076 eo
373 3023 512 3091 tempore,
536 3039 590 3090 quo
613 3023 736 3090 uliquam
758 3023 908 3077 multorum
930 3023 1132 3092 praesidiorum
1156 3040 1305 3091 eorumque
1329 3025 1375 3078 sat

236 3114 362 3184 graiium
380 3115 538 3169 nullusduur
555 3133 620 3170 usus
639 3117 703 3170 luit:
721 3115 774 3170 hoc
792 3117 836 3170 est
853 3119 918 3170 ente
931 3115 1007 3171 edita
1019 3115 1142 3170 Crameri
1154 3116 1299 3170 Anecdota
1312 3095 1374 3170 erim

237 3207 461 3277 oxoniensium.
488 3213 664 3278 1835—1837)
692 3209 1166 3277 tumParisiensia(1839—1841),
1189 3208 1377 3264 Choerobosci

236 3302 265 3356 in
284 3301 433 3356 Theodosii
456 3301 582 3356 Canones
604 3302 710 3357 dictate
733 3307 832 3371 (1842),
855 3302 1077 3371 Etpmologieum
1099 3303 1233 3372 Megmrm
1255 3301 1377 3356 Gaissor·

238 3396 350 3450 dianurn
370 3399 465 3464 (1848).
507 3397 529 3450 E
553 3395 651 3463 quibus
676 3395 799 3450 ient-ibus
823 3394 875 3449 etsi
894 3395 1032 3463 quaedum
1055 3395 1120 3450 elim
1143 3395 1292 3466 disputatis
1311 3395 1379 3450 addi

239 3507 304 3544 sane
323 3491 486 3560 potuerunt,
510 3491 605 3543 tamen
629 3489 728 3544 eadem
751 3488 881 3556 quoniam
904 3489 940 3543 ad
963 3505 1056 3543 rerum
1079 3507 1216 3546 summam
1233 3488 1302 3542 nihil
1320 3489 1379 3543 fere

238 3582 303 3637 novi
320 3584 473 3650 conferunt,
491 3600 526 3636 ne
543 3583 572 3635 in
590 3583 725 3637 maiorem
743 3582 828 3636 etiam
845 3583 946 3637 molem
959 3585 1097 3638 cresceret
1113 3583 1222 3639 libellus
1242 3581 1309 3637 satis
1327 3601 1380 3650 per

238 3694 267 3730 se
285 3679 368 3731 tenue
386 3679 581 3745 argumentum
599 3677 736 3742 tractans,
759 3674 896 3730 noluimus
914 3693 987 3731 nunc
1004 3675 1142 3746 putidiore
1166 3695 1249 3744 quarn
1267 3676 1379 3730 utiliore

238 3770 384 3839 diligentia
395 3770 430 3831 ,in
449 3770 649 3840 supplementis
667 3770 773 3825 versari
789 3770 852 3839 plns
869 3769 956 3825 taedii
969 3788 1051 3838 quam
1065 3771 1172 3839 gratiae
1184 3769 1329 3825 habituris.
1347 3801 1379 3809 ω

239 3845 350 3918 Peridus
369 3883 386 3918 a
403 3864 483 3918 nobis
502 3863 706 3932 disputatorum
729 3864 929 3933 impugnarunt
950 3882 1037 3934 nuper
1054 3863 1189 3918 Henricus
1210 3865 1379 3918 Kleistius

239 3957 354 4026 vulgatu
372 3975 396 4011 a.
419 3963 484 4012 1805
502 3957 643 4026 Gryphiac
667 3957 716 4011 ‘de
735 3957 880 4012 Philoxeni
897 3957 1079 4012 Alexandrini
1097 3957 1195 4010 studiis
1214 3959 1380 4027 etymologi-

239 4050 288 4104 eis'
312 4049 507 4105 dissertatione
535 4053 737 4118 accuratneque
764 4050 805 4104 vir
831 4051 973 4105 doctrinae
997 4052 1137 4120 Augustus
1164 4044 1326 4104 Lentulus
1350 4051 1380 4105 iu

239 4143 411 4198 Fleckeiscni
433 4144 532 4197 hnnrd.
556 4143 651 4213 philol.
674 4145 694 4198 t.
715 4151 745 4198 91
772 4147 806 4212 (a.
829 4151 902 4212 1865)
925 4163 953 4214 p.
973 4151 1019 4198 571
1041 4162 1109 4210 squ,
1135 4161 1250 4211 quorum
1270 4143 1380 4198 dubita-

238 4237 329 4292 tiones
347 4239 460 4306 prueter
478 4239 571 4292 cetera
588 4237 745 4304 adipsum,
762 4255 833 4305 qrrne
851 4237 918 4291 mihi
935 4237 1107 4292 intercedere
1125 4236 1198 4292 inter
1217 4236 1263 4291 (lri
1283 4236 1380 4306 copies

239 4330 403 4395 (luctusque
425 4331 532 4386 lexicon
555 4330 614 4383 visu
641 4333 695 4396 est,
725 4331 862 4385 rutiouern
890 4333 1025 4400 spectent.
1067 4331 1157 4394 Quum
1187 4332 1280 4383 curtem
1311 4329 1378 4384 olim
