3272 5088
240 367 302 432 426
677 387 723 434 nr
746 386 945 435 rorruours

241 537 351 602 dorum
374 539 458 622 apud
480 538 654 602 Diodorum
676 539 766 622 XIII,
793 539 852 603 103
873 543 916 622 et,
940 561 1033 622 quem
1055 543 1186 622 propter
1207 538 1376 602 ratiocina-

240 647 362 712 tionem
383 649 543 732 quandam
564 670 670 713 meam
692 649 804 732 adicio,
829 648 1076 713 Eratosthenem
1092 648 1176 732 apud
1191 649 1378 733 scriptorem

241 757 326 821 vitae
348 756 510 842 Euripidis
526 780 564 822 ex
581 759 687 823 codice
704 758 918 823 Ambrosiano
932 758 1045 823 ‘editae
1068 759 1108 822 ab
1130 758 1283 823 Elmsleio
1305 760 1378 841 post

241 867 385 932 Bacchas
412 890 443 952 p.
471 869 540 951 174,
564 869 585 934 5
613 867 676 952 (ed.
701 869 817 955 Lips.):
851 868 905 953 qui
934 889 1005 933 cum
1027 868 1113 933 vitae
1135 890 1238 932 annos
1260 865 1378 931 LXXV

239 977 389 1043 tribuerit
414 977 576 1062 Euripidi,
611 1000 677 1042 non
704 978 810 1062 potuit
835 979 900 1042 ullo
926 977 1019 1042 modo
1049 969 1125 1042 ante
1152 977 1193 1042 ol.
1217 975 1378 1059 rolino

191 1097 222 1148 ιδ
240 1087 379 1152 eiusdem
394 1091 529 1152 mortem
545 1088 715 1152 collocare:
742 1088 883 1172 alioquin
899 1087 982 1152 enim
999 1088 1040 1151 ad
1055 1087 1245 1171 explendam
1259 1085 1379 1151 LXXV

240 1219 396 1262 annorum
424 1200 563 1262 aetatem
591 1219 677 1262 anno
704 1198 807 1262 natali
834 1219 912 1282 opus
941 1201 1010 1261 erat
1038 1197 1079 1261 ol.
1104 1197 1239 1262 LXXIV
1265 1199 1377 1282 quarto

240 1307 290 1372 vel
312 1307 419 1391 tertie,
442 1307 558 1390 dequo
580 1311 691 1372 tamen
712 1307 873 1372 neminem
895 1308 1011 1372 scimus
1034 1329 1184 1390 umquam
1208 1307 1376 1392 cogitasse,

239 1439 300 1482 nec
327 1438 401 1482 vero
429 1418 470 1481 ol.
502 1415 637 1500 LXXV,
664 1420 698 1500 l,
736 1417 775 1481 de
811 1438 872 1500 quo
908 1417 977 1501 ipso
1011 1418 1216 1482 consentiunt
1240 1416 1388 1482 Thomas.

240 1526 412 1611 Magister,
446 1527 578 1591 Manucl
609 1527 850 1611 Moschopulus,
884 1526 951 1590 vita
984 1526 1214 1609 Ambrosiam,
1253 1525 1376 1606 Suidas,

240 1636 402 1721 Diogenes
424 1636 569 1700 Laertius
590 1637 633 1720 H,
656 1637 699 1702 45
721 1641 754 1700 et
774 1635 965 1701 Plutarchus
992 1635 1137 1720 Sympos.
1160 1635 1247 1700 VIII
1262 1659 1294 1720 p.
1317 1637 1377 1700 717

242 1751 266 1810 C
291 1747 367 1830 (vol.
389 1746 440 1810 ΙΠ
461 1770 493 1831 p.
517 1747 578 1812 957
601 1747 786 1832 Wytteub.)
814 1747 860 1810 ita
883 1745 1076 1830 explicatus,
1105 1746 1153 1810 uti
1179 1746 1302 1810 factum
1330 1749 1379 1810 est

240 1856 449 1941 Wesselingii
477 1856 623 1920 acumine
654 1856 694 1920 ad
721 1856 816 1921 Diod.
846 1855 908 1921 Sic.
938 1857 959 1919 l.
985 1877 1012 1920 c.
1059 1855 1149 1920 Illius
1171 1859 1278 1922 autem
1300 1855 1378 1920 iudi·

241 1965 326 2030 catio
350 1949 594 2049 coutroversiae,
618 1970 768 2051 quaeest
789 1967 828 2030 de
850 1969 952 2032 morte
973 1965 1147 2049 Euripidis,
1170 1969 1239 2030 tota
1261 1965 1379 2049 pendet

241 2097 280 2138 ex
301 2076 413 2139 mortis
436 2075 622 2140 definitione
638 2074 862 2160 Sophoclis,
886 2079 922 2140 ut
944 2097 1037 2160 quem
1058 2074 1261 2158 superstitem
1281 2074 1379 2139 fuisse

241 2183 411 2249 viderimus
445 2185 601 2269 Euripidi.
653 2183 802 2269 Sophocli
831 2186 916 2250 enim
942 2185 1054 2250 mortis
1082 2205 1227 2248 caussam
1253 2188 1378 2268 tragoe-

241 2293 327 2359 diam
348 2293 456 2377 fuisse,
480 2299 608 2378 praeter
626 2295 810 2379 Diodorum,
834 2294 999 2359 Valerium
1021 2293 1206 2377 Maximum,
1230 2293 1379 2378 Satyrum

241 2402 505 2489 Peripateticum,
536 2407 697 2469 auctorem
719 2405 805 2470 ritae
833 2404 1021 2488 Sophocliae
1044 2407 1077 2468 et
1098 2403 1254 2467 Thomam
1275 2403 1378 2488 Magi-

241 2517 352 2598 strum,
376 2537 453 2599 qucs
476 2515 734 2579 commemoravit
757 2513 946 2596 Bceckhius,
977 2514 1075 2577 etiam
1097 2513 1221 2578 Plinius
1242 2517 1380 2578 testatur

241 2622 317 2688 Nat.
347 2624 422 2689 hist.
446 2623 509 2688 Vll
538 2647 565 2689 c.
588 2626 630 2690 53
660 2623 691 2710 [ξ
718 2623 807 2710 1801,
837 2628 870 2688 et
896 2624 923 2688 si
950 2623 1153 2708 Lessingium
1180 2645 1312 2708 sequare
1340 2623 1379 2688 de

242 2733 440 2818 Anthclogia
469 2755 586 2819 graeca
613 2757 645 2818 p.
669 2734 732 2798 283
753 2756 821 2818 sqq.
846 2734 921 2820 (Op.
945 2733 1007 2796 vol.
1031 2733 1077 2818 I),
1112 2731 1289 2797 Simonides
1312 2734 1378 2797 An-

242 2842 406 2927 thologiae
433 2842 537 2906 Palat.
562 2844 640 2926 VH,
664 2845 721 2926 20,
751 2841 899 2925 Sotades,
928 2843 1086 2907 Lucienus
1113 2842 1163 2906 vel
1191 2842 1378 2926 quicumque

125 2995 127 3000 ,
243 2956 354 3016 auctor
376 2955 425 3016 est
448 2955 651 3036 Μακροβίων,
676 2955 813 3037 itemque
835 2953 918 3016 Ister
941 2956 972 3016 et
987 2951 1152 3016 Neanthcs
1175 2952 1259 3036 apud
1281 2951 1378 3034 scrip-

241 3064 343 3126 torem
365 3061 450 3126 vitae
472 3061 648 3145 Sophoclis.
678 3064 746 3127 Ista
768 3066 875 3126 autern
896 3061 1063 3147 tragoedia
1085 3062 1151 3125 sive
1173 3062 1208 3125 in
1229 3083 1378 3126 scaenam

242 3175 291 3234 est
317 3171 472 3255 producta
493 3173 559 3237 sive
581 3172 717 3237 recitata
747 3176 890 3249 tantum,
925 3193 1005 3256 quae
1037 3171 1164 3255 quidem
1194 3170 1380 3255 diligentior

242 3280 366 3345 videtur
392 3282 535 3346 narratio
563 3303 631 3346 esse
654 3281 761 3366 Satyri
783 3286 816 3346 et
838 3280 971 3346 aliorum
999 3280 1212 3366 quorundam,
1248 3303 1379 3364 quorum

242 3392 373 3455 nomina
405 3393 491 3456 vitae
521 3391 710 3476 Sophocliae
738 3391 874 3474 scriptor
909 3390 1051 3454 reticuit:
1089 3411 1151 3454 non
1181 3393 1287 3474 potest
1314 3390 1378 3454 ulla

242 3501 366 3566 ratione
388 3501 484 3565 tertio
506 3523 592 3566 anno
615 3499 805 3586 olympiadis
829 3499 936 3567 XCIII
961 3499 1069 3564 tribui.
1115 3499 1200 3564 Nam
1223 3521 1294 3564 cum
1317 3499 1378 3566 Ga·
1493 3569 1496 3575 ,

242 3610 378 3675 melione
410 3633 534 3694 mense,
569 3633 630 3696 quo
661 3611 772 3675 Ranae
804 3610 911 3676 docuit
933 3609 1181 3692 Aristophanes,
1215 3610 1283 3674 vita
1315 3610 1379 3673 iam

244 3721 388 3786 cessisset
420 3721 607 3804 Sophocles,
641 3721 791 3806 quoniam
824 3722 862 3786 de
894 3719 1045 3802 Lenaeis,
1081 3719 1296 3784 Anthesteriis
1329 3719 1378 3782 vel

242 3831 370 3916 magnis
392 3831 556 3915 Dionysiis
583 3853 623 3896 ne
653 3831 788 3916 cogitari
815 3829 943 3914 quidem
969 3832 1090 3913 potest,
1120 3829 1188 3892 sola
1210 3831 1380 3913 supersunt

243 3941 361 4004 ruralia
384 3939 549 4024 Dionysia.
594 3939 682 4015 Quae
710 3941 769 4004 etsi
797 3961 925 4024 prorsus
953 3939 1032 4003 latet
1060 3939 1173 4022 quihus
1194 3938 1379 4004 Posideonis

243 4049 353 4114 diebus
376 4053 448 4114 acta
470 4049 552 4133 sint,
574 4053 681 4114 tamen
692 4102 701 4132 ,
725 4051 848 4114 etiamsi
872 4050 941 4134 ipso
963 4050 1081 4113 mensis
1102 4048 1197 4113 initio
1220 4049 1379 4113 celebrata

243 4160 324 4240 sint,
353 4159 579 4244 nihilomagis
603 4159 835 4244 Aristophanes
864 4161 968 4242 potuit
991 4158 1156 4243 Sophoclis
1177 4163 1313 4223 mortem
1333 4159 1380 4222 ita

244 4289 500 4349 commemorare,
535 4273 570 4332 ut
595 4269 674 4334 fecit
702 4271 735 4333 in
757 4269 875 4352 Itonia,
911 4291 991 4352 quae
1019 4268 1129 4332 fabula
1161 4269 1247 4332 illius
1279 4271 1379 4332 morte

243 4381 405 4464 tamquam
434 4377 643 4444 fundamento
675 4378 799 4447 nititur.
848 4379 972 4466 Quippe
1003 4399 1115 4466 parum
1149 4377 1299 4442 credibile
1331 4378 1380 4440 est
