3226 5096
494 376 541 424 na
564 378 658 425 amn.
681 377 784 425 anax.
808 379 853 425 nr
875 377 1090 427 arsissanro.
1302 362 1362 425 135

304 529 394 606 Quod
423 533 530 594 autem
558 531 782 595 necessitatem
804 531 985 595 reiciendas
1012 531 1162 616 vulgatae
1185 533 1362 616 scripturae

221 664 289 706 csse
311 642 563 706 demonstratam
584 642 717 726 negavi,
748 641 778 705 id
804 641 946 725 pertinet
967 642 1008 705 ad
1037 642 1261 727 gravissimum
1283 665 1362 708 sane

221 753 342 834 locum,
370 774 463 836 quem
491 752 557 816 iam
583 751 815 838 expediendum
842 752 937 817 nobis
966 775 1034 816 esse
1061 753 1226 818 scutimus.
1276 753 1362 819 Nam

221 862 305 946 quod
331 861 459 947 quidem
481 861 661 946 Heliodori,
692 863 719 927 si
745 862 941 946 propositam
963 885 983 926 a
1004 862 1097 927 uobis
1125 863 1361 948 interpretatio

221 994 296 1038 nem
323 993 471 1056 sequare,
505 975 719 1036 commentum
747 997 766 1037 a
794 973 912 1037 Taetaa
946 972 1053 1036 dedita
1081 994 1178 1056 opera
1211 974 1361 1058 redargui

220 1083 325 1166 vides,
348 1083 382 1146 id
403 1083 507 1167 ipsmn
530 1083 571 1146 ab
593 1082 702 1147 eodem
718 1083 834 1147 Tzetza
855 1086 1018 1168 tamquam
1034 1105 1124 1146 suam
1146 1083 1185 1147 de
1200 1083 1362 1148 Pisistrati

221 1194 305 1258 curis
333 1193 511 1258 Homericis
539 1193 734 1258 sententiam
761 1193 838 1258 alibi
870 1193 1005 1278 proferri
1036 1216 1107 1258 cum
1135 1192 1361 1278 Bernhardyas

220 1304 330 1368 docuit
365 1307 433 1368 tum
466 1303 615 1368 bebrsius
648 1306 716 1368 tum
750 1303 928 1369 Cramerus.
988 1304 1153 1389 Fugerunt
1188 1326 1246 1368 nos
1284 1326 1362 1369 sanc

220 1415 356 1480 Tzetzae
379 1414 476 1479 verba
498 1414 531 1478 in
554 1413 693 1499 Exegesi
715 1413 807 1478 Iliad.
831 1436 863 1497 p.
879 1413 922 1479 45
943 1413 1053 1478 Herm.
1072 1413 1117 1498 (p.
1136 1415 1197 1480 773
1219 1436 1361 1498 nuperae

221 1525 370 1589 editionis
398 1523 698 1610 Bachmaunianae)
726 1527 758 1587 et
789 1524 854 1588 suis
886 1524 921 1587 in
953 1527 1054 1588 semet
1081 1524 1209 1588 scholiis
1238 1547 1270 1608 p.
1302 1525 1362 1590 125

221 1635 313 1722 (825)
335 1635 450 1719 posita.
495 1634 582 1699 Hinc
610 1638 717 1698 autem
744 1635 911 1715 πρόβλημα
940 1633 1032 1698 nobis
1055 1634 1188 1698 excitari
1217 1634 1362 1699 amiciter

218 1766 350 1810 monere
378 1744 541 1810 Lehrsius:
575 1766 702 1809 omnem
735 1744 1014 1808 ratiocinationem
1042 1748 1185 1808 nostram
1216 1743 1362 1810 funditus

221 1855 321 1920 everti
345 1855 555 1920 confidentius
577 1854 803 1940 Bernhardyus
826 1875 1018 1918 asseverare.
1062 1853 1148 1919 Huic
1170 1859 1362 1941 argumento

220 1970 257 2030 ut
293 1965 514 2050 responderet,
557 1965 620 2030 fuit
662 1965 716 2049 qui
752 1965 903 2028 Tactzam
939 1965 1033 2029 initio
1069 1965 1182 2030 scholii
1219 1965 1362 2030 Plautini

221 2079 501 2142 commemoratum
524 2098 590 2141 non
613 2097 681 2140 esse
703 2075 874 2159 loannem,
897 2075 953 2140 sed
975 2076 1122 2140 isaacum
1143 2076 1277 2142 fratrem
1299 2077 1362 2140 sibi

219 2187 437 2272 persuaderet.
496 2186 585 2262 Quod
626 2207 739 2270 parum
781 2188 830 2249 est
866 2185 1065 2250 considerate
1102 2186 1233 2251 dictum.
1294 2186 1363 2251 Nee

220 2297 340 2381 poterit
372 2297 419 2362 illi
447 2297 589 2380 opinioni
622 2293 816 2380 praesidium
848 2296 922 2360 inde
955 2296 1038 2380 peti,
1072 2295 1155 2380 quod
1187 2296 1226 2360 de
1258 2297 1362 2380 poesis

220 2407 393 2493 generibus
425 2407 543 2472 similia
576 2428 653 2470 sane
686 2406 815 2472 scholiis
845 2406 1003 2472 Plautinis
1036 2428 1132 2490 supra
1161 2407 1295 2470 vidimus
1328 2407 1362 2470 in

221 2518 457 2603 prolegomenis
484 2517 721 2602 Lycophroneia
749 2521 884 2581 exstare.
936 2516 1021 2592 Quos
1048 2515 1175 2600 quidem
1202 2516 1237 2579 in
1263 2515 1362 2600 Lyco-

221 2628 379 2713 pbronem
408 2627 652 2692 commentarios
679 2628 807 2690 tametsi
835 2626 1044 2711 probabiliter
1066 2625 1236 2689 Muellerus
1259 2627 1360 2709 praes.

221 2761 254 2822 p.
283 2737 408 2803 XXXII
437 2759 504 2822 sqq.
539 2737 769 2802 demonstravit
795 2737 932 2822 quodam
962 2737 1055 2802 modo
1083 2757 1265 2800 communes
1295 2757 1363 2800 esse

221 2848 385 2933 utriusque
412 2848 564 2932 Tectam,
599 2848 669 2931 ipsa
696 2851 807 2912 tamen
833 2847 890 2911 illa
916 2848 1144 2932 prolegomena
1172 2846 1266 2910 unius
1294 2867 1362 2910 esse

221 2959 326 3023 lsaaci
363 2959 493 3042 propria
525 2958 631 3024 verbis
667 2979 763 3040 supra
796 2958 831 3042 (ξ
864 2959 885 3022 3
918 2959 1042 3042 adnot.)
1079 2957 1186 3021 allatis
1222 2956 1361 3021 Ioannes

220 3071 360 3133 testatur
381 3067 513 3134 Hesiodi
538 3069 708 3152 interpres.
753 3067 799 3132 Vt
821 3071 927 3132 autem
954 3072 1079 3132 taceam
1102 3067 1230 3132 easdem
1257 3068 1362 3152 poesis

221 3178 425 3244 definitiones
453 3178 555 3244 ineis
582 3178 697 3243 iambis
719 3181 861 3260 exstare,
891 3179 944 3262 qui
967 3199 1033 3242 non
1061 3181 1137 3242 sumt
1158 3177 1277 3261 isaaci,
1308 3178 1362 3243 sed

221 3289 370 3355 loannis:
397 3288 527 3353 omnino
549 3288 713 3372 aliquanto
735 3289 807 3373 plus
828 3289 865 3352 in
886 3288 946 3353 boc
968 3309 1085 3373 genere
1107 3287 1362 3352 testimoniorum

222 3401 297 3465 fidei
319 3399 523 3464 tribuendum
545 3401 624 3464 erat.
669 3398 780 3463 Videri
802 3401 936 3482 possunt
950 3398 1053 3462 Isaaci
1075 3401 1184 3482 partes
1206 3398 1362 3482 quaedam
1382 3417 1413 3465 15

223 3512 322 3574 etiam
342 3511 377 3574 in
400 3509 640 3594 interpretando
662 3509 802 3573 Pindaro
824 3509 938 3573 fuisse:
961 3507 1061 3592 quode
1082 3508 1153 3572 vide
1174 3508 1362 3572 Muellerum

223 3621 326 3706 praef.
356 3643 388 3704 p.
412 3619 578 3684 XXXVII.
609 3618 749 3684 XXXIX
776 3623 810 3683 et
836 3616 1033 3684 Boeekbium
1067 3619 1168 3702 praef.
1199 3617 1298 3682 schol.
1328 3641 1360 3702 p.

223 3731 367 3798 XXVIII
389 3731 596 3794 disserentes:
626 3731 679 3813 (ac
705 3729 892 3813 prodierunt
915 3732 999 3792 certe
1025 3728 1064 3792 de
1086 3728 1195 3792 metris
1217 3727 1362 3792 Pindari-

225 3843 270 3908 cis
284 3842 388 3907 Isaaci
408 3841 506 3906 iambi
527 3841 561 3905 in
577 3840 706 3924 nuperis
724 3839 865 3905 (humeri
882 3838 1004 3903 Anecd.
1022 3839 1096 3903 Par.
1118 3839 1134 3902 I
1149 3861 1181 3922 p.
1198 3829 1328 3922 59'aqq.
1339 3839 1362 3924 ε)

223 3954 259 4018 in
290 3951 542 4036 Aristophanem
577 3949 725 4035 quicquid
757 3933 1000 4014 Tzetaianorum
1032 3948 1363 4014 commentariolorum

225 4063 364 4146 exstitit,
398 4061 439 4126 ad
467 4083 565 4125 unum
597 4059 751 4125 Ioannem
779 4060 916 4124 refertur
946 4059 1214 4124 constantissime.
1266 4057 1362 4123 Cuius

224 4174 272 4240 rei
293 4175 484 4238 documenta
507 4174 660 4256 congesta
683 4169 821 4253 reperies
847 4171 888 4234 ab
911 4169 977 4236 oa.
1002 4168 1196 4234 Schneidero
1218 4168 1257 4232 de
1279 4169 1361 4232 font.

226 4283 325 4349 schol.
350 4283 451 4348 Arist.
475 4305 505 4366 p.
526 4282 585 4346 123
607 4303 675 4365 sqq.
701 4281 759 4346 127
782 4287 814 4345 et
834 4279 1000 4344 Dindorfio
1022 4279 1123 4364 praef.
1146 4279 1245 4344 schol.
1267 4302 1299 4363 p.
1324 4279 1363 4344 12

226 4416 295 4478 sqq.
320 4393 368 4457 ed.
393 4393 452 4458 Ox.
477 4392 526 4478 (ut
549 4413 632 4456 vana
654 4390 697 4454 sit
711 4389 912 4473 Bernhardyi
932 4413 963 4472 p.
979 4390 1041 4454 823
1056 4388 1238 4476 dubitatio).
1277 4389 1364 4454 indi·
