3184 5100
589 373 750 422 scaenae
773 375 947 422 carucae.
1276 359 1338 423 703

200 526 392 589 editionibus
416 525 638 613 scribebaturl.
670 526 814 590 Permira
837 526 985 590 videlicet
1007 533 1056 589 est
1078 527 1227 610 loquendi
1249 527 1338 591 sedu-

199 637 274 700 litas
297 636 432 700 inillis:
470 636 566 702 οὗτος
593 638 655 717 γὰρ
682 637 761 702 καίει
787 639 846 716 τὴν
870 638 1036 716 Ἀργολίδα
1058 637 1212 717 ἐεβαλών.
1257 636 1337 712 Quid
1394 601 1408 644 ⁶

200 750 249 809 est
271 746 367 830 enim,
391 746 474 829 quod
496 746 699 829 proficiamus
722 746 891 810 interiecta
913 745 974 810 hac
997 747 1242 810 enuntiatione?
1263 770 1338 812 nam

199 859 232 919 et
254 855 396 921 Charilai
420 857 648 940 cogitationem
669 860 777 920 mente
800 857 865 919 iam
888 839 1102 939 concepimu's,
1126 860 1162 919 ut
1183 857 1338 921 redundet

200 965 296 1031 οὖτα(
323 988 510 1049 pronomen,
540 969 572 1028 et
594 966 810 1031 incursionem
832 988 900 1030 esse
926 966 1048 1030 factam
1070 967 1267 1030 declaratum
1289 974 1372 1032 esta

199 1079 340 1160 ἐδῄωεεν
362 1097 454 1140 voce:
488 1077 610 1140 factam
632 1080 739 1139 autem
760 1076 795 1140 in
818 1076 1012 1161 Argivorum
1032 1080 1153 1140 terram
1175 1099 1258 1156 esse,
1287 1101 1337 1143 ex-

199 1187 352 1270 plicatum
374 1187 452 1250 item
475 1189 524 1250 est
545 1186 647 1249 tribus
670 1187 832 1250 vocabulis
854 1190 912 1266 τὴν
933 1192 994 1266 γῆν
1010 1219 1052 1260 0-
1067 1189 1229 1266 Ἀργείοι(.
1273 1188 1337 1252 Sci-

199 1296 274 1360 licet
300 1297 449 1360 incendio
476 1296 625 1360 discimus
653 1300 814 1360 vastatam
840 1318 908 1360 esse
936 1297 1140 1381 Argolidem3
1168 1301 1250 1381 quod
1279 1300 1338 1363 etsi

200 1428 312 1489 parum
335 1408 454 1472 attinet
477 1428 722 1470 commemorare
745 1407 892 1489 omnino,
923 1407 997 1492 quia
1024 1411 1189 1492 tamquam
1216 1409 1337 1492 species

199 1517 347 1580 vastandi
375 1517 531 1601 quaedam
559 1539 620 1581 nec
646 1517 819 1580 secluditur
846 1519 986 1602 ἐδῄωεεν
1013 1518 1110 1582 verbo
1135 1541 1238 1602 neque
1259 1542 1337 1602 pon-

198 1626 283 1690 deris
306 1628 474 1712 quicquam
498 1627 601 1708 affert,
625 1631 735 1691 tamen
757 1626 912 1712 siquidem
927 1628 1029 1691 voluit
1051 1628 1188 1712 scriptor
1210 1628 1335 1712 addere,

198 1719 468 1821 quanto'poterat
491 1737 679 1802 concinnius
702 1737 787 1821 loqui
809 1738 843 1800 in
866 1738 951 1802 hunc
973 1738 1116 1803 modum:
1139 1740 1196 1818 τήν
1220 1761 1254 1805 τε
1276 1745 1336 1819 γῆν

198 1849 297 1914 καίων
325 1851 466 1934 ἐδῄωεεν
489 1849 640 1929 Ἀργεῖοι(
662 1849 727 1910 —t
763 1849 848 1912 hanc
876 1848 963 1911 enim
984 1845 1048 1912 vim
1070 1849 1169 1914 καίειν
1192 1851 1336 1914 vocabuli

199 1959 352 2042 exemplis
376 1959 577 2024 confirmavit
600 1957 742 2022 Sturzius
765 1958 873 2021 Lexici
896 1957 1042 2041 Xenoph.
1067 1960 1129 2023 vol.
1153 1959 1185 2022 Π
1207 1982 1239 2043 p.
1264 1961 1335 2023 624.

198 2069 377 2134 Nemeum
405 2070 550 2153 ineptum
578 2069 620 2132 sit
648 2071 743 2152 atque
770 2068 931 2151 putidum,
960 2069 1089 2153 integra
1117 2069 1337 2134 enuntiatione

199 2179 303 2243 efferri
325 2180 419 2244 unius
442 2180 656 2244 accessionem
678 2179 834 2262 notionis,
859 2201 939 2262 quae
961 2176 1093 2262 perinde
1115 2179 1189 2243 addi
1211 2185 1338 2262 poterat

199 2292 294 2372 atque
327 2289 448 2372 omitti,
489 2293 557 2352 tum
590 2289 740 2353 abhorret
768 2312 788 2352 a
811 2289 1046 2353 commentandi
1074 2311 1192 2374 genere
1220 2290 1338 2354 Pausa-

199 2399 288 2480 niae,
319 2399 558 2484 angustioribus
581 2399 697 2463 finibus
719 2400 923 2463 veterrimam
946 2400 1269 2464 Lacedaemoniorum
1291 2401 1337 2464 hi-

199 2509 331 2572 storiam
370 2509 621 2592 complectentia.
673 2508 723 2572 Ex
755 2509 865 2572 eadem
896 2513 988 2594 parte
1024 2507 1182 2574 Siebelisii
1212 2510 1338 2575 laborat

199 2620 368 2703 scriptura,
391 2620 519 2702 prodita
535 2641 572 2682 ea
594 2641 669 2683 msa.
687 2619 929 2684 Vindobonensi
944 2619 1199 2704 Mosquensique,
1223 2621 1336 2686 haece:

199 2730 295 2796 οὗτος
317 2733 379 2810 γὰρ
401 2733 451 2795 καὶ
473 2733 507 2794 ἐ(
534 2732 592 2809 τὴν
616 2731 783 2809 Ἀργολίδα
811 2731 955 2811 ἐεβαλών
976 2768 1035 2812 -,
1067 2751 1148 2814 quae
1177 2731 1278 2794 credit
1300 2753 1337 2795 eo

199 2846 360 2924 spectare,
390 2841 473 2924 quod
495 2839 580 2903 idem
609 2839 664 2902 alii
692 2861 783 2924 reges
805 2840 920 2904 fecisse
941 2840 1125 2923 tradantur,
1155 2841 1253 2904 veluti
1281 2839 1337 2904 Ni-

199 2952 317 3016 eander
324 3002 333 3034 ,
366 2950 561 3016 Cleomenes
607 2949 692 3014 Nam
716 2955 750 3014 ut
772 2951 1027 3034 praetermittam
1055 2951 1150 3033 illud,
1180 2950 1335 3015 Nicandri

198 3061 321 3126 nullam
336 3062 410 3125 dum
426 3083 494 3125 esse
509 3059 704 3124 mentionem
719 3061 858 3142 factam,
882 3061 958 3144 quid
979 3061 1110 3124 tandem
1132 3083 1211 3144 opus
1233 3066 1281 3126 est
1303 3062 1336 3125 in

199 3170 259 3234 hac
288 3172 441 3236 narrandi
468 3171 626 3236 brevitate
653 3172 815 3236 inculcare
843 3172 962 3256 denuo,
991 3171 1075 3235 idem
1102 3171 1218 3235 fecisse
1246 3173 1346 3254 alioS,

198 3281 281 3363 quod
306 3282 421 3346 fecisse
451 3303 504 3346 eos
537 3303 575 3345 ex
609 3283 679 3364 ipsa
708 3303 813 3346 rerum
846 3282 1062 3365 expositarum
1096 3283 1336 3346 continuatione

199 3393 372 3474 apparuit?
396 3391 567 3456 Praeterea
589 3391 697 3456 taedet
718 3393 834 3456 mirum
856 3392 962 3456 hercle
984 3395 1150 3476 pec-catum
1172 3392 1337 3475 exagitare

199 3501 339 3588 eiusdem
367 3503 541 3585 Siebelisii,
571 3503 646 3584 viri,
677 3507 713 3566 ut
740 3503 786 3566 ait
808 3502 1014 3566 Hermaunus
1042 3503 1077 3565 in
1100 3523 1234 3566 censura
1256 3501 1336 3565 The-

199 3612 284 3675 sauri
307 3612 518 3696 Stephaniaui
541 3635 572 3696 p.
597 3612 674 3676 XVI
698 3610 826 3698 [Opusc.
851 3613 882 3676 Π
905 3636 936 3696 p.
953 3610 1040 3698 239],
1064 3633 1180 3696 graece
1201 3635 1267 3676 non
1290 3611 1336 3675 in-

199 3927 249 3983 bus
268 3930 375 3998 aliquot
387 3927 525 4000 capitibus
544 3926 690 3998 insigniter
703 3931 799 3984 auctos
818 3927 900 3984 edere
918 3925 1090 3999 propediem,
1110 3927 1210 3996 quibus
1227 3930 1336 3984 remam

199 4039 366 4091 consequar,
391 4023 414 4076 si
431 4023 515 4078 modo
534 4023 639 4092 possim
657 4022 801 4089 consequi,
825 4023 936 4076 litteras
953 4023 982 4076 in
999 4022 1096 4076 inclita
1113 4022 1264 4076 Academia
1280 4023 1337 4076 rri-

199 4114 302 4170 dericia
325 4115 435 4186 publice
458 4117 597 4171 docendi.’
639 4115 777 4194 [Ceterum
800 4115 834 4168 de
857 4115 900 4168 bis
923 4116 1097 4192 potissimum
1120 4116 1196 4169 velut
1218 4115 1337 4170 tirocinii

199 4207 363 4262 rudimentis
381 4210 425 4262 vix
445 4212 488 4264 est
506 4209 579 4277 quod
599 4227 727 4263 moneam
745 4209 834 4262 mrdta
851 4226 895 4262 me
914 4208 1004 4274 hodie,
1024 4207 1047 4261 si
1064 4226 1108 4262 res
1126 4208 1237 4277 integra
1254 4211 1337 4274 esset,

199 4302 282 4370 longe
301 4301 383 4356 aliter
399 4303 590 4357 instituturum
609 4321 682 4370 esse,
708 4303 801 4358 onmia
819 4305 913 4358 autern
931 4301 1073 4369 aliquanto
1091 4302 1210 4356 brevius.
1247 4301 1300 4356 Sed
1320 4303 1336 4355 a

103 4445 108 4456 .
198 4397 336 4463 γέγραφα,
353 4398 501 4466 γέγραφα]
