3254 5092
248 330 311 395 230
604 345 761 393 scarane
784 345 1044 394 raonueonsus

334 499 448 583 Atqui,
479 505 513 564 ut
535 499 662 564 redeam
684 498 767 564 unde
795 498 957 582 profectus
985 519 1071 580 sum,
1100 497 1331 564 Callimachum
1353 497 1387 563 in

249 609 354 673 indice
378 610 573 675 conficiendo
600 611 703 693 prima
733 609 826 673 unius
849 609 999 693 cuiusque
1025 609 1100 672 libri
1121 608 1219 674 verba
1246 609 1388 692 posuisse

249 721 387 782 testatur
409 719 595 785 Athenaeus
610 719 667 802 Vl,
685 719 749 784 244
765 725 790 782 Α
811 723 843 783 et
858 718 949 801 XllI,
971 719 1035 784 585
1048 724 1079 782 C.
1117 718 1207 793 Quod
1231 741 1302 783 curn
1322 742 1389 785 non

250 829 293 892 sit
320 851 375 893 cur
403 829 441 892 de
470 831 618 894 universo
645 851 740 913 opere
767 830 872 912 potius
900 850 996 912 quarn
1023 828 1063 892 de
1091 829 1243 914 singulis,
1275 830 1389 914 quibus

250 939 455 1004 distributum
471 945 555 1022 erat,
579 940 669 1004 libris
686 940 895 1022 accipiamus,
919 939 1057 1003 maxime
1072 939 1099 1002 si
1122 939 1251 1004 fabulae
1267 919 1389 1024 quoque

250 1050 343 1114 unius
377 1054 489 1132 poetae
522 1050 583 1113 hac
615 1050 740 1114 ratione
770 1050 909 1132 scriptae
943 1051 1051 1132 erant,
1085 1052 1253 1133 praeterea
1283 1053 1390 1114 autem

251 1160 420 1223 voluminis
441 1161 570 1225 initium
592 1159 799 1224 indicandum
825 1159 938 1241 fuerit,
969 1160 1201 1224 consectarium
1223 1162 1287 1243 est,
1317 1161 1389 1224 sim-

184 1285 234 1333 aco
251 1269 382 1352 pliciurn
405 1273 436 1332 et
458 1270 629 1334 mixtorum
651 1269 846 1334 voluminum
876 1269 1115 1333 distinctionem
1144 1269 1179 1332 in
1202 1268 1390 1336 Callimachi

251 1377 383 1442 Tabulis
398 1383 431 1442 et
452 1380 521 1444 fieri
543 1379 703 1462 debuisse,
729 1383 761 1442 et
780 1379 913 1442 alicuius
934 1379 1088 1443 momenti
1110 1379 1224 1462 fuisse,
1247 1401 1389 1463 praesar-

251 1488 311 1550 tim
326 1510 397 1552 cum
419 1490 465 1553 ita
487 1493 614 1553 tantum
635 1489 775 1574 intelligi
796 1492 919 1572 posset,
944 1487 1018 1572 quid
1036 1489 1121 1552 inter
1142 1488 1290 1552 binorum
1304 1491 1390 1554 volu-

252 1598 374 1662 minum
403 1601 571 1663 materiam
598 1599 649 1662 vel
675 1599 893 1663 similitudinis
920 1599 970 1661 vel
998 1597 1267 1664 dissimilitudinis
1293 1600 1391 1664 inter·

253 1713 345 1774 esset.
380 1709 450 1784 Qua
464 1709 499 1774 in
514 1732 548 1773 re
564 1711 721 1773 incertum
736 1710 927 1793 relinquitur
941 1707 1037 1790 illud,
1054 1709 1081 1772 si
1096 1709 1223 1792 quando
1238 1710 1392 1774 librorum

253 1819 401 1883 divisioni
431 1841 502 1883 cum
530 1819 654 1882 librarii
683 1820 842 1902 scriptura
869 1818 1071 1900 convenerit,
1100 1839 1177 1882 num
1205 1819 1291 1882 inter
1319 1820 1391 1884 sim-

253 1929 350 2010 plicia
366 1928 398 1991 id
413 1930 561 1992 volumen
576 1929 712 1992 relatum
727 1931 784 2012 sit,
807 1951 849 1992 an
864 1929 1036 1992 mixtorum
1051 1949 1184 1992 numero
1205 1930 1389 2012 ascriptum.

254 2037 377 2101 Pendet
399 2039 484 2102 enim
506 2038 580 2102 inde
601 2038 769 2120 iudicium,
794 2059 871 2102 num
893 2037 949 2102 uni
965 2037 1076 2122 cuique
1092 2038 1246 2102 volumini
1268 2043 1390 2122 notam,

254 2169 317 2230 qua
343 2152 399 2211 ant
426 2149 560 2231 simplex
588 2152 643 2212 aut
670 2149 804 2212 mixtum
832 2169 899 2211 esse
931 2148 1183 2233 significaretur,
1219 2149 1393 2232 ascriptam

255 2279 322 2320 esse
345 2256 576 2323 aCallimacho
599 2261 654 2322 sut
676 2279 729 2321 eos
751 2258 864 2340 libros,
889 2258 942 2341 qui
965 2279 1023 2342 per
1045 2258 1208 2342 complura
1230 2259 1392 2324 volumina

254 2368 460 2449 pertinebant
467 2419 475 2450 ,
505 2389 645 2432 seorsum
667 2368 788 2452 positos
811 2371 859 2449 et,
889 2388 960 2432 cum
980 2367 1082 2431 maior
1103 2367 1298 2432 voluminum
1318 2391 1393 2452 pars

254 2477 354 2540 mixta
382 2481 480 2562 esset,
514 2477 574 2542 hoc
601 2478 731 2542 nomine
758 2478 929 2561 inscriptos
957 2476 1054 2541 dicas.
1115 2477 1257 2542 Alterius
1287 2482 1394 2543 autem

255 2587 466 2653 bibliothecae
489 2587 564 2652 libri
586 2609 642 2651 cur
662 2609 729 2651 non
744 2609 782 2651 ex
805 2587 866 2652 hac
888 2587 1040 2670 bipertita
1063 2586 1218 2651 divisione
1234 2589 1393 2653 numerati

253 2697 389 2779 fuerint,
414 2719 510 2761 causa
533 2700 582 2761 est
603 2696 696 2780 haec,
721 2698 795 2780 quia
818 2696 858 2760 ad
880 2697 951 2760 illos
973 2695 1161 2762 Callimachi
1185 2696 1305 2761 indices
1327 2719 1393 2764 non

255 2807 462 2889 pertinebant
469 2806 510 2891 ²¹¹).

322 3060 347 3124 *)
360 3058 446 3112 Onrisi
458 3059 599 3113 Plutarchi
617 3061 703 3115 verba
714 3061 816 3114 Anton.
843 3067 887 3114 te:
909 3059 1066 3114 Καλουίτιοτ
1084 3061 1114 3113 δὲ
1133 3059 1265 3126 satrapa<
1284 3062 1393 3128 ἑτοῖροτ

255 3155 295 3206 ἔτι
318 3155 363 3205 καί
386 3157 477 3206 ταοτα
504 3158 564 3206 τῶν
587 3153 626 3207 εἰ(
651 3153 833 3219 Κλεοπάτραν
856 3153 1041 3219 ἐγκλημάτων
1066 3152 1211 3219 Ἀντωνίῳ
1239 3155 1393 3221 προῦφερε,

255 3245 412 3311 rapitantur
431 3247 480 3309 μὲν
498 3247 570 3314 αὐτῇ
588 3247 639 3300 τὰ(
658 3247 688 3299 ἐκ
705 3247 858 3311 Περγάμου
876 3245 1064 3310 βιβλιοθήκας,
1086 3246 1117 3298 ἐν
1135 3244 1179 3298 alc
1198 3246 1281 3300 εἴκοτι
1300 3247 1393 3314 μυριά-

255 3340 299 3392 tet
319 3338 458 3401 βιβλίων
476 3339 598 3392 ἁπλῶν
616 3339 693 3405 ἠταν.
724 3337 796 3391 Nam
814 3355 875 3390 cum
894 3339 1002 3391 ἁπλοῦ(
1014 3337 1150 3391 vocabulo
1169 3336 1203 3391 de
1221 3336 1299 3391 libris
1318 3337 1392 3394 dicto

255 3432 343 3496 certa,
362 3447 433 3497 quae
452 3430 553 3497 ubique
565 3431 671 3496 valeat,
690 3430 855 3498 significatio
873 3447 928 3484 non
946 3429 1025 3496 insit,
1043 3429 1092 3484 sed
1105 3430 1255 3483 secrmdum
1272 3429 1301 3482 id
1320 3431 1394 3497 quod

255 3523 404 3593 opponitm
420 3523 449 3576 in
468 3523 591 3577 diversas
609 3525 704 3591 partes
723 3523 811 3591 accipi
830 3525 926 3589 queat,
949 3539 1005 3576 non
1023 3522 1103 3576 video
1128 3521 1201 3588 quod
1220 3523 1256 3576 ab
1275 3522 1317 3577 his
1336 3541 1394 3577 ver·

255 3616 298 3669 bis
316 3615 447 3670 auxilium
464 3615 523 3670 iure
542 3615 599 3685 peti
622 3615 718 3684 possit
755 3615 852 3682 Itaque
870 3615 898 3668 in
916 3632 946 3668 re
964 3615 1071 3670 incerta
1088 3633 1105 3668 a
1124 3614 1206 3668 certis
1228 3615 1394 3670 testimoniis

256 3709 391 3778 proficisci
409 3708 511 3762 rationi
529 3711 745 3764 cousentaneum
767 3707 907 3774 duximus,
929 3710 960 3762 ut
978 3708 1013 3762 ab
1037 3708 1090 3761 hac
1108 3709 1182 3762 certe
1199 3710 1280 3776 parta
1298 3709 1394 3764 nostra

256 3802 407 3866 sententia,
431 3818 514 3868 quarn
538 3801 637 3854 scimus
661 3801 764 3856 habere
786 3818 840 3868 quo
858 3801 982 3867 laboret,
1009 3801 1130 3867 quodam
1152 3801 1234 3855 modo
1258 3817 1395 3856 commen·

256 3897 376 3950 daretur.
413 3892 518 3947 Eodem
536 3895 631 3948 autern
649 3894 683 3948 de
702 3911 785 3947 causa
806 3894 842 3948 de
859 3894 1008 3948 Plutarcho
1026 3911 1167 3960 nunquam
1189 3911 1245 3949 non
1263 3894 1396 3963 ambigua

256 3987 380 4042 manebit
402 3986 604 4054 interpretatio.
641 3987 789 4040 Possumus
813 3987 886 4042 enirn
909 4004 1053 4042 numerum
1072 4005 1104 4040 ex
1126 3987 1188 4054 ipsa
1206 3985 1318 4041 Calvisii
1335 4003 1395 4041 ora-

255 4082 332 4135 tione
349 4079 468 4149 petitum
485 4096 541 4133 non
559 4078 593 4132 de
607 4079 790 4132 voluminibus
803 4079 846 4134 vel
859 4079 1013 4146 codicibus,
1032 4079 1080 4134 sed
1098 4079 1133 4133 de
1150 4078 1240 4145 libris,
1259 4079 1314 4145 qui,
1333 4097 1394 4132 cum

256 4173 381 4240 pluribus
393 4171 526 4240 exemplis
539 4173 680 4236 extarent,
699 4174 792 4225 tamen
811 4175 945 4239 tanquam
959 4171 1061 4239 singuli
1079 4172 1115 4225 ab
1127 4172 1238 4225 oratore
1257 4171 1395 4226 numerati

257 4265 325 4326 sint,
343 4265 447 4319 dictum
466 4264 631 4318 existimare.
664 4263 767 4318 Contra
785 4265 807 4318 si
825 4266 911 4319 verba
923 4283 940 4319 a
952 4263 1101 4320 Plutarcho
1119 4263 1216 4318 addita
1234 4279 1295 4318 esse
1312 4267 1342 4317 et
1359 4264 1395 4316 ad

259 4357 426 4411 voluminum
438 4375 581 4412 numenmr
594 4356 733 4425 pertinere
745 4359 844 4425 putas,
859 4357 892 4411 de
905 4373 1019 4412 nurnero
1032 4356 1121 4410 minus
1134 4359 1262 4410 accurate
1280 4354 1395 4411 delinito
