<?xml version="1.0" encoding="UTF-8"?>
<!DOCTYPE html PUBLIC "-//W3C//DTD XHTML 1.0 Transitional//EN"
    "http://www.w3.org/TR/xhtml1/DTD/xhtml1-transitional.dtd">
<html xmlns="http://www.w3.org/1999/xhtml" xml:lang="en" lang="en">
 <head>
  <title>
</title>
<meta http-equiv="Content-Type" content="text/html;charset=utf-8" />
  <meta name='ocr-system' content='tesseract 3.04.00' />
  <meta name='ocr-capabilities' content='ocr_page ocr_carea ocr_par ocr_line ocrx_word'/>
</head>
<body>
  <div class='ocr_page' id='page_1' title='image "./fridericiritsch11wachgoog_0655.png"; bbox 0 0 3218 5094; ppageno 0'>
   <div class='ocr_carea' id='block_1_1' title="bbox 263 343 1020 410">
    <p class='ocr_par' dir='ltr' id='par_1_1' title="bbox 263 343 1020 410">
     <span class='ocr_line' id='line_1_1' title="bbox 263 343 1020 410; baseline -0.007 -1"><span class='ocrx_word' id='word_1_1' title='bbox 263 343 326 410; x_wconf 86' lang='grc'>632</span> <span class='ocrx_word' id='word_1_2' title='bbox 648 357 695 405; x_wconf 84' lang='lat' dir='ltr'>aa</span> <span class='ocrx_word' id='word_1_3' title='bbox 718 355 787 404; x_wconf 85' lang='grc' dir='ltr'>οιιο</span> <span class='ocrx_word' id='word_1_4' title='bbox 811 356 855 403; x_wconf 83' lang='lat' dir='ltr'>ar</span> <span class='ocrx_word' id='word_1_5' title='bbox 878 356 1020 404; x_wconf 78' lang='lat' dir='ltr'><strong>omoas.</strong></span> 
     </span>
    </p>
   </div>
   <div class='ocr_carea' id='block_1_2' title="bbox 225 509 1443 4438">
    <p class='ocr_par' dir='ltr' id='par_1_2' title="bbox 225 509 1443 4438">
     <span class='ocr_line' id='line_1_2' title="bbox 263 509 1426 594; baseline -0.003 -17"><span class='ocrx_word' id='word_1_6' title='bbox 263 537 335 578; x_wconf 89' lang='lat' dir='ltr'>rum</span> <span class='ocrx_word' id='word_1_7' title='bbox 367 533 515 593; x_wconf 85' lang='lat' dir='ltr'><strong>numero,</strong></span> <span class='ocrx_word' id='word_1_8' title='bbox 549 533 643 594; x_wconf 87' lang='lat' dir='ltr'><strong>quas,</strong></span> <span class='ocrx_word' id='word_1_9' title='bbox 673 515 710 574; x_wconf 89' lang='lat' dir='ltr'>ut</span> <span class='ocrx_word' id='word_1_10' title='bbox 741 532 799 592; x_wconf 87' lang='lat' dir='ltr'>per</span> <span class='ocrx_word' id='word_1_11' title='bbox 831 509 920 574; x_wconf 85' lang='lat' dir='ltr'><strong>varia</strong></span> <span class='ocrx_word' id='word_1_12' title='bbox 950 511 1034 588; x_wconf 89' lang='grc' dir='ltr'>πάθη</span> <span class='ocrx_word' id='word_1_13' title='bbox 1069 510 1245 592; x_wconf 84' lang='lat' dir='ltr'><strong>derivatas,</strong></span> <span class='ocrx_word' id='word_1_14' title='bbox 1280 511 1326 573; x_wconf 82' lang='lat' dir='ltr'>ad</span> <span class='ocrx_word' id='word_1_15' title='bbox 1361 510 1426 576; x_wconf 87' lang='lat' dir='ltr'>Ori</span> 
     </span>
     <span class='ocr_line' id='line_1_3' title="bbox 264 620 1426 704; baseline -0.003 -16"><span class='ocrx_word' id='word_1_16' title='bbox 264 626 337 704; x_wconf 87' lang='grc' dir='ltr'>περὶ</span> <span class='ocrx_word' id='word_1_17' title='bbox 363 623 486 687; x_wconf 75' lang='grc' dir='ltr'>πόθου(</span> <span class='ocrx_word' id='word_1_18' title='bbox 514 621 758 685; x_wconf 85' lang='lat' dir='ltr'><strong>oommentarios</strong></span> <span class='ocrx_word' id='word_1_19' title='bbox 787 620 906 683; x_wconf 86' lang='lat' dir='ltr'><strong>referre</strong></span> <span class='ocrx_word' id='word_1_20' title='bbox 928 621 1047 703; x_wconf 87' lang='lat' dir='ltr'><strong>possis,</strong></span> <span class='ocrx_word' id='word_1_21' title='bbox 1077 620 1266 703; x_wconf 88' lang='lat' dir='ltr'><strong>easdemque</strong></span> <span class='ocrx_word' id='word_1_22' title='bbox 1294 621 1336 684; x_wconf 89' lang='lat' dir='ltr'>in</span> <span class='ocrx_word' id='word_1_23' title='bbox 1363 622 1426 700; x_wconf 89' lang='grc' dir='ltr'>ὁρ-</span> 
     </span>
     <span class='ocr_line' id='line_1_4' title="bbox 264 729 1426 816; baseline -0.005 -18"><span class='ocrx_word' id='word_1_24' title='bbox 264 734 427 815; x_wconf 87' lang='grc' dir='ltr'>θογραφίᾳ</span> <span class='ocrx_word' id='word_1_25' title='bbox 448 732 555 816; x_wconf 90' lang='lat' dir='ltr'><strong>potius</strong></span> <span class='ocrx_word' id='word_1_26' title='bbox 578 731 706 795; x_wconf 82' lang='lat' dir='ltr'><strong>eolloao.</strong></span> <span class='ocrx_word' id='word_1_27' title='bbox 752 729 851 792; x_wconf 87' lang='lat' dir='ltr'><strong>Velut</strong></span> <span class='ocrx_word' id='word_1_28' title='bbox 877 731 1104 796; x_wconf 84' lang='grc' dir='ltr'>δειπνιετόε</span> <span class='ocrx_word' id='word_1_29' title='bbox 1131 730 1185 794; x_wconf 82' lang='lat' dir='ltr'><strong>Et.</strong></span> <span class='ocrx_word' id='word_1_30' title='bbox 1209 729 1253 793; x_wconf 91' lang='lat' dir='ltr'>M.</span> <span class='ocrx_word' id='word_1_31' title='bbox 1278 753 1311 812; x_wconf 92' lang='lat' dir='ltr'>p.</span> <span class='ocrx_word' id='word_1_32' title='bbox 1340 729 1426 810; x_wconf 92' lang='grc'>262,</span> 
     </span>
     <span class='ocr_line' id='line_1_5' title="bbox 265 840 1428 922; baseline -0.001 -15"><span class='ocrx_word' id='word_1_33' title='bbox 265 843 322 907; x_wconf 79' lang='lat'>47:</span> <span class='ocrx_word' id='word_1_34' title='bbox 345 843 493 922; x_wconf 86' lang='grc' dir='ltr'>περιεεὸν</span> <span class='ocrx_word' id='word_1_35' title='bbox 516 843 553 905; x_wconf 87' lang='grc' dir='ltr'>τό</span> <span class='ocrx_word' id='word_1_36' title='bbox 577 862 606 904; x_wconf 87' lang='lat' dir='ltr'>c·</span> <span class='ocrx_word' id='word_1_37' title='bbox 629 842 682 905; x_wconf 94' lang='grc' dir='ltr'>διὰ</span> <span class='ocrx_word' id='word_1_38' title='bbox 704 844 761 905; x_wconf 85' lang='grc' dir='ltr'>τοῦ</span> <span class='ocrx_word' id='word_1_39' title='bbox 784 863 794 904; x_wconf 96' lang='grc' dir='ltr'>ι</span> <span class='ocrx_word' id='word_1_40' title='bbox 815 841 985 920; x_wconf 86' lang='grc' dir='ltr'>γράφεται·</span> <span class='ocrx_word' id='word_1_41' title='bbox 1008 840 1073 906; x_wconf 89' lang='grc' dir='ltr'>ἀπὸ</span> <span class='ocrx_word' id='word_1_42' title='bbox 1096 844 1155 906; x_wconf 82' lang='grc' dir='ltr'>τοῦ</span> <span class='ocrx_word' id='word_1_43' title='bbox 1177 840 1330 906; x_wconf 80' lang='grc' dir='ltr'>δειπνίῑω</span> <span class='ocrx_word' id='word_1_44' title='bbox 1357 846 1428 906; x_wconf 90' lang='grc' dir='ltr'>δει-</span> 
     </span>
     <span class='ocr_line' id='line_1_6' title="bbox 267 949 1429 1032; baseline -0.005 -14"><span class='ocrx_word' id='word_1_45' title='bbox 267 953 403 1018; x_wconf 85' lang='grc' dir='ltr'>πνιετόε.</span> <span class='ocrx_word' id='word_1_46' title='bbox 454 952 562 1032; x_wconf 87' lang='grc' dir='ltr'>Ὦροε.</span> <span class='ocrx_word' id='word_1_47' title='bbox 614 949 757 1025; x_wconf 83' lang='lat' dir='ltr'><strong>Quocum</strong></span> <span class='ocrx_word' id='word_1_48' title='bbox 789 949 889 1032; x_wconf 86' lang='lat' dir='ltr'><strong>iunge</strong></span> <span class='ocrx_word' id='word_1_49' title='bbox 921 949 961 1013; x_wconf 87' lang='lat' dir='ltr'>de</span> <span class='ocrx_word' id='word_1_50' title='bbox 992 951 1119 1032; x_wconf 88' lang='grc' dir='ltr'>νήφω,</span> <span class='ocrx_word' id='word_1_51' title='bbox 1152 951 1256 1032; x_wconf 90' lang='grc' dir='ltr'>νείφω</span> <span class='ocrx_word' id='word_1_52' title='bbox 1289 949 1429 1013; x_wconf 79' lang='lat' dir='ltr'><strong>tradita</strong></span> 
     </span>
     <span class='ocr_line' id='line_1_7' title="bbox 266 1059 1427 1145; baseline -0.002 -19"><span class='ocrx_word' id='word_1_53' title='bbox 266 1085 298 1145; x_wconf 92' lang='lat' dir='ltr'>p.</span> <span class='ocrx_word' id='word_1_54' title='bbox 322 1062 396 1143; x_wconf 84' lang='lat'><strong>605,</strong></span> <span class='ocrx_word' id='word_1_55' title='bbox 420 1061 472 1126; x_wconf 81' lang='lat'><strong>38.</strong></span> <span class='ocrx_word' id='word_1_56' title='bbox 517 1061 600 1124; x_wconf 87' lang='lat' dir='ltr'><strong>Item</strong></span> <span class='ocrx_word' id='word_1_57' title='bbox 623 1060 802 1124; x_wconf 85' lang='grc' dir='ltr'>εἰλίπουε</span> <span class='ocrx_word' id='word_1_58' title='bbox 824 1082 855 1142; x_wconf 92' lang='lat' dir='ltr'>p.</span> <span class='ocrx_word' id='word_1_59' title='bbox 880 1059 953 1142; x_wconf 89' lang='grc'>299,</span> <span class='ocrx_word' id='word_1_60' title='bbox 977 1059 1035 1123; x_wconf 83' lang='lat'>26:</span> <span class='ocrx_word' id='word_1_61' title='bbox 1064 1060 1158 1140; x_wconf 84' lang='grc' dir='ltr'>φηεὶν</span> <span class='ocrx_word' id='word_1_62' title='bbox 1186 1059 1332 1139; x_wconf 85' lang='grc' dir='ltr'>δὨραε</span> <span class='ocrx_word' id='word_1_63' title='bbox 1359 1059 1427 1141; x_wconf 85' lang='grc' dir='ltr'>ὅτι,</span> 
     </span>
     <span class='ocr_line' id='line_1_8' title="bbox 267 1169 1428 1248; baseline -0.003 -12"><span class='ocrx_word' id='word_1_64' title='bbox 267 1172 330 1237; x_wconf 86' lang='grc' dir='ltr'>εἴτε</span> <span class='ocrx_word' id='word_1_65' title='bbox 359 1173 425 1236; x_wconf 86' lang='grc' dir='ltr'>ἀπὸ</span> <span class='ocrx_word' id='word_1_66' title='bbox 452 1175 510 1235; x_wconf 84' lang='grc' dir='ltr'>τοῦ</span> <span class='ocrx_word' id='word_1_67' title='bbox 539 1171 615 1236; x_wconf 91' lang='grc' dir='ltr'>είλῶ</span> <span class='ocrx_word' id='word_1_68' title='bbox 642 1170 778 1247; x_wconf 90' lang='grc' dir='ltr'>γέγονεν</span> <span class='ocrx_word' id='word_1_69' title='bbox 807 1171 825 1248; x_wconf 88' lang='grc' dir='ltr'>ἢ</span> <span class='ocrx_word' id='word_1_70' title='bbox 855 1169 1002 1234; x_wconf 86' lang='grc' dir='ltr'>ἀπὸτοῦ</span> <span class='ocrx_word' id='word_1_71' title='bbox 1025 1170 1162 1246; x_wconf 83' lang='grc' dir='ltr'>εἰλίεεω,</span> <span class='ocrx_word' id='word_1_72' title='bbox 1191 1170 1337 1235; x_wconf 85' lang='grc' dir='ltr'>είλίπουε</span> <span class='ocrx_word' id='word_1_73' title='bbox 1369 1170 1428 1234; x_wconf 87' lang='grc' dir='ltr'>διὰ</span> 
     </span>
     <span class='ocr_line' id='line_1_9' title="bbox 267 1277 1429 1362; baseline -0.003 -17"><span class='ocrx_word' id='word_1_74' title='bbox 267 1286 327 1345; x_wconf 84' lang='grc' dir='ltr'>τοῦ</span> <span class='ocrx_word' id='word_1_75' title='bbox 349 1303 360 1345; x_wconf 94' lang='grc' dir='ltr'>ι</span> <span class='ocrx_word' id='word_1_76' title='bbox 381 1305 388 1344; x_wconf 85' lang='grc' dir='ltr'>ι</span> <span class='ocrx_word' id='word_1_77' title='bbox 412 1280 483 1344; x_wconf 84' lang='lat' dir='ltr'><strong>coll.</strong></span> <span class='ocrx_word' id='word_1_78' title='bbox 509 1279 591 1344; x_wconf 87' lang='lat' dir='ltr'><strong>Gud.</strong></span> <span class='ocrx_word' id='word_1_79' title='bbox 615 1302 647 1362; x_wconf 90' lang='lat' dir='ltr'>p.</span> <span class='ocrx_word' id='word_1_80' title='bbox 674 1279 745 1360; x_wconf 88' lang='lat'>165,</span> <span class='ocrx_word' id='word_1_81' title='bbox 768 1279 820 1343; x_wconf 87' lang='lat'>50.</span> <span class='ocrx_word' id='word_1_82' title='bbox 865 1278 957 1341; x_wconf 83' lang='lat' dir='ltr'>Adde</span> <span class='ocrx_word' id='word_1_83' title='bbox 980 1278 1058 1342; x_wconf 89' lang='grc' dir='ltr'>Ζοιι.</span> <span class='ocrx_word' id='word_1_84' title='bbox 1087 1302 1118 1362; x_wconf 91' lang='lat' dir='ltr'>p.</span> <span class='ocrx_word' id='word_1_85' title='bbox 1145 1277 1200 1344; x_wconf 88' lang='grc'>131</span> <span class='ocrx_word' id='word_1_86' title='bbox 1233 1279 1355 1344; x_wconf 81' lang='grc' dir='ltr'>ἅλιον</span> <span class='ocrx_word' id='word_1_87' title='bbox 1386 1281 1429 1343; x_wconf 89' lang='grc' dir='ltr'>τὸ</span> 
     </span>
     <span class='ocr_line' id='line_1_10' title="bbox 270 1387 1426 1472; baseline -0.005 -16"><span class='ocrx_word' id='word_1_88' title='bbox 270 1393 415 1472; x_wconf 87' lang='grc' dir='ltr'>μάταιον,</span> <span class='ocrx_word' id='word_1_89' title='bbox 441 1411 450 1453; x_wconf 90' lang='grc' dir='ltr'>ι</span> <span class='ocrx_word' id='word_1_90' title='bbox 473 1414 479 1452; x_wconf 91' lang='lat'>:</span> <span class='ocrx_word' id='word_1_91' title='bbox 503 1410 584 1472; x_wconf 87' lang='lat' dir='ltr'><strong>quae</strong></span> <span class='ocrx_word' id='word_1_92' title='bbox 599 1389 699 1469; x_wconf 85' lang='grc' dir='ltr'>Ὠροε</span> <span class='ocrx_word' id='word_1_93' title='bbox 721 1388 851 1452; x_wconf 89' lang='lat' dir='ltr'><strong>nomine</strong></span> <span class='ocrx_word' id='word_1_94' title='bbox 874 1387 998 1472; x_wconf 80' lang='lat' dir='ltr'>adauge</span> <span class='ocrx_word' id='word_1_95' title='bbox 1022 1410 1059 1452; x_wconf 82' lang='lat' dir='ltr'>ex</span> <span class='ocrx_word' id='word_1_96' title='bbox 1081 1388 1134 1451; x_wconf 83' lang='lat' dir='ltr'><strong>Et.</strong></span> <span class='ocrx_word' id='word_1_97' title='bbox 1159 1389 1202 1452; x_wconf 91' lang='lat' dir='ltr'>M.</span> <span class='ocrx_word' id='word_1_98' title='bbox 1226 1412 1258 1472; x_wconf 91' lang='lat' dir='ltr'>p.</span> <span class='ocrx_word' id='word_1_99' title='bbox 1282 1389 1339 1472; x_wconf 87' lang='lat'>64,</span> <span class='ocrx_word' id='word_1_100' title='bbox 1367 1389 1426 1454; x_wconf 87' lang='lat'>38.</span> 
     </span>
     <span class='ocr_line' id='line_1_11' title="bbox 268 1497 1426 1583; baseline -0.003 -19"><span class='ocrx_word' id='word_1_101' title='bbox 268 1499 452 1583; x_wconf 80' lang='lat' dir='ltr'><strong>Eodemque</strong></span> <span class='ocrx_word' id='word_1_102' title='bbox 478 1499 625 1562; x_wconf 78' lang='lat' dir='ltr'><strong>fortassis</strong></span> <span class='ocrx_word' id='word_1_103' title='bbox 657 1498 799 1581; x_wconf 74' lang='lat' dir='ltr'><strong>pertinet</strong></span> <span class='ocrx_word' id='word_1_104' title='bbox 826 1498 968 1577; x_wconf 88' lang='grc' dir='ltr'>όμιλοε</span> <span class='ocrx_word' id='word_1_105' title='bbox 990 1521 1022 1580; x_wconf 84' lang='grc' dir='ltr'>ρ.</span> <span class='ocrx_word' id='word_1_106' title='bbox 1046 1498 1124 1580; x_wconf 85' lang='grc'>623,</span> <span class='ocrx_word' id='word_1_107' title='bbox 1148 1497 1190 1563; x_wconf 84' lang='grc'>59</span> <span class='ocrx_word' id='word_1_108' title='bbox 1218 1501 1275 1561; x_wconf 87' lang='lat' dir='ltr'>aut</span> <span class='ocrx_word' id='word_1_109' title='bbox 1297 1499 1344 1562; x_wconf 84' lang='lat' dir='ltr'>ab</span> <span class='ocrx_word' id='word_1_110' title='bbox 1369 1497 1426 1576; x_wconf 86' lang='grc' dir='ltr'>ἴλη</span> 
     </span>
     <span class='ocr_line' id='line_1_12' title="bbox 268 1607 1427 1693; baseline -0.002 -19"><span class='ocrx_word' id='word_1_111' title='bbox 268 1610 441 1693; x_wconf 86' lang='lat' dir='ltr'><strong>repetitum</strong></span> <span class='ocrx_word' id='word_1_112' title='bbox 464 1612 521 1672; x_wconf 88' lang='lat' dir='ltr'>aut</span> <span class='ocrx_word' id='word_1_113' title='bbox 542 1609 583 1671; x_wconf 89' lang='lat' dir='ltr'>ab</span> <span class='ocrx_word' id='word_1_114' title='bbox 605 1608 758 1674; x_wconf 85' lang='grc' dir='ltr'>είλεῑεθαι.</span> <span class='ocrx_word' id='word_1_115' title='bbox 772 1647 814 1656; x_wconf 81' lang='lat'>—-</span> <span class='ocrx_word' id='word_1_116' title='bbox 830 1607 891 1671; x_wconf 86' lang='lat' dir='ltr'>Sed</span> <span class='ocrx_word' id='word_1_117' title='bbox 914 1607 1005 1671; x_wconf 81' lang='lat' dir='ltr'><strong>labor</strong></span> <span class='ocrx_word' id='word_1_118' title='bbox 1027 1609 1062 1672; x_wconf 88' lang='lat' dir='ltr'>in</span> <span class='ocrx_word' id='word_1_119' title='bbox 1085 1608 1302 1672; x_wconf 81' lang='lat' dir='ltr'><strong>coniecturam</strong></span> <span class='ocrx_word' id='word_1_120' title='bbox 1324 1609 1427 1691; x_wconf 88' lang='lat' dir='ltr'><strong>prius</strong></span> 
     </span>
     <span class='ocr_line' id='line_1_13' title="bbox 269 1717 1426 1804; baseline -0.003 -22"><span class='ocrx_word' id='word_1_121' title='bbox 269 1741 369 1804; x_wconf 86' lang='lat' dir='ltr'><strong>quam</strong></span> <span class='ocrx_word' id='word_1_122' title='bbox 400 1719 577 1782; x_wconf 82' lang='lat' dir='ltr'><strong>certissima</strong></span> <span class='ocrx_word' id='word_1_123' title='bbox 611 1718 754 1781; x_wconf 90' lang='lat' dir='ltr'><strong>omnium</strong></span> <span class='ocrx_word' id='word_1_124' title='bbox 787 1717 960 1782; x_wconf 86' lang='lat' dir='ltr'><strong>attulerim.</strong></span> <span class='ocrx_word' id='word_1_125' title='bbox 1012 1718 1062 1781; x_wconf 86' lang='lat' dir='ltr'>Ao</span> <span class='ocrx_word' id='word_1_126' title='bbox 1094 1717 1133 1781; x_wconf 86' lang='lat' dir='ltr'>de</span> <span class='ocrx_word' id='word_1_127' title='bbox 1163 1721 1283 1796; x_wconf 83' lang='grc' dir='ltr'>ξεῑριε</span> <span class='ocrx_word' id='word_1_128' title='bbox 1318 1722 1426 1796; x_wconf 86' lang='grc' dir='ltr'>ξῖριε</span> 
     </span>
     <span class='ocr_line' id='line_1_14' title="bbox 269 1826 1428 1912; baseline -0.004 -19"><span class='ocrx_word' id='word_1_129' title='bbox 269 1829 429 1912; x_wconf 80' lang='lat' dir='ltr'><strong>scriptura</strong></span> <span class='ocrx_word' id='word_1_130' title='bbox 451 1829 617 1892; x_wconf 84' lang='lat' dir='ltr'><strong>dicebatur</strong></span> <span class='ocrx_word' id='word_1_131' title='bbox 640 1832 670 1908; x_wconf 65' lang='grc' dir='ltr'>ξ.</span> <span class='ocrx_word' id='word_1_132' title='bbox 696 1828 746 1909; x_wconf 90' lang='grc'>19,</span> <span class='ocrx_word' id='word_1_133' title='bbox 770 1826 809 1890; x_wconf 89' lang='lat' dir='ltr'>de</span> <span class='ocrx_word' id='word_1_134' title='bbox 831 1832 1099 1907; x_wconf 88' lang='grc' dir='ltr'>γραμματεῖον</span> <span class='ocrx_word' id='word_1_135' title='bbox 1123 1832 1143 1907; x_wconf 69' lang='grc' dir='ltr'><strong>ξ</strong></span> <span class='ocrx_word' id='word_1_136' title='bbox 1166 1827 1217 1890; x_wconf 85' lang='grc'>21.</span> <span class='ocrx_word' id='word_1_137' title='bbox 1261 1827 1428 1890; x_wconf 85' lang='lat' dir='ltr'><strong>Eiusdem</strong></span> 
     </span>
     <span class='ocr_line' id='line_1_15' title="bbox 269 1937 1425 2018; baseline -0.003 -18"><span class='ocrx_word' id='word_1_138' title='bbox 269 1937 354 2000; x_wconf 93' lang='lat' dir='ltr'><strong>modi</strong></span> <span class='ocrx_word' id='word_1_139' title='bbox 378 1937 523 2001; x_wconf 82' lang='lat' dir='ltr'><strong>fortassis</strong></span> <span class='ocrx_word' id='word_1_140' title='bbox 542 1939 849 2018; x_wconf 88' lang='grc' dir='ltr'>λειρὸφθαλμοε,</span> <span class='ocrx_word' id='word_1_141' title='bbox 874 1959 944 1999; x_wconf 86' lang='lat' dir='ltr'>eum</span> <span class='ocrx_word' id='word_1_142' title='bbox 967 1937 1097 2003; x_wconf 88' lang='grc' dir='ltr'>ἀνθῶν</span> <span class='ocrx_word' id='word_1_143' title='bbox 1120 1939 1152 2000; x_wconf 87' lang='lat' dir='ltr'>et</span> <span class='ocrx_word' id='word_1_144' title='bbox 1174 1937 1331 2003; x_wconf 86' lang='grc' dir='ltr'>ἀνθέων</span> <span class='ocrx_word' id='word_1_145' title='bbox 1356 1937 1425 1999; x_wconf 85' lang='lat' dir='ltr'><strong>for-</strong></span> 
     </span>
     <span class='ocr_line' id='line_1_16' title="bbox 269 2045 1425 2129; baseline -0.002 -19"><span class='ocrx_word' id='word_1_146' title='bbox 269 2047 331 2110; x_wconf 89' lang='lat' dir='ltr'>mis</span> <span class='ocrx_word' id='word_1_147' title='bbox 354 2069 371 2109; x_wconf 87' lang='lat' dir='ltr'><strong>e</strong></span> <span class='ocrx_word' id='word_1_148' title='bbox 394 2045 483 2127; x_wconf 77' lang='lat' dir='ltr'><strong>Zora,</strong></span> <span class='ocrx_word' id='word_1_149' title='bbox 509 2045 603 2129; x_wconf 69' lang='lat' dir='ltr'><strong>Gari,</strong></span> <span class='ocrx_word' id='word_1_150' title='bbox 627 2045 721 2108; x_wconf 75' lang='lat' dir='ltr'><strong>Koa.</strong></span> <span class='ocrx_word' id='word_1_151' title='bbox 746 2046 863 2109; x_wconf 86' lang='lat' dir='ltr'><strong>ibidem</strong></span> <span class='ocrx_word' id='word_1_152' title='bbox 886 2046 1019 2129; x_wconf 88' lang='lat' dir='ltr'><strong>prolatis</strong></span> <span class='ocrx_word' id='word_1_153' title='bbox 1048 2047 1094 2110; x_wconf 86' lang='lat' dir='ltr'>sie</span> <span class='ocrx_word' id='word_1_154' title='bbox 1121 2047 1266 2110; x_wconf 85' lang='lat' dir='ltr'><strong>iunctum</strong></span> <span class='ocrx_word' id='word_1_155' title='bbox 1293 2046 1330 2110; x_wconf 88' lang='lat' dir='ltr'>in</span> <span class='ocrx_word' id='word_1_156' title='bbox 1356 2045 1425 2110; x_wconf 84' lang='lat' dir='ltr'>Gu-</span> 
     </span>
     <span class='ocr_line' id='line_1_17' title="bbox 271 2155 1425 2239; baseline 0 -21"><span class='ocrx_word' id='word_1_157' title='bbox 271 2156 383 2219; x_wconf 88' lang='lat' dir='ltr'><strong>diano:</strong></span> <span class='ocrx_word' id='word_1_158' title='bbox 419 2156 446 2220; x_wconf 88' lang='grc' dir='ltr'>εἰ</span> <span class='ocrx_word' id='word_1_159' title='bbox 472 2158 529 2234; x_wconf 80' lang='grc' dir='ltr'>μέν</span> <span class='ocrx_word' id='word_1_160' title='bbox 558 2155 697 2234; x_wconf 86' lang='grc' dir='ltr'>εημαίνει</span> <span class='ocrx_word' id='word_1_161' title='bbox 728 2157 786 2222; x_wconf 87' lang='grc' dir='ltr'>τὸν</span> <span class='ocrx_word' id='word_1_162' title='bbox 814 2162 974 2235; x_wconf 80' lang='grc' dir='ltr'>προεηνῆ,</span> <span class='ocrx_word' id='word_1_163' title='bbox 997 2159 1059 2228; x_wconf 71' lang='grc' dir='ltr'>[διὰ</span> <span class='ocrx_word' id='word_1_164' title='bbox 1089 2159 1144 2234; x_wconf 85' lang='grc' dir='ltr'>τῆε</span> <span class='ocrx_word' id='word_1_165' title='bbox 1177 2177 1203 2220; x_wconf 92' lang='grc' dir='ltr'>ει</span> <span class='ocrx_word' id='word_1_166' title='bbox 1236 2159 1425 2239; x_wconf 89' lang='grc' dir='ltr'>διφθόγγου</span> 
     </span>
     <span class='ocr_line' id='line_1_18' title="bbox 269 2253 1443 2348; baseline -0.003 -17"><span class='ocrx_word' id='word_1_167' title='bbox 269 2267 427 2346; x_wconf 87' lang='grc' dir='ltr'>γράφεται</span> <span class='ocrx_word' id='word_1_168' title='bbox 434 2316 443 2348; x_wconf 94' lang='grc'>,</span> <span class='ocrx_word' id='word_1_169' title='bbox 472 2267 559 2345; x_wconf 87' lang='grc' dir='ltr'>παρὰ</span> <span class='ocrx_word' id='word_1_170' title='bbox 587 2267 624 2329; x_wconf 87' lang='grc' dir='ltr'>τό</span> <span class='ocrx_word' id='word_1_171' title='bbox 653 2266 788 2348; x_wconf 81' lang='grc' dir='ltr'>λείριον,</span> <span class='ocrx_word' id='word_1_172' title='bbox 818 2267 837 2329; x_wconf 90' lang='grc' dir='ltr'>ὃ</span> <span class='ocrx_word' id='word_1_173' title='bbox 867 2267 1006 2345; x_wconf 86' lang='grc' dir='ltr'>εημαίνει</span> <span class='ocrx_word' id='word_1_174' title='bbox 1033 2268 1070 2330; x_wconf 87' lang='grc' dir='ltr'>τό</span> <span class='ocrx_word' id='word_1_175' title='bbox 1093 2267 1200 2332; x_wconf 87' lang='grc' dir='ltr'>ἀνθοε.</span> <span class='ocrx_word' id='word_1_176' title='bbox 1245 2266 1271 2330; x_wconf 89' lang='grc' dir='ltr'>εἰ</span> <span class='ocrx_word' id='word_1_177' title='bbox 1300 2270 1337 2332; x_wconf 84' lang='grc' dir='ltr'>δὲ</span> <span class='ocrx_word' id='word_1_178' title='bbox 1361 2253 1443 2330; x_wconf 75' lang='grc' dir='ltr'>τὸν’</span> 
     </span>
     <span class='ocr_line' id='line_1_19' title="bbox 271 2375 1425 2459; baseline -0.004 -17"><span class='ocrx_word' id='word_1_179' title='bbox 271 2377 401 2456; x_wconf 82' lang='grc' dir='ltr'>ἀναιδῆ,</span> <span class='ocrx_word' id='word_1_180' title='bbox 424 2378 476 2441; x_wconf 93' lang='grc' dir='ltr'>διά</span> <span class='ocrx_word' id='word_1_181' title='bbox 498 2381 556 2442; x_wconf 83' lang='grc' dir='ltr'>τοῦ</span> <span class='ocrx_word' id='word_1_182' title='bbox 580 2397 604 2440; x_wconf 93' lang='grc' dir='ltr'>ι·</span> <span class='ocrx_word' id='word_1_183' title='bbox 628 2376 716 2456; x_wconf 89' lang='grc' dir='ltr'>παρὰ</span> <span class='ocrx_word' id='word_1_184' title='bbox 737 2376 775 2440; x_wconf 88' lang='grc' dir='ltr'>τὸ</span> <span class='ocrx_word' id='word_1_185' title='bbox 799 2376 885 2454; x_wconf 89' lang='grc' dir='ltr'>λιρόε</span> <span class='ocrx_word' id='word_1_186' title='bbox 906 2377 969 2456; x_wconf 89' lang='grc' dir='ltr'>γάρ</span> <span class='ocrx_word' id='word_1_187' title='bbox 991 2377 1064 2459; x_wconf 85' lang='grc' dir='ltr'>ἐετι,</span> <span class='ocrx_word' id='word_1_188' title='bbox 1088 2379 1244 2441; x_wconf 80' lang='grc' dir='ltr'>τοῦτοδὲ</span> <span class='ocrx_word' id='word_1_189' title='bbox 1268 2378 1360 2455; x_wconf 86' lang='grc' dir='ltr'>παρὰ</span> <span class='ocrx_word' id='word_1_190' title='bbox 1383 2375 1425 2438; x_wconf 88' lang='grc' dir='ltr'>τό</span> 
     </span>
     <span class='ocr_line' id='line_1_20' title="bbox 271 2486 1422 2568; baseline -0.002 -17"><span class='ocrx_word' id='word_1_191' title='bbox 271 2487 342 2553; x_wconf 84' lang='grc' dir='ltr'>λίαν</span> <span class='ocrx_word' id='word_1_192' title='bbox 370 2489 460 2567; x_wconf 86' lang='grc' dir='ltr'>ὁρᾶν.</span> <span class='ocrx_word' id='word_1_193' title='bbox 510 2488 593 2562; x_wconf 85' lang='grc' dir='ltr'>λέγει</span> <span class='ocrx_word' id='word_1_194' title='bbox 620 2488 656 2551; x_wconf 81' lang='grc' dir='ltr'>δὲ</span> <span class='ocrx_word' id='word_1_195' title='bbox 683 2487 798 2568; x_wconf 86' lang='grc' dir='ltr'>Ὠροε,</span> <span class='ocrx_word' id='word_1_196' title='bbox 834 2486 883 2550; x_wconf 90' lang='grc' dir='ltr'>ὅτι</span> <span class='ocrx_word' id='word_1_197' title='bbox 916 2487 955 2549; x_wconf 86' lang='grc' dir='ltr'>οὐ</span> <span class='ocrx_word' id='word_1_198' title='bbox 988 2491 1054 2552; x_wconf 88' lang='grc' dir='ltr'>τῶν</span> <span class='ocrx_word' id='word_1_199' title='bbox 1082 2488 1191 2552; x_wconf 86' lang='grc' dir='ltr'>ἀνθῶν</span> <span class='ocrx_word' id='word_1_200' title='bbox 1218 2489 1267 2550; x_wconf 84' lang='grc' dir='ltr'>δεῖ</span> <span class='ocrx_word' id='word_1_201' title='bbox 1300 2487 1422 2564; x_wconf 88' lang='grc' dir='ltr'>λέγειν,</span> 
     </span>
     <span class='ocr_line' id='line_1_21' title="bbox 273 2595 1421 2679; baseline -0.003 -18"><span class='ocrx_word' id='word_1_202' title='bbox 273 2598 356 2662; x_wconf 87' lang='grc' dir='ltr'>ἀλλά</span> <span class='ocrx_word' id='word_1_203' title='bbox 378 2601 444 2663; x_wconf 87' lang='grc' dir='ltr'>τῶν</span> <span class='ocrx_word' id='word_1_204' title='bbox 460 2597 587 2662; x_wconf 88' lang='grc' dir='ltr'>ἀνθέων</span> <span class='ocrx_word' id='word_1_205' title='bbox 610 2618 636 2660; x_wconf 91' lang='grc' dir='ltr'>κ.</span> <span class='ocrx_word' id='word_1_206' title='bbox 652 2618 677 2660; x_wconf 95' lang='grc' dir='ltr'>τ.</span> <span class='ocrx_word' id='word_1_207' title='bbox 694 2600 731 2674; x_wconf 85' lang='grc' dir='ltr'>λ,</span> <span class='ocrx_word' id='word_1_208' title='bbox 754 2595 856 2660; x_wconf 87' lang='lat' dir='ltr'><strong>multo</strong></span> <span class='ocrx_word' id='word_1_209' title='bbox 878 2595 976 2658; x_wconf 87' lang='lat' dir='ltr'><strong>etiam</strong></span> <span class='ocrx_word' id='word_1_210' title='bbox 999 2596 1104 2678; x_wconf 81' lang='lat' dir='ltr'><strong>aptius</strong></span> <span class='ocrx_word' id='word_1_211' title='bbox 1126 2595 1262 2679; x_wconf 81' lang='lat' dir='ltr'><strong>ligatum</strong></span> <span class='ocrx_word' id='word_1_212' title='bbox 1286 2596 1321 2658; x_wconf 85' lang='lat' dir='ltr'>in</span> <span class='ocrx_word' id='word_1_213' title='bbox 1336 2595 1421 2658; x_wconf 76' lang='lat' dir='ltr'><strong>Eae.</strong></span> 
     </span>
     <span class='ocr_line' id='line_1_22' title="bbox 272 2696 1421 2788; baseline -0.002 -19"><span class='ocrx_word' id='word_1_214' title='bbox 272 2706 383 2770; x_wconf 68' lang='lat' dir='ltr'><strong>Ketis:</strong></span> <span class='ocrx_word' id='word_1_215' title='bbox 415 2708 533 2786; x_wconf 90' lang='grc' dir='ltr'>λείριον</span> <span class='ocrx_word' id='word_1_216' title='bbox 560 2708 598 2771; x_wconf 88' lang='grc' dir='ltr'>τὸ</span> <span class='ocrx_word' id='word_1_217' title='bbox 626 2707 741 2788; x_wconf 86' lang='grc' dir='ltr'>ἀνθοε,</span> <span class='ocrx_word' id='word_1_218' title='bbox 771 2708 820 2769; x_wconf 88' lang='grc' dir='ltr'>καί</span> <span class='ocrx_word' id='word_1_219' title='bbox 847 2696 972 2783; x_wconf 73' lang='grc' dir='ltr'>λειρίων</span> <span class='ocrx_word' id='word_1_220' title='bbox 999 2707 1037 2770; x_wconf 87' lang='grc' dir='ltr'>τό</span> <span class='ocrx_word' id='word_1_221' title='bbox 1067 2706 1185 2772; x_wconf 87' lang='grc' dir='ltr'>ἀνθῶν.</span> <span class='ocrx_word' id='word_1_222' title='bbox 1230 2706 1315 2782; x_wconf 84' lang='grc' dir='ltr'>λέγει</span> <span class='ocrx_word' id='word_1_223' title='bbox 1339 2704 1421 2771; x_wconf 80' lang='grc' dir='ltr'>δέὸ</span> 
     </span>
     <span class='ocr_line' id='line_1_23' title="bbox 274 2815 1422 2897; baseline -0.003 -17"><span class='ocrx_word' id='word_1_224' title='bbox 274 2816 388 2895; x_wconf 84' lang='grc' dir='ltr'>Ὠροε,</span> <span class='ocrx_word' id='word_1_225' title='bbox 411 2817 457 2879; x_wconf 84' lang='grc' dir='ltr'>οὐ·</span> <span class='ocrx_word' id='word_1_226' title='bbox 474 2820 521 2880; x_wconf 81' lang='grc' dir='ltr'>δεῖ</span> <span class='ocrx_word' id='word_1_227' title='bbox 543 2816 647 2891; x_wconf 87' lang='grc' dir='ltr'>λέγειν</span> <span class='ocrx_word' id='word_1_228' title='bbox 669 2819 736 2881; x_wconf 89' lang='grc' dir='ltr'>τῶν</span> <span class='ocrx_word' id='word_1_229' title='bbox 759 2816 886 2897; x_wconf 91' lang='grc' dir='ltr'>ἀνθῶν,</span> <span class='ocrx_word' id='word_1_230' title='bbox 910 2815 992 2879; x_wconf 88' lang='grc' dir='ltr'>ἀλλὰ</span> <span class='ocrx_word' id='word_1_231' title='bbox 1014 2839 1038 2880; x_wconf 93' lang='grc' dir='ltr'>κ.</span> <span class='ocrx_word' id='word_1_232' title='bbox 1061 2838 1086 2880; x_wconf 87' lang='grc' dir='ltr'>τ.</span> <span class='ocrx_word' id='word_1_233' title='bbox 1110 2819 1136 2879; x_wconf 93' lang='grc' dir='ltr'>λ.</span> <span class='ocrx_word' id='word_1_234' title='bbox 1174 2815 1345 2879; x_wconf 83' lang='lat' dir='ltr'><strong>Simillima</strong></span> <span class='ocrx_word' id='word_1_235' title='bbox 1369 2835 1422 2877; x_wconf 89' lang='lat' dir='ltr'>ae-</span> 
     </span>
     <span class='ocr_line' id='line_1_24' title="bbox 275 2925 1423 3004; baseline -0.005 -12"><span class='ocrx_word' id='word_1_236' title='bbox 275 2926 391 2992; x_wconf 82' lang='lat' dir='ltr'><strong>cedant</strong></span> <span class='ocrx_word' id='word_1_237' title='bbox 418 2925 508 2988; x_wconf 84' lang='lat' dir='ltr'><strong>haec.</strong></span> <span class='ocrx_word' id='word_1_238' title='bbox 564 2926 753 3004; x_wconf 83' lang='grc' dir='ltr'>Ἀνδρεία·</span> <span class='ocrx_word' id='word_1_239' title='bbox 787 2930 884 2990; x_wconf 84' lang='grc' dir='ltr'>τοῦτο</span> <span class='ocrx_word' id='word_1_240' title='bbox 919 2927 954 2989; x_wconf 84' lang='grc' dir='ltr'>δὲ</span> <span class='ocrx_word' id='word_1_241' title='bbox 988 2927 1206 2990; x_wconf 82' lang='grc' dir='ltr'>Ἀπολλῶνιοε</span> <span class='ocrx_word' id='word_1_242' title='bbox 1240 2927 1292 2990; x_wconf 88' lang='grc' dir='ltr'>διὰ</span> <span class='ocrx_word' id='word_1_243' title='bbox 1320 2930 1382 2990; x_wconf 86' lang='grc' dir='ltr'>τοῦ</span> <span class='ocrx_word' id='word_1_244' title='bbox 1413 2946 1423 2986; x_wconf 95' lang='grc' dir='ltr'>ι</span> 
     </span>
     <span class='ocr_line' id='line_1_25' title="bbox 274 3033 1420 3119; baseline -0.002 -21"><span class='ocrx_word' id='word_1_245' title='bbox 274 3036 402 3116; x_wconf 87' lang='grc' dir='ltr'>γράφει,</span> <span class='ocrx_word' id='word_1_246' title='bbox 426 3035 444 3098; x_wconf 93' lang='grc' dir='ltr'>δ</span> <span class='ocrx_word' id='word_1_247' title='bbox 467 3037 502 3099; x_wconf 81' lang='grc' dir='ltr'>δὲ</span> <span class='ocrx_word' id='word_1_248' title='bbox 516 3035 615 3114; x_wconf 85' lang='grc' dir='ltr'>Ὠροε</span> <span class='ocrx_word' id='word_1_249' title='bbox 638 3036 689 3098; x_wconf 93' lang='grc' dir='ltr'>διά</span> <span class='ocrx_word' id='word_1_250' title='bbox 711 3040 767 3114; x_wconf 85' lang='grc' dir='ltr'>τῆε</span> <span class='ocrx_word' id='word_1_251' title='bbox 789 3057 815 3100; x_wconf 92' lang='grc' dir='ltr'>ει</span> <span class='ocrx_word' id='word_1_252' title='bbox 837 3035 1029 3117; x_wconf 87' lang='grc' dir='ltr'>διφθόγγου;</span> <span class='ocrx_word' id='word_1_253' title='bbox 1053 3035 1194 3098; x_wconf 78' lang='lat' dir='ltr'><strong>Zonaras</strong></span> <span class='ocrx_word' id='word_1_254' title='bbox 1216 3059 1248 3119; x_wconf 92' lang='lat' dir='ltr'>p.</span> <span class='ocrx_word' id='word_1_255' title='bbox 1264 3035 1339 3119; x_wconf 91' lang='grc'>462,</span> <span class='ocrx_word' id='word_1_256' title='bbox 1364 3033 1420 3098; x_wconf 86' lang='lat' dir='ltr'><strong>Et.</strong></span> 
     </span>
     <span class='ocr_line' id='line_1_26' title="bbox 275 3143 1421 3228; baseline 0 -21"><span class='ocrx_word' id='word_1_257' title='bbox 275 3145 319 3207; x_wconf 90' lang='lat' dir='ltr'>M.</span> <span class='ocrx_word' id='word_1_258' title='bbox 350 3167 381 3226; x_wconf 91' lang='lat' dir='ltr'>p.</span> <span class='ocrx_word' id='word_1_259' title='bbox 404 3144 482 3225; x_wconf 87' lang='lat'>461,</span> <span class='ocrx_word' id='word_1_260' title='bbox 510 3145 569 3226; x_wconf 80' lang='lat'>55,</span> <span class='ocrx_word' id='word_1_261' title='bbox 603 3143 747 3208; x_wconf 88' lang='lat' dir='ltr'><strong>Philemo</strong></span> <span class='ocrx_word' id='word_1_262' title='bbox 774 3167 806 3228; x_wconf 94' lang='lat' dir='ltr'>p.</span> <span class='ocrx_word' id='word_1_263' title='bbox 830 3145 882 3208; x_wconf 84' lang='lat'><strong>39.</strong></span> <span class='ocrx_word' id='word_1_264' title='bbox 910 3183 953 3194; x_wconf 84' lang='lat'>——</span> <span class='ocrx_word' id='word_1_265' title='bbox 980 3146 1070 3221; x_wconf 82' lang='grc' dir='ltr'>Λέγει</span> <span class='ocrx_word' id='word_1_266' title='bbox 1098 3148 1133 3211; x_wconf 82' lang='grc' dir='ltr'>δέ</span> <span class='ocrx_word' id='word_1_267' title='bbox 1161 3146 1276 3227; x_wconf 82' lang='grc' dir='ltr'>Ὠροε,</span> <span class='ocrx_word' id='word_1_268' title='bbox 1305 3145 1354 3208; x_wconf 87' lang='grc' dir='ltr'>ὅτι</span> <span class='ocrx_word' id='word_1_269' title='bbox 1382 3143 1421 3208; x_wconf 88' lang='grc' dir='ltr'>τὸ</span> 
     </span>
     <span class='ocr_line' id='line_1_27' title="bbox 275 3254 1422 3338; baseline -0.004 -19"><span class='ocrx_word' id='word_1_270' title='bbox 275 3255 418 3337; x_wconf 87' lang='grc' dir='ltr'>ίδικόν,</span> <span class='ocrx_word' id='word_1_271' title='bbox 448 3255 539 3333; x_wconf 86' lang='grc' dir='ltr'>ἡνίκα</span> <span class='ocrx_word' id='word_1_272' title='bbox 560 3257 617 3334; x_wconf 84' lang='grc' dir='ltr'>μὲν</span> <span class='ocrx_word' id='word_1_273' title='bbox 641 3255 779 3334; x_wconf 86' lang='grc' dir='ltr'>εημαίνει</span> <span class='ocrx_word' id='word_1_274' title='bbox 801 3256 838 3319; x_wconf 83' lang='grc' dir='ltr'>τό</span> <span class='ocrx_word' id='word_1_275' title='bbox 861 3255 948 3320; x_wconf 84' lang='grc' dir='ltr'>είδοε</span> <span class='ocrx_word' id='word_1_276' title='bbox 977 3256 1050 3320; x_wconf 81' lang='lat' dir='ltr'><strong>otor</strong></span> <span class='ocrx_word' id='word_1_277' title='bbox 1071 3256 1168 3330; x_wconf 88' lang='grc' dir='ltr'>γένοε</span> <span class='ocrx_word' id='word_1_278' title='bbox 1197 3254 1299 3338; x_wconf 88' lang='grc' dir='ltr'>(είδοε</span> <span class='ocrx_word' id='word_1_279' title='bbox 1320 3271 1422 3337; x_wconf 87' lang='lat' dir='ltr'><strong>prave</strong></span> 
     </span>
     <span class='ocr_line' id='line_1_28' title="bbox 225 3364 1421 3452; baseline -0.003 -23"><span class='ocrx_word' id='word_1_280' title='bbox 225 3383 257 3430; x_wconf 79' lang='lat' dir='ltr'>rr</span> <span class='ocrx_word' id='word_1_281' title='bbox 277 3365 442 3449; x_wconf 81' lang='lat' dir='ltr'><strong>iteratur),</strong></span> <span class='ocrx_word' id='word_1_282' title='bbox 472 3365 622 3430; x_wconf 88' lang='grc' dir='ltr'>εἰδικόν</span> <span class='ocrx_word' id='word_1_283' title='bbox 650 3367 701 3429; x_wconf 88' lang='grc' dir='ltr'>διὰ</span> <span class='ocrx_word' id='word_1_284' title='bbox 733 3369 788 3442; x_wconf 84' lang='grc' dir='ltr'>ιῆε</span> <span class='ocrx_word' id='word_1_285' title='bbox 817 3387 843 3429; x_wconf 90' lang='grc' dir='ltr'>ει</span> <span class='ocrx_word' id='word_1_286' title='bbox 871 3367 1065 3445; x_wconf 89' lang='grc' dir='ltr'>διφθόγγου,</span> <span class='ocrx_word' id='word_1_287' title='bbox 1093 3365 1184 3452; x_wconf 86' lang='grc' dir='ltr'>ἡνίκα</span> <span class='ocrx_word' id='word_1_288' title='bbox 1212 3367 1248 3429; x_wconf 81' lang='grc' dir='ltr'>δὲ</span> <span class='ocrx_word' id='word_1_289' title='bbox 1275 3367 1313 3429; x_wconf 88' lang='grc' dir='ltr'>τὸ</span> <span class='ocrx_word' id='word_1_290' title='bbox 1335 3364 1421 3430; x_wconf 83' lang='grc' dir='ltr'>ἴδιον</span> 
     </span>
     <span class='ocr_line' id='line_1_29' title="bbox 277 3473 1421 3560; baseline -0.002 -21"><span class='ocrx_word' id='word_1_291' title='bbox 277 3475 350 3540; x_wconf 87' lang='grc' dir='ltr'>οίον</span> <span class='ocrx_word' id='word_1_292' title='bbox 382 3473 445 3560; x_wconf 80' lang='grc' dir='ltr'>[οὐ]</span> <span class='ocrx_word' id='word_1_293' title='bbox 476 3477 603 3556; x_wconf 88' lang='grc' dir='ltr'>κοινόν,</span> <span class='ocrx_word' id='word_1_294' title='bbox 636 3477 734 3540; x_wconf 88' lang='grc' dir='ltr'>ίδικόν</span> <span class='ocrx_word' id='word_1_295' title='bbox 762 3477 813 3539; x_wconf 88' lang='grc' dir='ltr'>διὰ</span> <span class='ocrx_word' id='word_1_296' title='bbox 843 3481 901 3540; x_wconf 81' lang='grc' dir='ltr'>τοῦ</span> <span class='ocrx_word' id='word_1_297' title='bbox 931 3496 953 3538; x_wconf 75' lang='grc' dir='ltr'>ιι</span> <span class='ocrx_word' id='word_1_298' title='bbox 982 3475 1035 3538; x_wconf 80' lang='lat' dir='ltr'><strong>m.</strong></span> <span class='ocrx_word' id='word_1_299' title='bbox 1065 3474 1110 3537; x_wconf 92' lang='lat' dir='ltr'><strong>M.</strong></span> <span class='ocrx_word' id='word_1_300' title='bbox 1140 3497 1171 3556; x_wconf 92' lang='lat' dir='ltr'><strong>p.</strong></span> <span class='ocrx_word' id='word_1_301' title='bbox 1195 3475 1274 3556; x_wconf 81' lang='grc'>295,</span> <span class='ocrx_word' id='word_1_302' title='bbox 1297 3473 1350 3538; x_wconf 84' lang='grc'>38.</span> <span class='ocrx_word' id='word_1_303' title='bbox 1378 3507 1421 3520; x_wconf 42' lang='grc' dir='ltr'><em>κ</em></span> 
     </span>
     <span class='ocr_line' id='line_1_30' title="bbox 276 3581 1421 3666; baseline -0.004 -17"><span class='ocrx_word' id='word_1_304' title='bbox 276 3587 426 3664; x_wconf 83' lang='grc' dir='ltr'>Ἔριθοε</span> <span class='ocrx_word' id='word_1_305' title='bbox 447 3607 505 3632; x_wconf 88' lang='lat'>-·</span> <span class='ocrx_word' id='word_1_306' title='bbox 522 3586 636 3650; x_wconf 86' lang='grc' dir='ltr'>·ίιτέον</span> <span class='ocrx_word' id='word_1_307' title='bbox 665 3587 700 3649; x_wconf 82' lang='grc' dir='ltr'>δέ</span> <span class='ocrx_word' id='word_1_308' title='bbox 728 3585 776 3649; x_wconf 87' lang='grc' dir='ltr'>ότι</span> <span class='ocrx_word' id='word_1_309' title='bbox 804 3587 900 3666; x_wconf 89' lang='grc' dir='ltr'>φηεὶν</span> <span class='ocrx_word' id='word_1_310' title='bbox 927 3586 1067 3664; x_wconf 88' lang='grc' dir='ltr'>ὁὯροε</span> <span class='ocrx_word' id='word_1_311' title='bbox 1097 3585 1210 3664; x_wconf 87' lang='grc' dir='ltr'>ὅμοιον</span> <span class='ocrx_word' id='word_1_312' title='bbox 1238 3585 1319 3650; x_wconf 83' lang='grc' dir='ltr'>εἶναι</span> <span class='ocrx_word' id='word_1_313' title='bbox 1341 3581 1421 3648; x_wconf 84' lang='grc' dir='ltr'>κατὰ</span> 
     </span>
     <span class='ocr_line' id='line_1_31' title="bbox 276 3695 1419 3775; baseline -0.007 -14"><span class='ocrx_word' id='word_1_314' title='bbox 276 3697 334 3774; x_wconf 86' lang='grc' dir='ltr'>τὴν</span> <span class='ocrx_word' id='word_1_315' title='bbox 356 3698 486 3775; x_wconf 89' lang='grc' dir='ltr'>γραφὴν</span> <span class='ocrx_word' id='word_1_316' title='bbox 508 3696 558 3759; x_wconf 89' lang='grc' dir='ltr'>καί</span> <span class='ocrx_word' id='word_1_317' title='bbox 580 3697 618 3760; x_wconf 87' lang='grc' dir='ltr'>τὸ</span> <span class='ocrx_word' id='word_1_318' title='bbox 640 3695 809 3759; x_wconf 84' lang='grc' dir='ltr'>λέκιθοι·</span> <span class='ocrx_word' id='word_1_319' title='bbox 832 3695 971 3774; x_wconf 86' lang='grc' dir='ltr'>εημαίνει</span> <span class='ocrx_word' id='word_1_320' title='bbox 992 3697 1028 3760; x_wconf 82' lang='grc' dir='ltr'>δὲ</span> <span class='ocrx_word' id='word_1_321' title='bbox 1049 3697 1107 3760; x_wconf 85' lang='grc' dir='ltr'>τὸν</span> <span class='ocrx_word' id='word_1_322' title='bbox 1127 3695 1245 3773; x_wconf 90' lang='grc' dir='ltr'>κρόκον</span> <span class='ocrx_word' id='word_1_323' title='bbox 1265 3698 1324 3758; x_wconf 85' lang='grc' dir='ltr'>τοῦ</span> <span class='ocrx_word' id='word_1_324' title='bbox 1340 3695 1419 3758; x_wconf 85' lang='grc' dir='ltr'>ὠοΰ.</span> 
     </span>
     <span class='ocr_line' id='line_1_32' title="bbox 277 3803 1420 3885; baseline -0.003 -16"><span class='ocrx_word' id='word_1_325' title='bbox 277 3805 314 3869; x_wconf 87' lang='grc' dir='ltr'>τὸ</span> <span class='ocrx_word' id='word_1_326' title='bbox 338 3807 372 3869; x_wconf 84' lang='grc' dir='ltr'>δὲ</span> <span class='ocrx_word' id='word_1_327' title='bbox 402 3805 507 3884; x_wconf 86' lang='grc' dir='ltr'>έριθοε</span> <span class='ocrx_word' id='word_1_328' title='bbox 534 3805 553 3868; x_wconf 94' lang='grc' dir='ltr'>δ</span> <span class='ocrx_word' id='word_1_329' title='bbox 581 3807 724 3885; x_wconf 88' lang='grc' dir='ltr'>τεχνικὸε</span> <span class='ocrx_word' id='word_1_330' title='bbox 747 3806 892 3870; x_wconf 86' lang='grc' dir='ltr'>Ἀλεξίων</span> <span class='ocrx_word' id='word_1_331' title='bbox 921 3805 972 3868; x_wconf 90' lang='grc' dir='ltr'>διὰ</span> <span class='ocrx_word' id='word_1_332' title='bbox 999 3809 1054 3882; x_wconf 86' lang='grc' dir='ltr'>τῆε</span> <span class='ocrx_word' id='word_1_333' title='bbox 1083 3825 1109 3869; x_wconf 89' lang='grc' dir='ltr'>ει</span> <span class='ocrx_word' id='word_1_334' title='bbox 1136 3805 1316 3884; x_wconf 89' lang='grc' dir='ltr'>διφθόγγον</span> <span class='ocrx_word' id='word_1_335' title='bbox 1344 3803 1420 3882; x_wconf 87' lang='grc' dir='ltr'>γρά-</span> 
     </span>
     <span class='ocr_line' id='line_1_33' title="bbox 278 3911 1419 3998; baseline -0.005 -19"><span class='ocrx_word' id='word_1_336' title='bbox 278 3936 349 3998; x_wconf 88' lang='grc' dir='ltr'>φει,</span> <span class='ocrx_word' id='word_1_337' title='bbox 378 3916 456 3993; x_wconf 85' lang='grc' dir='ltr'>ἡδὲ</span> <span class='ocrx_word' id='word_1_338' title='bbox 478 3917 652 3992; x_wconf 85' lang='grc' dir='ltr'>παράδοειε</span> <span class='ocrx_word' id='word_1_339' title='bbox 680 3917 731 3978; x_wconf 92' lang='grc' dir='ltr'>διά</span> <span class='ocrx_word' id='word_1_340' title='bbox 758 3919 816 3979; x_wconf 83' lang='grc' dir='ltr'>τοῦ</span> <span class='ocrx_word' id='word_1_341' title='bbox 840 3937 864 3978; x_wconf 76' lang='grc' dir='ltr'>ιε</span> <span class='ocrx_word' id='word_1_342' title='bbox 893 3913 946 3977; x_wconf 82' lang='lat' dir='ltr'><strong>Et.</strong></span> <span class='ocrx_word' id='word_1_343' title='bbox 971 3912 1053 3977; x_wconf 87' lang='lat' dir='ltr'><strong>Gud.</strong></span> <span class='ocrx_word' id='word_1_344' title='bbox 1078 3935 1109 3996; x_wconf 93' lang='lat' dir='ltr'><strong>p.</strong></span> <span class='ocrx_word' id='word_1_345' title='bbox 1132 3913 1212 3996; x_wconf 89' lang='grc'>206,</span> <span class='ocrx_word' id='word_1_346' title='bbox 1236 3915 1287 3996; x_wconf 79' lang='grc'>37,</span> <span class='ocrx_word' id='word_1_347' title='bbox 1316 3911 1419 3976; x_wconf 85' lang='lat' dir='ltr'><strong>Paris.</strong></span> 
     </span>
     <span class='ocr_line' id='line_1_34' title="bbox 278 4009 1419 4106; baseline -0.004 -19"><span class='ocrx_word' id='word_1_348' title='bbox 278 4046 310 4106; x_wconf 92' lang='lat' dir='ltr'><strong>p.</strong></span> <span class='ocrx_word' id='word_1_349' title='bbox 334 4009 413 4106; x_wconf 79' lang='grc'>861,</span> <span class='ocrx_word' id='word_1_350' title='bbox 441 4023 535 4086; x_wconf 75' lang='grc' dir='ltr'>Κοάε.</span> <span class='ocrx_word' id='word_1_351' title='bbox 564 4046 596 4106; x_wconf 88' lang='grc' dir='ltr'>ρ.</span> <span class='ocrx_word' id='word_1_352' title='bbox 622 4024 698 4106; x_wconf 90' lang='grc'>191,</span> <span class='ocrx_word' id='word_1_353' title='bbox 723 4025 753 4088; x_wconf 82' lang='grc'>3.</span> <span class='ocrx_word' id='word_1_354' title='bbox 786 4063 829 4074; x_wconf 78' lang='lat'>-—</span> <span class='ocrx_word' id='word_1_355' title='bbox 858 4024 1031 4104; x_wconf 85' lang='grc' dir='ltr'>Κιβωτόε</span> <span class='ocrx_word' id='word_1_356' title='bbox 1058 4044 1114 4072; x_wconf 85' lang='lat'>——·</span> <span class='ocrx_word' id='word_1_357' title='bbox 1143 4024 1263 4105; x_wconf 89' lang='grc' dir='ltr'>ῶφειλε</span> <span class='ocrx_word' id='word_1_358' title='bbox 1296 4024 1348 4088; x_wconf 88' lang='grc' dir='ltr'>διὰ</span> <span class='ocrx_word' id='word_1_359' title='bbox 1375 4027 1419 4087; x_wconf 95' lang='grc' dir='ltr'>δι-</span> 
     </span>
     <span class='ocr_line' id='line_1_35' title="bbox 278 4129 1420 4216; baseline -0.002 -19"><span class='ocrx_word' id='word_1_360' title='bbox 278 4134 442 4216; x_wconf 88' lang='grc' dir='ltr'>φθόγγου,</span> <span class='ocrx_word' id='word_1_361' title='bbox 466 4134 575 4213; x_wconf 86' lang='grc' dir='ltr'>ἐπειδὴ</span> <span class='ocrx_word' id='word_1_362' title='bbox 597 4136 684 4214; x_wconf 87' lang='grc' dir='ltr'>παρὰ</span> <span class='ocrx_word' id='word_1_363' title='bbox 706 4134 744 4198; x_wconf 89' lang='grc' dir='ltr'>τὸ</span> <span class='ocrx_word' id='word_1_364' title='bbox 766 4138 881 4199; x_wconf 85' lang='grc' dir='ltr'>κεῑεθαι</span> <span class='ocrx_word' id='word_1_365' title='bbox 903 4135 968 4216; x_wconf 78' lang='grc' dir='ltr'>ἐκεῖ</span> <span class='ocrx_word' id='word_1_366' title='bbox 989 4136 1047 4213; x_wconf 88' lang='grc' dir='ltr'>τὴν</span> <span class='ocrx_word' id='word_1_367' title='bbox 1070 4138 1186 4214; x_wconf 88' lang='grc' dir='ltr'>βρῶειν</span> <span class='ocrx_word' id='word_1_368' title='bbox 1209 4133 1310 4215; x_wconf 85' lang='grc' dir='ltr'>(βόειν</span> <span class='ocrx_word' id='word_1_369' title='bbox 1326 4129 1420 4214; x_wconf 76' lang='lat' dir='ltr'><strong>Zaa.)</strong></span> 
     </span>
     <span class='ocr_line' id='line_1_36' title="bbox 280 4242 1419 4326; baseline -0.002 -20"><span class='ocrx_word' id='word_1_370' title='bbox 280 4242 411 4321; x_wconf 76' lang='grc' dir='ltr'>εἴρηται</span> <span class='ocrx_word' id='word_1_371' title='bbox 434 4243 508 4307; x_wconf 85' lang='grc' dir='ltr'>ἀλλ’</span> <span class='ocrx_word' id='word_1_372' title='bbox 530 4246 549 4323; x_wconf 87' lang='grc' dir='ltr'>ἡ</span> <span class='ocrx_word' id='word_1_373' title='bbox 572 4245 745 4325; x_wconf 84' lang='grc' dir='ltr'>παράδοειε</span> <span class='ocrx_word' id='word_1_374' title='bbox 767 4245 805 4309; x_wconf 85' lang='grc' dir='ltr'>τό</span> <span class='ocrx_word' id='word_1_375' title='bbox 829 4265 838 4307; x_wconf 89' lang='grc' dir='ltr'>ι</span> <span class='ocrx_word' id='word_1_376' title='bbox 860 4244 937 4324; x_wconf 85' lang='grc' dir='ltr'>ἔχει·</span> <span class='ocrx_word' id='word_1_377' title='bbox 964 4245 1014 4308; x_wconf 90' lang='grc' dir='ltr'>καὶ</span> <span class='ocrx_word' id='word_1_378' title='bbox 1038 4247 1121 4320; x_wconf 90' lang='grc' dir='ltr'>λέγει</span> <span class='ocrx_word' id='word_1_379' title='bbox 1142 4242 1241 4321; x_wconf 89' lang='grc' dir='ltr'>Ὧροε</span> <span class='ocrx_word' id='word_1_380' title='bbox 1264 4242 1298 4326; x_wconf 85' lang='grc' dir='ltr'>(ὁ</span> <span class='ocrx_word' id='word_1_381' title='bbox 1322 4242 1419 4318; x_wconf 85' lang='grc' dir='ltr'>Μιλή-</span> 
     </span>
     <span class='ocr_line' id='line_1_37' title="bbox 281 4341 1418 4438; baseline -0.001 -19"><span class='ocrx_word' id='word_1_382' title='bbox 281 4371 345 4419; x_wconf 78' lang='lat' dir='ltr'><strong>croc</strong></span> <span class='ocrx_word' id='word_1_383' title='bbox 367 4351 468 4416; x_wconf 87' lang='lat' dir='ltr'><strong>Paris.</strong></span> <span class='ocrx_word' id='word_1_384' title='bbox 493 4377 524 4437; x_wconf 90' lang='lat' dir='ltr'><strong>p.</strong></span> <span class='ocrx_word' id='word_1_385' title='bbox 549 4355 621 4436; x_wconf 89' lang='grc'>919,</span> <span class='ocrx_word' id='word_1_386' title='bbox 645 4353 755 4438; x_wconf 86' lang='grc' dir='ltr'>Ζοιι.),</span> <span class='ocrx_word' id='word_1_387' title='bbox 781 4353 828 4420; x_wconf 85' lang='grc' dir='ltr'>ότι</span> <span class='ocrx_word' id='word_1_388' title='bbox 850 4341 926 4418; x_wconf 75' lang='lat' dir='ltr'><strong>tiro(</strong></span> <span class='ocrx_word' id='word_1_389' title='bbox 947 4356 1034 4432; x_wconf 90' lang='grc' dir='ltr'>παρὰ</span> <span class='ocrx_word' id='word_1_390' title='bbox 1056 4355 1094 4420; x_wconf 89' lang='grc' dir='ltr'>τὸ</span> <span class='ocrx_word' id='word_1_391' title='bbox 1117 4354 1203 4433; x_wconf 84' lang='grc' dir='ltr'>κίβοε</span> <span class='ocrx_word' id='word_1_392' title='bbox 1225 4352 1287 4418; x_wconf 85' lang='grc' dir='ltr'>ἐετὶ</span> <span class='ocrx_word' id='word_1_393' title='bbox 1309 4353 1347 4416; x_wconf 89' lang='grc' dir='ltr'>τὸ</span> <span class='ocrx_word' id='word_1_394' title='bbox 1370 4371 1418 4427; x_wconf 80' lang='grc' dir='ltr'>ιη·</span> 
     </span>
    </p>
   </div>
   <div class='ocr_carea' id='block_1_3' title="bbox 0 0 1635 5094">
    <p class='ocr_par' dir='ltr' id='par_1_3' title="bbox 0 0 1635 5094">
     <span class='ocr_line' id='line_1_38' title="bbox 0 0 1635 5094; baseline 0 0"><span class='ocrx_word' id='word_1_395' title='bbox 0 0 1635 5094; x_wconf 95' lang='lat' dir='ltr'> </span> 
     </span>
    </p>
   </div>
  </div>
 </body>
</html>
