3222 5104
262 370 325 436 794
482 387 528 434 na
552 387 719 436 suenone
743 387 961 438 orassemus
983 387 1192 437 marasim.

262 540 425 606 sententia
448 561 505 604 sua
526 543 642 624 sponte
662 545 754 625 patet
776 542 811 606 in
833 563 928 625 quam
943 543 1206 624 partemvaleat.
1229 540 1299 605 lam
1316 540 1409 606 enim

262 637 355 715 finita
384 654 432 714 est
459 650 520 714 olei
547 630 700 715 metiendi
728 673 842 734 opera,
867 673 904 716 ac
926 656 1057 736 propter
1085 652 1118 715 id
1145 653 1249 735 ipsum
1277 654 1310 716 et
1338 673 1408 716 me-

262 761 363 826 tiendi
386 764 559 845 apparatus
586 762 642 825 ille
670 763 702 825 et
724 783 762 825 ea
784 762 937 846 amphora
970 783 1057 827 nunc
1079 763 1186 845 abest,
1215 785 1296 846 quae
1323 784 1408 827 non-

262 872 337 936 dum
359 871 544 936 demensum
573 872 677 935 oleum
698 872 846 936 tenebat:
875 895 969 956 quem
996 872 1037 936 ad
1065 872 1193 936 modum
1220 894 1261 936 ne
1289 873 1406 936 arbore

262 983 388 1067 quidem
411 982 546 1066 amplius
569 1003 648 1064 opus
671 985 734 1064 est,
763 983 880 1066 quippe
907 1003 987 1066 quae
1015 982 1248 1066 significandae
1275 986 1406 1048 tantum

262 1092 400 1158 olivitati
422 1093 548 1158 adiecta
568 1092 604 1156 in
627 1093 734 1157 antica
757 1096 848 1176 parte
871 1096 963 1157 esset.
1009 1093 1113 1157 Alteri
1144 1096 1249 1156 autem
1272 1092 1404 1177 ampho-

262 1225 317 1268 rae
339 1203 407 1286 ipse
430 1225 516 1268 nunc
538 1203 684 1267 dominus
707 1202 844 1285 adsidet,
874 1204 966 1267 laeva
993 1223 1091 1266 manu
1112 1207 1149 1268 ut
1170 1203 1296 1268 videtur
1319 1225 1404 1268 com-

262 1317 380 1398 putans
403 1316 435 1376 et
456 1312 567 1398 digitis
590 1334 763 1378 numerans
785 1313 1000 1396 quantitatem
1022 1312 1166 1377 demensi
1188 1313 1265 1395 olei,
1289 1314 1404 1378 derna

261 1423 393 1507 plenum
425 1444 480 1487 vas
507 1426 701 1487 monstrans.
746 1423 852 1487 Tanta
881 1427 988 1487 autern
1015 1423 1077 1486 olei
1104 1423 1233 1488 ubertas
1253 1423 1332 1507 fuit,
1366 1427 1405 1488 ut

263 1534 329 1598 siue
359 1533 420 1597 vim
456 1554 512 1596 vas
545 1554 612 1598 non
639 1533 718 1596 satis
747 1536 889 1615 caperet,
926 1532 1020 1616 idque
1053 1532 1173 1596 socium
1205 1538 1328 1616 movet,
1366 1539 1405 1598 ut

262 1647 445 1728 optatarum
472 1664 592 1707 memor
614 1643 798 1706 divitiarum
827 1664 914 1706 nunc
936 1646 1016 1708 Ecce
1036 1642 1230 1726 respondeat
1256 1655 1402 1724 quantum

262 1766 316 1820 tao
339 1761 399 1819 iam
422 1760 608 1833 exspectatio
631 1775 691 1818 eoa
714 1759 850 1832 expleta,
874 1741 928 1816 sed
949 1759 1026 1818 adeo
1047 1764 1192 1832 snperato
1213 1761 1262 1818 sit.

347 1863 512 1928 Postremo
535 1866 571 1926 ut
589 1863 671 1926 nihil
693 1862 980 1946 praetermittatur,
1005 1862 1089 1945 quod
1111 1863 1146 1926 in
1160 1865 1293 1948 utraque
1309 1869 1403 1948 parte

263 1975 436 2058 amphorae
459 1973 563 2036 adhue
585 1975 744 2036 tractatae
771 1972 930 2036 familiare
952 1971 1133 2036 hominibus
1162 1973 1282 2038 animal
1311 1996 1402 2058 repe-

261 2083 342 2146 titur
366 2082 465 2166 canis,
489 2103 526 2146 eo
548 2082 616 2146 noli
638 2082 806 2166 quicquam
828 2081 1046 2166 significatum
1070 2082 1196 2146 credere
1217 2083 1314 2166 aliud,
1339 2085 1403 2148 nisi

264 2193 302 2255 ad
338 2191 423 2255 vitae
456 2192 597 2256 rationes
635 2192 826 2256 domesticae
862 2214 929 2254 reru
965 2195 1239 2276 repraesentatam
1274 2216 1404 2258 omnem

197 2312 245 2361 189
264 2305 419 2386 spectare.
465 2301 663 2386 Quamquam
692 2302 778 2366 enim
808 2323 874 2366 non
901 2302 1028 2386 ineptus
1056 2302 1109 2384 sit,
1145 2304 1196 2386 qui
1225 2303 1264 2367 de
1293 2305 1404 2368 oliveti

264 2411 392 2477 custode
416 2433 495 2476 cane
519 2413 655 2500 cogitet,
680 2416 790 2476 tamen
812 2411 982 2495 aliquande
1004 2411 1185 2476 meminisse
1213 2413 1320 2497 decet,
1352 2437 1404 2479 ca·

262 2522 400 2588 vendam
423 2544 491 2586 esse
513 2545 555 2587 ne
577 2523 711 2587 nimium
734 2522 977 2605 interpretando
999 2520 1244 2606 hariolemur.*)

348 2631 416 2697 Ser.
439 2631 561 2698 Romae
584 2653 626 2697 m.
649 2633 743 2698 Febr.
768 2655 797 2696 a.
822 2629 1181 2699 clelooccxxxvll.

330 2904 355 2971 *)
375 2902 503 2958 Ceterum
522 2902 743 2972 gratificaturum
760 2921 804 2957 me
822 2902 973 2958 lectoribus
992 2903 1122 2968 arbitror,
1141 2900 1164 2956 si
1182 2903 1404 2960 admonitionem

263 2997 404 3064 quandam
426 2996 484 3050 eius
502 2995 554 3049 viri
571 3012 626 3050 non
645 2996 784 3062 celavero,
807 2995 855 3063 qui
871 2994 988 3065 perlecti
1006 2994 1118 3050 artificis
1140 2995 1252 3050 laudem
1274 3013 1337 3050 curn
1355 2999 1404 3052 ad·

262 3089 383 3144 mirabili
401 3089 576 3157 antiquitatis
595 3090 624 3144 et
641 3088 796 3144 eruditione
815 3090 844 3143 et
860 3088 1054 3158 intellegentia
1074 3087 1163 3142 sociat
1180 3105 1243 3143 raro
1261 3106 1295 3143 ac
1311 3108 1403 3160 prope
1588 3137 1589 3144 ,

262 3183 397 3252 eingrdari
414 3183 554 3252 exemplo,
572 3184 611 3238 Io.
628 3182 710 3236 Mart.
735 3181 897 3250 Wagneri
915 3181 964 3249 Eq.
1001 3182 1028 3234 Is
1045 3179 1131 3249 igitur
1152 3179 1181 3234 in
1205 3199 1238 3236 co
1260 3182 1366 3236 ffiscetli
1385 3203 1404 3240 a
1588 3177 1589 3252 l

261 3275 408 3347 proposita
426 3275 610 3346 explicatione
628 3292 710 3344 prosse
729 3274 816 3328 amice
834 3292 878 3328 me
897 3276 1004 3338 monet,
1018 3277 1054 3336 ,ut
1072 3273 1100 3327 in
1118 3275 1210 3343 priore
1228 3275 1326 3330 tabula
1345 3294 1402 3332 non

263 3387 387 3425 seorsum
406 3386 537 3438 expressa
555 3369 609 3424 clei
627 3367 760 3422 metiendi
779 3383 873 3436 opera,
891 3369 1035 3434 tamquam
1053 3384 1137 3434 quam
1155 3385 1323 3437 praegressa
1338 3369 1403 3439 ipsa

262 3463 397 3518 olivarum
415 3463 513 3517 nicaeis
525 3464 570 3529 sit,
589 3461 727 3530 cogitetur
744 3460 830 3514 nimia
842 3461 963 3528 quadam
982 3461 1140 3526 severitate,
1158 3460 1207 3514 sed
1225 3461 1266 3515 ita
1282 3465 1402 3530 utraque

261 3574 306 3612 res
329 3557 477 3612 coniuncta
495 3557 542 3622 ut,
570 3555 617 3622 qui
643 3571 710 3610 sane
737 3553 844 3607 arboris
868 3553 953 3628 ramis
975 3553 1116 3608 vasculum
1141 3571 1203 3607 cum
1225 3553 1402 3610 infundibulo

261 3667 374 3720 prorsus
393 3650 536 3716 admovet,
555 3665 589 3703 ex
607 3665 641 3703 ea
658 3647 720 3716 ipsa
738 3647 838 3701 arbore
856 3646 984 3716 excipere
1002 3647 1077 3714 quod
1094 3647 1123 3700 in
1142 3648 1282 3701 vasculum
1299 3648 1402 3703 immit-

261 3745 313 3809 tat,
333 3737 515 3812 significetur:
533 3759 589 3796 non
603 3759 657 3808 quo
670 3741 811 3795 adrerum
824 3740 970 3794 veritatem
988 3741 1102 3809 propius
1121 3739 1178 3794 eius
1197 3740 1273 3794 modi
1290 3757 1403 3816 reprae-

262 3835 384 3891 sentatio
407 3835 535 3901 accedat,
562 3833 612 3888 sed
635 3833 709 3901 quod
730 3833 760 3887 in
782 3832 884 3888 veteris
907 3832 975 3888 artis
1003 3832 1230 3894 cousuetudinem
1254 3834 1403 3890 conveniat

261 3927 383 3983 velutin
400 3945 484 3983 unam
503 3926 653 3992 actionem,
673 3913 744 3994 cinae
762 3943 861 3995 reapse
880 3925 1017 3981 disiuncta
1035 3929 1111 3992 aunt,
1130 3927 1269 3992 coartare,
1293 3925 1351 3980 sive
1370 3930 1403 3982 ut
1436 3929 1443 3936 '

262 4040 325 4077 cum
342 4021 456 4076 noviciis
473 4021 631 4076 hominibus
649 4020 760 4088 loquar,
785 4018 938 4089 symbolica
959 4019 1067 4074 ratione
1090 4017 1131 4074 uti
1154 4018 1402 4088 significandarum

261 4133 354 4170 rerum
376 4114 608 4170 secundariaruiu.
644 4113 696 4182 [De
718 4112 779 4167 aliis
796 4111 962 4180 quibusdam
988 4113 1070 4168 rebus
1094 4111 1262 4168 secundariis
1284 4111 1347 4168 vide
1367 4113 1401 4168 G.

262 4209 449 4264 Hermannum
468 4207 675 4262 dissentientem
693 4205 721 4260 in
740 4223 856 4260 censura
872 4225 893 4259 a.
912 4206 943 4275 a]

680 4447 983 4458 —.........-—---—
