3270 5094
276 341 340 408 380
599 356 629 404 c.
653 356 797 405 amaran
820 355 1094 432 aununrrrouus

361 510 401 574 V.
418 511 481 574 248
503 509 638 574 Victorii
660 511 796 589 θ’νητού(
817 513 849 575 τ’
873 511 1005 588 ἔπαυεα,
1027 533 1089 593 quo
1111 513 1237 592 spectat
1259 511 1416 588 0110111γ’

278 621 399 704 aliquot
419 620 572 684 librorum
594 642 722 703 prorsus
744 621 905 703 ineptum,
929 620 975 684 sic
996 622 1102 704 potest
1121 619 1260 703 defendi,
1285 613 1416 686 1110011-

277 731 404 794 tinuare
435 729 642 795 Prometheus
675 730 852 794 orationem
885 730 930 794 eis
962 730 1099 794 voluisse
1130 733 1301 814 statuatur,
1336 752 1417 815 quae

278 843 408 924 propter
422 841 624 904 interiectam
641 840 728 905 chori
748 841 1036 924 interrogationem
1050 840 1152 904 libera
1174 821 1320 905 oratione
1334 839 1417 904 subi-

279 950 457 1024 ciunturr.
480 951 554 1032 252,
577 951 663 1016 hunc
687 951 754 1014 fere
780 950 815 1013 in
837 951 979 1014 modum:
1017 952 1125 1017 adroic
1146 973 1181 1017 τε
1207 956 1271 1031 πῡρ
1295 951 1416 1017 droca.

361 1060 402 1125 V.
426 1061 489 1125 252
511 1063 568 1140 μέν
591 1082 642 1126 τοι
663 1061 849 1124 disiunctim
871 1060 1083 1126 scribendum.

362 1169 403 1234 V.
426 1171 489 1235 265
522 1173 578 1234 aut
598 1173 657 1236 τὸν
680 1177 784 1235 κακῶς
806 1173 981 1250 npdccovr’
1004 1171 1207 1236 scribendum
1230 1193 1301 1236 cum
1324 1171 1417 1236 Stan-

278 1280 350 1356 leio,
387 1280 538 1363 quoniam
571 1303 632 1364 qua
664 1285 742 1344 nota
770 1289 808 1346 (ῖί
834 1282 1019 1346 terminatio
1047 1301 1142 1365 saepe
1170 1281 1371 1366 significatur
1398 1304 1417 1344 a

278 1389 428 1472 librariis,
452 1413 518 1455 non
540 1391 701 1455 dissimilis
724 1412 762 1454 ea
786 1395 834 1454 est
856 1390 1066 1475 apostropho:
1090 1394 1145 1455 aut
1164 1391 1203 1456 de
1226 1391 1417 1476 glossemate

279 1499 313 1562 in
345 1501 497 1584 proximis
527 1501 742 1585 cogitandum.
788 1501 863 1566 Non
891 1501 1033 1566 enimin
1055 1499 1148 1565 huius
1170 1500 1256 1565 modi
1278 1500 1418 1566 transitu

278 1610 451 1694 requiritur
472 1614 507 1676 δὲ
529 1611 706 1693 particulae
729 1611 956 1696 ligamentum:

431 1723 644 1801 npdccovruc·
681 1722 798 1787 αὐτὸς
825 1723 920 1787 ταῦθ’
941 1721 1060 1787 ἅπαντ’
1082 1721 1264 1800 ἠπιετάμην.

280 1828 369 1904 Quod
402 1829 573 1894 Elmsleius
606 1831 757 1914 coniecit,
798 1831 833 1897 εὖ
869 1834 904 1896 δὲ
934 1833 1029 1896 ταῦθ’
1055 1868 1113 1913 —-,
1145 1852 1212 1894 non
1242 1829 1417 1916 satisfacit,

280 1961 435 2023 personae
459 1941 544 2004 enim
567 1941 760 2024 significatio
783 1943 996 2024 exspectatur.

365 2047 406 2113 V.
423 2050 485 2114 343
507 2071 574 2113 11011
597 2050 864 2114 001110111110111111111
886 2053 934 2114 est
952 2053 1067 2133 θέλοις,
1091 2051 1174 2134 quod
1197 2049 1281 2134 apud
1295 2050 1417 2114 Robor-
1479 2125 1485 2142 ι

280 2159 391 2222 tellum
414 2162 446 2222 ct
468 2159 655 2244 quibusdam
676 2160 711 2223 in
735 2159 894 2224 codicibus
916 2161 1050 2244 legitur:
1080 2161 1127 2224 ita
1149 2159 1234 2224 enim
1257 2159 1418 2223 sententia
1498 2165 1502 2172 ’

281 2291 364 2332 nexa
387 2290 425 2332 ex
447 2269 514 2334 solo
541 2269 700 2353 loquentis
733 2270 892 2334 arbitratu
925 2273 988 2353 est,
1023 2271 1118 2353 plane
1139 2273 1176 2333 ut
1197 2271 1224 2335 εἰ
1245 2270 1296 2334 καί
1317 2269 1418 2351 parti-

282 2379 372 2443 culae
394 2379 518 2462 positae
540 2382 616 2443 sunt
636 2378 782 2444 Platonis
804 2379 943 2444 Phaedri
966 2383 985 2460 ξ
1013 2381 1081 2444 143.

365 2489 405 2554 V.
433 2489 640 2555 341-312.
683 2489 758 2553 Non
791 2493 866 2554 sunt
898 2490 978 2554 haec
1011 2489 1169 2574 prioribus
1200 2489 1419 2553 continuanda

280 2602 443 2682 tamquam
466 2599 647 2663 Promethei
670 2601 782 2664 verba:
811 2600 852 2662 ab
875 2600 1004 2663 Oceano
1026 2599 1132 2682 potius
1154 2597 1359 2683 proferuntur
1382 2621 1418 2663 eo

282 2709 424 2787 consili0‚
449 2713 485 2770 ut
506 2709 532 2772 si
554 2709 623 2772 fieri
647 2709 746 2792 possit
762 2709 905 2772 Atlantis
928 2712 960 2772 et
974 2707 1138 2791 Typhonis
1160 2709 1312 2791 exemplis
1334 2708 1419 2772 miti·

282 2821 376 2902 getur
410 2819 615 2892 inexorabilis
653 2819 755 2882 adhuc
794 2818 975 2882 Promethei
1012 2817 1174 2882 atrocitas.
1219 2818 1419 2882 Documento

283 2931 389 2990 autem
417 2928 472 2991 illa
500 2928 645 3012 exempla
675 2933 750 2992 sunt
777 2949 885 2992 eorum
921 2949 1002 3011 quae
1029 2928 1155 2991 dixerat
1181 2950 1211 2990 v.
1240 2927 1313 2992 318.
1344 2928 1417 2993 319.

282 3035 400 3111 Quodsi
429 3059 498 3100 cum
527 3039 631 3102 verbis
654 3039 791 3103 Oceani:
827 3043 959 3103 τοιαῦτα
984 3039 1092 3117 μέντοι
1113 3043 1169 3117 τῆς
1191 3036 1273 3113 ἄγαν
1296 3037 1419 3116 ὑψηγό-

283 3168 342 3226 ρου
364 3148 506 3227 :luccae
527 3148 692 3228 τάπίχειρα
714 3150 854 3226 γίγνεται
868 3187 911 3198 --
925 3147 1004 3212 haec
1028 3147 1236 3212 conferuntur
1258 3148 1301 3232 (v.
1325 3147 1418 3230 360);

192 3256 320 3320 11111Ιὸ1
350 3257 448 3322 αὐτὸν
489 3257 638 3338 ἐξέπληξε
674 3263 742 3324 τῶν
779 3259 957 3340 ὑψηγόρων
994 3259 1241 3338 κομπαεμάτων,
1280 3255 1420 3320 dubitari

282 3367 393 3450 nequit
414 3367 492 3450 quin
513 3367 693 3445 Promethei
717 3370 879 3449 ὑψηγορία
899 3371 1042 3432 notetur:
1065 3368 1189 3451 quodsi
1211 3388 1301 3432 secus
1324 3370 1417 3448 esset,

281 3476 317 3539 in
338 3481 438 3540 semet
460 3477 528 3560 ipse
550 3478 752 3542 inveheretur
774 3477 991 3542 Prometheus.
1037 3478 1105 3541 Nec
1131 3476 1229 3540 animi
1252 3477 1314 3540 ista
1337 3497 1420 3540 com-

282 3587 380 3650 motio
402 3587 465 3651 11151
488 3587 522 3650 111
545 3587 674 3650 Oceano
702 3587 919 3652 misericordia
940 3590 1028 3650 tacto
1056 3586 1134 3649 satis
1164 3586 1417 3670 intellegeretur,

282 3717 341 3759 nec
364 3696 491 3761 fervens
519 3696 652 3760 adeost
681 3693 875 3782 imaginibus
907 3695 1087 3760 redundans
1119 3695 1273 3760 orationis
1305 3715 1418 3780 genus,

282 3807 418 3870 maxime
441 3829 459 3869 a
482 3829 511 3870 v.
535 3807 612 3888 367,
650 3807 686 3870 in
706 3805 931 3871 Prometheum
954 3805 1155 3888 conveniret,
1195 3805 1244 3870 cui
1266 3805 1330 3868 iam
1352 3826 1420 3868 non

282 3919 331 3980 est
352 3917 452 3980 otium
475 3917 581 3980 aliena
609 3917 693 3980 mala
721 3917 930 3980 lamentandi.
975 3914 1174 3980 Vaticinium
1202 3919 1309 3980 autem
1341 3913 1419 3977 illud

282 4025 393 4110 quidm¹
430 4026 576 4091 Oceanus
612 4026 753 4109 potuerit
785 4049 804 4089 a
835 4029 959 4090 matre
994 4025 1192 4109 comperire?
1248 4023 1420 4088 Praeterea

283 4136 408 4219 mirum,
436 4136 489 4219 qui
512 4158 550 4199 ex
572 4136 796 4200 incitatissimo
818 4136 939 4218 impetu
962 4135 1123 4218 placidum
1144 4134 1249 4198 subito
1271 4154 1310 4197 ac
1331 4132 1421 4196 seda-

282 4249 351 4308 tum
366 4269 395 4308 v.
412 4247 475 4310 373
497 4249 590 4310 exeat
611 4245 764 4310 orationis
787 4237 915 4310 flumen.
947 4245 1047 4329 Atqui
1067 4244 1096 4308 si
1116 4265 1226 4308 verum
1248 4243 1419 4324 fateamur,

284 4375 324 4418 ue
346 4355 372 4418 si
396 4355 524 4418 Oceano
552 4353 678 4440 quidem
705 4355 812 4438 pn'ora
841 4354 1041 4438 tribuuntur,
1070 4356 1106 4416 ut
1133 4356 1209 4418 sunt
1235 4351 1418 4434 tribuenda,
