3184 5100
286 342 348 408 734
678 359 838 415 scannia
861 357 1033 408 carmena.

233 528 264 575 ar
284 513 463 597 principem
485 510 659 578 identidem
681 515 905 598 compellasse,
920 517 1024 598 ,atque
1046 533 1134 578 nunc
1155 511 1235 578 adeo
1257 517 1293 577 ut
1315 517 1430 598 surgat

284 623 323 686 dc
345 623 471 688 sedibus
499 624 677 707 postulare,
707 625 769 688 nisi
798 625 884 689 intus
912 644 980 688 esse
1003 623 1135 688 Aiacem
1163 645 1350 708 persuasum
1372 625 1429 688 ha·

283 733 382 798 beat?
403 733 434 796 id
457 735 540 817 quod
556 735 653 799 etiam
668 741 743 818 τᾷδε
766 735 964 818 pronominis
980 734 1199 799 additamento
1223 734 1428 819 significatur

283 843 418 927 quodam
440 845 543 908 modu.
575 844 695 909 Verum
716 866 758 909 ne
780 845 851 929 quis
874 847 1004 909 chorum
1020 845 1193 909 arbitretur
1216 844 1365 908 desiderii
1387 867 1426 908 ac

282 956 435 1018 maeroris
457 956 563 1020 sensui
586 955 665 1019 adeo
687 955 869 1040 indulgere,
898 957 934 1018 ut
956 955 1055 1018 animi
1079 954 1283 1019 commotioni
1307 955 1425 1018 nimiae

283 1065 582 1151 Aiacis‘appellatio
596 1069 761 1149 tamquam
776 1064 955 1150 praesentis
970 1065 1142 1130 tribuenda
1157 1065 1210 1149 sit,
1234 1065 1280 1129 sic
1295 1065 1422 1128 habeto.

282 1176 354 1240 Etsi
377 1176 462 1239 eninr
485 1176 562 1240 illud
586 1176 688 1240 scire
711 1175 824 1239 chorus
839 1197 904 1240 non
923 1179 1033 1260 aperte
1049 1176 1181 1260 dicitur,
1205 1179 1314 1240 tamen
1338 1175 1420 1240 idenr

284 1309 354 1350 eum
377 1287 534 1350 nescire
557 1285 726 1351 dilucidius
754 1290 824 1350 erat
845 1285 1084 1350 declarandurnss
1128 1285 1200 1350 Hoc
1223 1287 1308 1349 enim
1330 1289 1423 1369 pacto

283 1401 533 1461 consentaneum
564 1400 612 1460 est
640 1419 711 1461 eum
739 1395 889 1481 deinceps
923 1417 961 1460 ex
986 1395 1156 1459 Tecmessa
1189 1395 1423 1460 sciscitaturum

282 1497 390 1592 fuisse,
413 1508 545 1571 ubinam
567 1510 747 1571 versaretur
770 1507 869 1588 Aiax,
899 1507 949 1570 vel
973 1510 1058 1570 certe
1080 1505 1262 1570 mirationis
1284 1509 1339 1570 aut
1360 1505 1422 1570 lae-

282 1617 374 1681 titiae
396 1639 507 1682 sensus
529 1616 745 1702 proditurum,
769 1617 823 1680 ubi
846 1615 1015 1680 Tecmessa
1036 1616 1123 1680 foras
1151 1637 1321 1701 progressa
1349 1617 1421 1681 Aia·
1552 1611 1553 1616 ’

286 1751 353 1792 cem
375 1731 564 1793 rrarraverat
590 1728 625 1792 in
646 1727 854 1792 tabernaculo
881 1726 985 1791 iacere
1010 1727 1102 1812 gravi
1130 1727 1242 1792 morbo
1264 1728 1420 1792 affectum.
1552 1711 1553 1756 i

282 1839 422 1903 Omnino
456 1842 562 1902 autem
596 1838 649 1922 qui
682 1838 786 1922 possis
820 1861 839 1901 a
867 1838 1104 1922 sapientissimo
1136 1841 1232 1922 poeta
1264 1837 1323 1902 hoc
1343 1859 1422 1902 ‘esse
1552 1843 1553 1904 Ϊ

179 2007 183 2016 ,
283 1950 485 2013 commissum
514 1947 658 2030 credere,
692 1952 727 2012 ut
760 1947 856 2012 istam
889 1948 977 2012 chori
1011 1948 1140 2013 finxerit
1172 1947 1420 2032 ignorationem,
1552 1935 1553 1950 ³

282 2080 363 2142 quae
391 2081 485 2142 qurun
508 2059 572 2122 vim
594 2057 713 2122 habeat
740 2058 780 2121 ad
809 2058 946 2142 reliqua,
976 2057 1124 2143 intellegi
1152 2057 1290 2141 nequit?
1335 2058 1422 2134 Quod
1552 2107 1553 2114 2

283 2169 502 2252 comitant,
531 2189 598 2232 non
625 2172 731 2252 potest
759 2167 841 2252 quod
867 2169 1034 2253 vulgatum
1057 2170 1106 2232 est
1123 2167 1349 2250 incorruptum
1371 2171 1423 2232 ha·
1552 2201 1553 2210 ν

282 2280 360 2344 beri.
393 2279 511 2343 Videor
533 2281 640 2343 autem
662 2278 817 2362 pristinae
840 2277 1016 2363 scripturae
1031 2278 1255 2362 iutegritatem
1270 2267 1317 2342 sic
1333 2301 1424 2362 posse

283 2390 464 2454 restituere:

434 2553 565 2634 (τηρίῑει
586 2553 676 2618 ποτὶ
697 2553 770 2636 τᾷδ’
792 2552 923 2637 ἀγωνίῳ
946 2553 1062 2635 excid,

282 2721 314 2784 id
342 2721 425 2805 quod
453 2722 494 2785 ab
525 2721 682 2805 imperitis
715 2722 764 2785 vel
795 2720 1041 2784 dormitantibus
1070 2719 1210 2783 librariis
1237 2719 1350 2784 eadern
1378 2723 1425 2784 est

281 2832 519 2915 depravationis
548 2831 652 2915 specie
675 2833 840 2915 affectum,
870 2852 932 2914 qua
954 2829 1201 2894 Trachiniarum
1229 2851 1323 2894 versu
1350 2831 1424 2894 irre

281 2941 347 3025 psit
369 2941 402 3004 in
424 2941 639 3005 Triclinianos
661 2941 759 3005 libros
781 2942 821 3021 μή
844 2963 923 3007 ποτε
945 2940 1073 3022 ψαύων.
1118 2939 1243 3004 Partim
1266 2939 1422 3025 aequalia,
1552 2951 1553 2962 ¹

281 3051 399 3136 partim
432 3051 549 3116 similia
583 3054 749 3136 corruptae
787 3051 863 3117 ποτί
900 3050 1023 3115 formae
1058 3050 1203 3134 exempla
1236 3049 1425 3134 perstrinxit
1552 3127 1553 3132 γ

281 3161 423 3226 Koenius
446 3162 486 3226 ad
509 3161 699 3247 Gregorium
728 3184 760 3245 p.
787 3162 848 3226 194
869 3183 916 3245 sq.
961 3160 1132 3244 Reliquum
1159 3163 1209 3225 est
1236 3163 1359 3244 autem,
1388 3163 1425 3224 ut

281 3272 430 3358 loquendi
453 3276 549 3356 atque
571 3272 650 3336 adeo
672 3270 832 3336 sentiendi
854 3292 955 3357 genus
979 3271 1193 3355 expediamus,
1217 3270 1301 3354 quod
1324 3270 1423 3334 cerni-

280 3386 333 3446 tur
354 3383 389 3446 in
411 3383 517 3448 verbis
545 3382 676 3463 ετηρίζει
697 3384 770 3448 ποτὶ
793 3384 907 3466 (χαλᾷ,
937 3381 1033 3466 plano
1064 3380 1257 3446 conveniens
1284 3379 1363 3444 illud
1389 3380 1423 3444 in

282 3492 446 3578 cogitandi
489 3492 690 3558 alacritatem
727 3490 990 3576 describendique
1028 3491 1221 3575 gravitatem
1258 3493 1423 3574 poetarum

280 3625 484 3689 graecorum,
514 3603 568 3688 qui
595 3625 662 3666 rem
696 3623 852 3686 quamque
885 3602 926 3666 ab
948 3623 1098 3666 sensuum
1126 3601 1292 3666 intellectu
1320 3599 1422 3664 seiun-

281 3717 366 3778 ctam
392 3715 480 3779 velut
509 3716 710 3799 praesentem
742 3711 841 3778 oculis
869 3712 1045 3776 intuentur.
1096 3712 1196 3786 Quem
1229 3712 1269 3776 ad
1297 3710 1424 3776 modum
1552 3763 1553 3798 Ξ

280 3824 380 3909 igitur
402 3823 639 3890 calamitatibus
662 3822 818 3887 afflictum
841 3823 891 3886 vel
913 3822 1105 3888 necessitate
1128 3819 1316 3886 adstrictum
1339 3821 1423 3884 dixe·
1552 3825 1553 3892 j

279 3937 356 3999 runt
387 3935 423 4001 ἐν
457 3937 615 4015 πημοναῖς
648 3933 877 4014 ἐνεῑενγμένον
910 3933 960 3998 vel
994 3933 1144 4010 ἀνάγκαι(
1173 3932 1423 4012 ὑπεζευγμένον,

279 4047 316 4108 ut
338 4047 387 4108 est
409 4044 494 4128 apud
516 4042 710 4128 Aeschylum
732 4042 914 4108 Promethei
936 4066 966 4110 ν.
988 4043 1051 4108 579
1075 4041 1160 4130 [577]
1185 4044 1218 4105 et
1242 4042 1318 4124 108,
1347 4041 1425 4104 item

281 4153 365 4238 apud
398 4153 588 4238 Sophoclem
617 4153 728 4218 Aiacis
756 4177 783 4218 ν.
818 4153 879 4219 723
914 4150 1016 4239 [casp
1043 4153 1119 4219 vtae
1153 4153 1272 4233 βουλὰ(
1306 4153 1425 4219 νέοιαν
1461 4133 1464 4139 ¹

230 4287 262 4332 :rs
280 4265 509 4342 ἐγκαταζεύξα(
529 4265 676 4346 τρόπαια
699 4263 832 4328 Homeri
853 4263 939 4328 enim
961 4263 1020 4350 ἄτῃ
1047 4263 1174 4342 enecare
1203 4261 1311 4346 βαρείῃ
1343 4283 1426 4326 com·
1552 4343 1553 4350 ἵ

280 4395 456 4440 memorare
478 4375 559 4439 nihil
581 4373 715 4438 attinet:
742 4377 837 4457 atque
859 4373 893 4436 in
916 4373 1026 4437 eadem
1048 4373 1104 4437 illa
1127 4369 1292 4454 Sophoclis
1315 4371 1428 4437 fabula
