<?xml version="1.0" encoding="UTF-8"?>
<!DOCTYPE html PUBLIC "-//W3C//DTD XHTML 1.0 Transitional//EN"
    "http://www.w3.org/TR/xhtml1/DTD/xhtml1-transitional.dtd">
<html xmlns="http://www.w3.org/1999/xhtml" xml:lang="en" lang="en">
 <head>
  <title>
</title>
<meta http-equiv="Content-Type" content="text/html;charset=utf-8" />
  <meta name='ocr-system' content='tesseract 3.04.00' />
  <meta name='ocr-capabilities' content='ocr_page ocr_carea ocr_par ocr_line ocrx_word'/>
</head>
<body>
  <div class='ocr_page' id='page_1' title='image "./fridericiritsch11wachgoog_0237.png"; bbox 0 0 3254 5092; ppageno 0'>
   <div class='ocr_carea' id='block_1_1' title="bbox 256 334 1050 418">
    <p class='ocr_par' dir='ltr' id='par_1_1' title="bbox 256 334 1050 418">
     <span class='ocr_line' id='line_1_1' title="bbox 256 334 1050 418; baseline -0.015 -1"><span class='ocrx_word' id='word_1_1' title='bbox 256 355 319 418; x_wconf 80' lang='lat'>216</span> <span class='ocrx_word' id='word_1_2' title='bbox 528 334 533 342; x_wconf 65' lang='grc'><strong>’</strong></span> <span class='ocrx_word' id='word_1_3' title='bbox 606 361 764 412; x_wconf 77' lang='lat' dir='ltr'>sarrana</span> <span class='ocrx_word' id='word_1_4' title='bbox 787 360 1050 409; x_wconf 77' lang='lat' dir='ltr'>rironaoonnun</span> 
     </span>
    </p>
   </div>
   <div class='ocr_carea' id='block_1_2' title="bbox 197 511 1465 4418">
    <p class='ocr_par' dir='ltr' id='par_1_2' title="bbox 257 511 1465 1587">
     <span class='ocr_line' id='line_1_2' title="bbox 257 511 1465 600; baseline -0.012 -14"><span class='ocrx_word' id='word_1_5' title='bbox 257 543 343 586; x_wconf 80' lang='lat' dir='ltr'>nrrne</span> <span class='ocrx_word' id='word_1_6' title='bbox 365 521 400 584; x_wconf 91' lang='lat' dir='ltr'>in</span> <span class='ocrx_word' id='word_1_7' title='bbox 421 520 511 584; x_wconf 89' lang='lat' dir='ltr'>libris</span> <span class='ocrx_word' id='word_1_8' title='bbox 535 515 779 600; x_wconf 86' lang='lat' dir='ltr'>Aristophaneis</span> <span class='ocrx_word' id='word_1_9' title='bbox 804 516 968 598; x_wconf 81' lang='lat' dir='ltr'>leguntur,</span> <span class='ocrx_word' id='word_1_10' title='bbox 993 515 1143 595; x_wconf 86' lang='lat' dir='ltr'>excerpta</span> <span class='ocrx_word' id='word_1_11' title='bbox 1166 511 1241 575; x_wconf 86' lang='lat' dir='ltr'>sint.</span> <span class='ocrx_word' id='word_1_12' title='bbox 1286 511 1394 594; x_wconf 88' lang='lat' dir='ltr'>Ipsum</span> <span class='ocrx_word' id='word_1_13' title='bbox 1463 545 1465 548; x_wconf 95' lang='lat'>·</span> 
     </span>
     <span class='ocr_line' id='line_1_3' title="bbox 258 621 1394 708; baseline -0.01 -13"><span class='ocrx_word' id='word_1_14' title='bbox 258 637 368 700; x_wconf 85' lang='lat' dir='ltr'>autem</span> <span class='ocrx_word' id='word_1_15' title='bbox 385 631 534 693; x_wconf 82' lang='lat' dir='ltr'>Taetrum</span> <span class='ocrx_word' id='word_1_16' title='bbox 557 626 678 690; x_wconf 90' lang='lat' dir='ltr'>scholia</span> <span class='ocrx_word' id='word_1_17' title='bbox 693 625 892 708; x_wconf 77' lang='lat' dir='ltr'>Dionysiana</span> <span class='ocrx_word' id='word_1_18' title='bbox 910 625 1053 686; x_wconf 90' lang='lat' dir='ltr'>secutum</span> <span class='ocrx_word' id='word_1_19' title='bbox 1068 643 1136 685; x_wconf 86' lang='lat' dir='ltr'>esse</span> <span class='ocrx_word' id='word_1_20' title='bbox 1152 643 1218 684; x_wconf 93' lang='lat' dir='ltr'>non</span> <span class='ocrx_word' id='word_1_21' title='bbox 1233 621 1301 684; x_wconf 90' lang='lat' dir='ltr'>sinc</span> <span class='ocrx_word' id='word_1_22' title='bbox 1323 642 1394 704; x_wconf 81' lang='lat' dir='ltr'>pro</span> 
     </span>
     <span class='ocr_line' id='line_1_4' title="bbox 258 731 1395 815; baseline -0.01 -11"><span class='ocrx_word' id='word_1_23' title='bbox 258 740 423 804; x_wconf 87' lang='lat' dir='ltr'>babilitate</span> <span class='ocrx_word' id='word_1_24' title='bbox 440 737 577 802; x_wconf 86' lang='lat' dir='ltr'>coniecit</span> <span class='ocrx_word' id='word_1_25' title='bbox 591 735 784 800; x_wconf 83' lang='lat' dir='ltr'>Ritschelius</span> <span class='ocrx_word' id='word_1_26' title='bbox 801 732 916 799; x_wconf 78' lang='lat' dir='ltr'>Coroll.</span> <span class='ocrx_word' id='word_1_27' title='bbox 933 755 964 815; x_wconf 93' lang='lat' dir='ltr'>p.</span> <span class='ocrx_word' id='word_1_28' title='bbox 983 734 1037 814; x_wconf 76' lang='lat'>17,</span> <span class='ocrx_word' id='word_1_29' title='bbox 1062 753 1252 815; x_wconf 88' lang='lat' dir='ltr'>quamquam</span> <span class='ocrx_word' id='word_1_30' title='bbox 1274 731 1395 814; x_wconf 86' lang='lat' dir='ltr'>praeci-</span> 
     </span>
     <span class='ocr_line' id='line_1_5' title="bbox 258 840 1395 933; baseline -0.011 -19"><span class='ocrx_word' id='word_1_31' title='bbox 258 871 354 933; x_wconf 80' lang='lat' dir='ltr'>pinmi</span> <span class='ocrx_word' id='word_1_32' title='bbox 387 848 479 912; x_wconf 88' lang='lat' dir='ltr'>huius</span> <span class='ocrx_word' id='word_1_33' title='bbox 512 845 672 930; x_wconf 87' lang='lat' dir='ltr'>opinionis</span> <span class='ocrx_word' id='word_1_34' title='bbox 704 845 963 924; x_wconf 88' lang='lat' dir='ltr'>fundamentum,</span> <span class='ocrx_word' id='word_1_35' title='bbox 997 842 1079 925; x_wconf 91' lang='lat' dir='ltr'>quod</span> <span class='ocrx_word' id='word_1_36' title='bbox 1113 842 1147 905; x_wconf 92' lang='lat' dir='ltr'>in</span> <span class='ocrx_word' id='word_1_37' title='bbox 1181 841 1277 904; x_wconf 85' lang='lat' dir='ltr'>simili</span> <span class='ocrx_word' id='word_1_38' title='bbox 1312 840 1395 923; x_wconf 88' lang='lat' dir='ltr'>apud</span> 
     </span>
     <span class='ocr_line' id='line_1_6' title="bbox 258 951 1395 1042; baseline -0.009 -20"><span class='ocrx_word' id='word_1_39' title='bbox 258 964 424 1042; x_wconf 84' lang='lat' dir='ltr'>utrumque</span> <span class='ocrx_word' id='word_1_40' title='bbox 446 957 484 1020; x_wconf 88' lang='lat' dir='ltr'>de</span> <span class='ocrx_word' id='word_1_41' title='bbox 499 955 631 1020; x_wconf 83' lang='lat' dir='ltr'>Homeri</span> <span class='ocrx_word' id='word_1_42' title='bbox 652 954 846 1019; x_wconf 81' lang='lat' dir='ltr'>carminibus</span> <span class='ocrx_word' id='word_1_43' title='bbox 861 951 1047 1016; x_wconf 76' lang='lat' dir='ltr'>narratione</span> <span class='ocrx_word' id='word_1_44' title='bbox 1067 951 1206 1036; x_wconf 87' lang='lat' dir='ltr'>positum</span> <span class='ocrx_word' id='word_1_45' title='bbox 1222 954 1285 1032; x_wconf 86' lang='lat' dir='ltr'>est,</span> <span class='ocrx_word' id='word_1_46' title='bbox 1310 972 1395 1014; x_wconf 90' lang='lat' dir='ltr'>ever-</span> 
     </span>
     <span class='ocr_line' id='line_1_7' title="bbox 257 1059 1396 1146; baseline -0.008 -15"><span class='ocrx_word' id='word_1_47' title='bbox 257 1073 324 1131; x_wconf 82' lang='lat' dir='ltr'>tere</span> <span class='ocrx_word' id='word_1_48' title='bbox 353 1067 548 1131; x_wconf 77' lang='lat' dir='ltr'>conabimur.</span> <span class='ocrx_word' id='word_1_49' title='bbox 594 1065 677 1128; x_wconf 90' lang='lat' dir='ltr'>Nam</span> <span class='ocrx_word' id='word_1_50' title='bbox 705 1063 885 1127; x_wconf 90' lang='lat' dir='ltr'>Parisinum</span> <span class='ocrx_word' id='word_1_51' title='bbox 913 1061 1158 1146; x_wconf 83' lang='lat' dir='ltr'>grammaticum</span> <span class='ocrx_word' id='word_1_52' title='bbox 1180 1081 1199 1123; x_wconf 90' lang='lat' dir='ltr'>a</span> <span class='ocrx_word' id='word_1_53' title='bbox 1224 1059 1396 1123; x_wconf 80' lang='lat' dir='ltr'>scholiasta</span> 
     </span>
     <span class='ocr_line' id='line_1_8' title="bbox 258 1170 1396 1260; baseline -0.007 -20"><span class='ocrx_word' id='word_1_54' title='bbox 258 1177 405 1260; x_wconf 84' lang='lat' dir='ltr'>Dionysii</span> <span class='ocrx_word' id='word_1_55' title='bbox 433 1177 620 1258; x_wconf 85' lang='lat' dir='ltr'>usurpatum</span> <span class='ocrx_word' id='word_1_56' title='bbox 648 1195 731 1255; x_wconf 84' lang='lat' dir='ltr'>esse,</span> <span class='ocrx_word' id='word_1_57' title='bbox 766 1194 846 1255; x_wconf 90' lang='lat' dir='ltr'>quae</span> <span class='ocrx_word' id='word_1_58' title='bbox 878 1171 941 1235; x_wconf 88' lang='lat' dir='ltr'>fuit</span> <span class='ocrx_word' id='word_1_59' title='bbox 969 1170 1203 1236; x_wconf 81' lang='lat' dir='ltr'>Schneidewini</span> <span class='ocrx_word' id='word_1_60' title='bbox 1236 1171 1396 1233; x_wconf 86' lang='lat' dir='ltr'>sententia</span> 
     </span>
     <span class='ocr_line' id='line_1_9' title="bbox 259 1279 1397 1369; baseline -0.007 -20"><span class='ocrx_word' id='word_1_61' title='bbox 259 1285 394 1369; x_wconf 79' lang='lat' dir='ltr'>Ephem.</span> <span class='ocrx_word' id='word_1_62' title='bbox 419 1284 566 1368; x_wconf 85' lang='lat' dir='ltr'>Gotting.</span> <span class='ocrx_word' id='word_1_63' title='bbox 591 1306 620 1346; x_wconf 91' lang='lat' dir='ltr'>a.</span> <span class='ocrx_word' id='word_1_64' title='bbox 647 1283 729 1346; x_wconf 80' lang='lat'>1840</span> <span class='ocrx_word' id='word_1_65' title='bbox 750 1304 792 1346; x_wconf 86' lang='lat' dir='ltr'>nr.</span> <span class='ocrx_word' id='word_1_66' title='bbox 816 1281 886 1345; x_wconf 92' lang='lat' dir='ltr'>lun.</span> <span class='ocrx_word' id='word_1_67' title='bbox 915 1304 946 1364; x_wconf 89' lang='lat' dir='ltr'>p.</span> <span class='ocrx_word' id='word_1_68' title='bbox 971 1281 1049 1361; x_wconf 82' lang='lat'><strong>950,</strong></span> <span class='ocrx_word' id='word_1_69' title='bbox 1078 1281 1183 1343; x_wconf 88' lang='lat' dir='ltr'>minus</span> <span class='ocrx_word' id='word_1_70' title='bbox 1205 1279 1270 1342; x_wconf 87' lang='lat' dir='ltr'>veri</span> <span class='ocrx_word' id='word_1_71' title='bbox 1294 1279 1397 1342; x_wconf 87' lang='lat' dir='ltr'>simile</span> 
     </span>
     <span class='ocr_line' id='line_1_10' title="bbox 260 1391 1397 1477; baseline -0.004 -19"><span class='ocrx_word' id='word_1_72' title='bbox 260 1399 308 1458; x_wconf 87' lang='lat' dir='ltr'>est</span> <span class='ocrx_word' id='word_1_73' title='bbox 328 1394 465 1458; x_wconf 86' lang='lat' dir='ltr'>maxime</span> <span class='ocrx_word' id='word_1_74' title='bbox 487 1397 617 1477; x_wconf 83' lang='lat' dir='ltr'>propter</span> <span class='ocrx_word' id='word_1_75' title='bbox 639 1393 735 1454; x_wconf 90' lang='lat' dir='ltr'>verba</span> <span class='ocrx_word' id='word_1_76' title='bbox 758 1394 833 1454; x_wconf 87' lang='lat' dir='ltr'>ante</span> <span class='ocrx_word' id='word_1_77' title='bbox 850 1391 949 1454; x_wconf 83' lang='lat' dir='ltr'>citata</span> <span class='ocrx_word' id='word_1_78' title='bbox 970 1393 1087 1466; x_wconf 82' lang='grc' dir='ltr'>γέγονε</span> <span class='ocrx_word' id='word_1_79' title='bbox 1109 1393 1144 1454; x_wconf 78' lang='grc' dir='ltr'>δὲ</span> <span class='ocrx_word' id='word_1_80' title='bbox 1166 1394 1222 1467; x_wconf 82' lang='grc' dir='ltr'>τῆ(</span> <span class='ocrx_word' id='word_1_81' title='bbox 1237 1392 1294 1468; x_wconf 82' lang='grc' dir='ltr'>μὲν</span> <span class='ocrx_word' id='word_1_82' title='bbox 1310 1391 1397 1470; x_wconf 88' lang='grc' dir='ltr'>πρώ-</span> 
     </span>
     <span class='ocr_line' id='line_1_11' title="bbox 259 1498 1397 1587; baseline -0.006 -19"><span class='ocrx_word' id='word_1_83' title='bbox 259 1527 315 1584; x_wconf 79' lang='grc' dir='ltr'>τη(</span> <span class='ocrx_word' id='word_1_84' title='bbox 342 1526 428 1587; x_wconf 83' lang='lat' dir='ltr'>sqq,</span> <span class='ocrx_word' id='word_1_85' title='bbox 457 1524 538 1586; x_wconf 89' lang='lat' dir='ltr'>quae</span> <span class='ocrx_word' id='word_1_86' title='bbox 560 1503 596 1565; x_wconf 91' lang='lat' dir='ltr'>in</span> <span class='ocrx_word' id='word_1_87' title='bbox 618 1501 746 1565; x_wconf 86' lang='lat' dir='ltr'>scholiis</span> <span class='ocrx_word' id='word_1_88' title='bbox 769 1499 976 1583; x_wconf 88' lang='lat' dir='ltr'>Dionysianis</span> <span class='ocrx_word' id='word_1_89' title='bbox 1002 1522 1034 1582; x_wconf 90' lang='lat' dir='ltr'>p.</span> <span class='ocrx_word' id='word_1_90' title='bbox 1059 1499 1121 1562; x_wconf 79' lang='lat'>749</span> <span class='ocrx_word' id='word_1_91' title='bbox 1142 1498 1246 1582; x_wconf 82' lang='lat' dir='ltr'>magis</span> <span class='ocrx_word' id='word_1_92' title='bbox 1270 1499 1397 1582; x_wconf 80' lang='lat' dir='ltr'>integra</span> 
     </span>
    </p>

    <p class='ocr_par' dir='ltr' id='par_1_3' title="bbox 208 1609 1399 1914">
     <span class='ocr_line' id='line_1_12' title="bbox 208 1609 1398 1690; baseline -0.002 -14"><span class='ocrx_word' id='word_1_93' title='bbox 208 1623 216 1636; x_wconf 86' lang='lat'>&#39;</span> <span class='ocrx_word' id='word_1_94' title='bbox 260 1615 358 1677; x_wconf 89' lang='lat' dir='ltr'>habes</span> <span class='ocrx_word' id='word_1_95' title='bbox 381 1612 442 1676; x_wconf 90' lang='lat' dir='ltr'>sic:</span> <span class='ocrx_word' id='word_1_96' title='bbox 465 1615 515 1677; x_wconf 85' lang='grc' dir='ltr'>καὶ</span> <span class='ocrx_word' id='word_1_97' title='bbox 537 1617 592 1690; x_wconf 68' lang='grc' dir='ltr'>τῆς</span> <span class='ocrx_word' id='word_1_98' title='bbox 614 1615 671 1690; x_wconf 86' lang='grc' dir='ltr'>μὲν</span> <span class='ocrx_word' id='word_1_99' title='bbox 694 1614 831 1674; x_wconf 74' lang='grc' dir='ltr'>παλαιᾶς</span> <span class='ocrx_word' id='word_1_100' title='bbox 852 1611 960 1674; x_wconf 81' lang='grc' dir='ltr'>πολλὰ</span> <span class='ocrx_word' id='word_1_101' title='bbox 982 1609 1160 1686; x_wconf 66' lang='lat' dir='ltr'>perductur,</span> <span class='ocrx_word' id='word_1_102' title='bbox 1189 1609 1338 1687; x_wconf 80' lang='grc' dir='ltr'>ἑπίεημο(</span> <span class='ocrx_word' id='word_1_103' title='bbox 1364 1613 1398 1674; x_wconf 79' lang='grc' dir='ltr'>δὲ</span> 
     </span>
     <span class='ocr_line' id='line_1_13' title="bbox 262 1720 1399 1803; baseline -0.004 -15"><span class='ocrx_word' id='word_1_104' title='bbox 262 1726 414 1803; x_wconf 72' lang='grc' dir='ltr'>Κρατῖνος</span> <span class='ocrx_word' id='word_1_105' title='bbox 444 1723 463 1786; x_wconf 89' lang='grc' dir='ltr'>ὁ</span> <span class='ocrx_word' id='word_1_106' title='bbox 491 1725 541 1786; x_wconf 87' lang='grc' dir='ltr'>καὶ</span> <span class='ocrx_word' id='word_1_107' title='bbox 568 1721 801 1800; x_wconf 65' lang='grc' dir='ltr'>πραττόμενος·</span> <span class='ocrx_word' id='word_1_108' title='bbox 829 1721 979 1799; x_wconf 80' lang='grc' dir='ltr'>μετέεχον</span> <span class='ocrx_word' id='word_1_109' title='bbox 1010 1720 1045 1782; x_wconf 82' lang='grc' dir='ltr'>δέ</span> <span class='ocrx_word' id='word_1_110' title='bbox 1073 1738 1160 1782; x_wconf 70' lang='grc' dir='ltr'>τινος</span> <span class='ocrx_word' id='word_1_111' title='bbox 1191 1720 1311 1798; x_wconf 89' lang='grc' dir='ltr'>χρόνου</span> <span class='ocrx_word' id='word_1_112' title='bbox 1342 1724 1399 1797; x_wconf 79' lang='grc' dir='ltr'>τῆ(</span> 
     </span>
     <span class='ocr_line' id='line_1_14' title="bbox 261 1829 1133 1914; baseline -0.009 -16"><span class='ocrx_word' id='word_1_113' title='bbox 261 1837 398 1898; x_wconf 66' lang='grc' dir='ltr'>παλαιᾶς</span> <span class='ocrx_word' id='word_1_114' title='bbox 420 1832 588 1914; x_wconf 77' lang='grc' dir='ltr'>κωμῳδία(</span> <span class='ocrx_word' id='word_1_115' title='bbox 611 1831 746 1894; x_wconf 69' lang='grc' dir='ltr'>Εὔπολίς</span> <span class='ocrx_word' id='word_1_116' title='bbox 768 1851 803 1895; x_wconf 82' lang='grc' dir='ltr'>τε</span> <span class='ocrx_word' id='word_1_117' title='bbox 825 1831 875 1894; x_wconf 82' lang='grc' dir='ltr'>καὶ</span> <span class='ocrx_word' id='word_1_118' title='bbox 898 1829 1133 1908; x_wconf 74' lang='grc' dir='ltr'>Ἀριετοφάνηε.</span> 
     </span>
    </p>

    <p class='ocr_par' dir='ltr' id='par_1_4' title="bbox 262 1935 1403 3433">
     <span class='ocr_line' id='line_1_15' title="bbox 346 1935 1398 2022; baseline -0.006 -17"><span class='ocrx_word' id='word_1_119' title='bbox 346 1940 436 2004; x_wconf 85' lang='lat' dir='ltr'>Haec</span> <span class='ocrx_word' id='word_1_120' title='bbox 458 1940 557 2022; x_wconf 80' lang='lat' dir='ltr'>igitur</span> <span class='ocrx_word' id='word_1_121' title='bbox 584 1939 623 2002; x_wconf 89' lang='lat' dir='ltr'>de</span> <span class='ocrx_word' id='word_1_122' title='bbox 646 1939 791 2002; x_wconf 88' lang='lat' dir='ltr'>Parisino</span> <span class='ocrx_word' id='word_1_123' title='bbox 815 1938 1053 2000; x_wconf 86' lang='lat' dir='ltr'>commentario.</span> <span class='ocrx_word' id='word_1_124' title='bbox 1099 1936 1149 1999; x_wconf 87' lang='lat' dir='ltr'>Ad</span> <span class='ocrx_word' id='word_1_125' title='bbox 1172 1935 1398 2000; x_wconf 71' lang='lat' dir='ltr'>Plautinum</span> 
     </span>
     <span class='ocr_line' id='line_1_16' title="bbox 262 2047 1399 2130; baseline -0.002 -18"><span class='ocrx_word' id='word_1_126' title='bbox 262 2055 369 2113; x_wconf 88' lang='lat' dir='ltr'>autem</span> <span class='ocrx_word' id='word_1_127' title='bbox 391 2047 584 2112; x_wconf 89' lang='lat' dir='ltr'>scholium</span> <span class='ocrx_word' id='word_1_128' title='bbox 600 2048 803 2111; x_wconf 89' lang='lat' dir='ltr'>iudicandum</span> <span class='ocrx_word' id='word_1_129' title='bbox 820 2069 890 2109; x_wconf 92' lang='lat' dir='ltr'>eum</span> <span class='ocrx_word' id='word_1_130' title='bbox 912 2051 1039 2130; x_wconf 87' lang='lat' dir='ltr'>praeter</span> <span class='ocrx_word' id='word_1_131' title='bbox 1061 2047 1146 2110; x_wconf 93' lang='lat' dir='ltr'>hunc</span> <span class='ocrx_word' id='word_1_132' title='bbox 1161 2047 1225 2108; x_wconf 89' lang='lat' dir='ltr'>iarn</span> <span class='ocrx_word' id='word_1_133' title='bbox 1247 2047 1399 2129; x_wconf 84' lang='lat' dir='ltr'>bipertita</span> 
     </span>
     <span class='ocr_line' id='line_1_17' title="bbox 263 2156 1399 2240; baseline -0.004 -18"><span class='ocrx_word' id='word_1_134' title='bbox 263 2159 379 2222; x_wconf 89' lang='lat' dir='ltr'>codicis</span> <span class='ocrx_word' id='word_1_135' title='bbox 396 2157 601 2220; x_wconf 82' lang='lat' dir='ltr'>Ambrosiam</span> <span class='ocrx_word' id='word_1_136' title='bbox 625 2157 850 2240; x_wconf 79' lang='lat' dir='ltr'>prolegomena</span> <span class='ocrx_word' id='word_1_137' title='bbox 874 2157 1036 2239; x_wconf 84' lang='lat' dir='ltr'>proposita</span> <span class='ocrx_word' id='word_1_138' title='bbox 1052 2156 1133 2238; x_wconf 88' lang='lat' dir='ltr'>sint,</span> <span class='ocrx_word' id='word_1_139' title='bbox 1158 2156 1309 2238; x_wconf 88' lang='lat' dir='ltr'>equibus</span> <span class='ocrx_word' id='word_1_140' title='bbox 1333 2157 1399 2219; x_wconf 90' lang='lat' dir='ltr'>eius</span> 
     </span>
     <span class='ocr_line' id='line_1_18' title="bbox 262 2265 1399 2351; baseline -0.003 -20"><span class='ocrx_word' id='word_1_141' title='bbox 262 2269 352 2351; x_wconf 83' lang='lat' dir='ltr'>origo</span> <span class='ocrx_word' id='word_1_142' title='bbox 367 2267 593 2350; x_wconf 81' lang='lat' dir='ltr'>investigetur,</span> <span class='ocrx_word' id='word_1_143' title='bbox 611 2266 649 2329; x_wconf 91' lang='lat' dir='ltr'>de</span> <span class='ocrx_word' id='word_1_144' title='bbox 664 2265 727 2328; x_wconf 90' lang='lat' dir='ltr'>illis</span> <span class='ocrx_word' id='word_1_145' title='bbox 743 2265 897 2328; x_wconf 87' lang='lat' dir='ltr'>Parisinis</span> <span class='ocrx_word' id='word_1_146' title='bbox 913 2288 1008 2348; x_wconf 90' lang='lat' dir='ltr'>quam</span> <span class='ocrx_word' id='word_1_147' title='bbox 1022 2265 1146 2328; x_wconf 85' lang='lat' dir='ltr'>ineerta</span> <span class='ocrx_word' id='word_1_148' title='bbox 1167 2287 1217 2329; x_wconf 88' lang='lat' dir='ltr'>res</span> <span class='ocrx_word' id='word_1_149' title='bbox 1232 2266 1283 2347; x_wconf 83' lang='lat' dir='ltr'>sit,</span> <span class='ocrx_word' id='word_1_150' title='bbox 1308 2265 1399 2328; x_wconf 85' lang='lat' dir='ltr'>testis</span> 
     </span>
     <span class='ocr_line' id='line_1_19' title="bbox 262 2374 1399 2459; baseline -0.004 -18"><span class='ocrx_word' id='word_1_151' title='bbox 262 2382 311 2441; x_wconf 82' lang='lat' dir='ltr'>est</span> <span class='ocrx_word' id='word_1_152' title='bbox 333 2398 441 2440; x_wconf 91' lang='lat' dir='ltr'>eorum</span> <span class='ocrx_word' id='word_1_153' title='bbox 462 2376 516 2459; x_wconf 91' lang='lat' dir='ltr'>qui</span> <span class='ocrx_word' id='word_1_154' title='bbox 538 2375 577 2440; x_wconf 90' lang='lat' dir='ltr'>de</span> <span class='ocrx_word' id='word_1_155' title='bbox 599 2374 659 2438; x_wconf 88' lang='lat' dir='ltr'>hac</span> <span class='ocrx_word' id='word_1_156' title='bbox 683 2397 716 2438; x_wconf 90' lang='lat' dir='ltr'>re</span> <span class='ocrx_word' id='word_1_157' title='bbox 742 2375 985 2457; x_wconf 86' lang='lat' dir='ltr'>disputaverunt</span> <span class='ocrx_word' id='word_1_158' title='bbox 1013 2375 1183 2456; x_wconf 82' lang='lat' dir='ltr'>dissensio,</span> <span class='ocrx_word' id='word_1_159' title='bbox 1212 2396 1272 2438; x_wconf 92' lang='lat' dir='ltr'>nec</span> <span class='ocrx_word' id='word_1_160' title='bbox 1293 2376 1399 2437; x_wconf 85' lang='lat' dir='ltr'>minus</span> 
     </span>
     <span class='ocr_line' id='line_1_20' title="bbox 262 2484 1399 2566; baseline -0.002 -17"><span class='ocrx_word' id='word_1_161' title='bbox 262 2486 386 2550; x_wconf 89' lang='lat' dir='ltr'>diversa</span> <span class='ocrx_word' id='word_1_162' title='bbox 415 2507 434 2548; x_wconf 88' lang='lat' dir='ltr'>a</span> <span class='ocrx_word' id='word_1_163' title='bbox 462 2484 572 2547; x_wconf 88' lang='lat' dir='ltr'>latinis</span> <span class='ocrx_word' id='word_1_164' title='bbox 600 2484 687 2566; x_wconf 91' lang='lat' dir='ltr'>prior</span> <span class='ocrx_word' id='word_1_165' title='bbox 715 2484 998 2548; x_wconf 87' lang='lat' dir='ltr'>Ambrosianorum</span> <span class='ocrx_word' id='word_1_166' title='bbox 1026 2506 1110 2566; x_wconf 88' lang='lat' dir='ltr'>pars.</span> <span class='ocrx_word' id='word_1_167' title='bbox 1157 2484 1276 2548; x_wconf 80' lang='lat' dir='ltr'>Contra</span> <span class='ocrx_word' id='word_1_168' title='bbox 1299 2485 1399 2548; x_wconf 88' lang='lat' dir='ltr'>altera</span> 
     </span>
     <span class='ocr_line' id='line_1_21' title="bbox 262 2592 1400 2678; baseline -0.003 -19"><span class='ocrx_word' id='word_1_169' title='bbox 262 2617 336 2678; x_wconf 84' lang='lat' dir='ltr'>pars</span> <span class='ocrx_word' id='word_1_170' title='bbox 358 2594 404 2658; x_wconf 87' lang='lat' dir='ltr'>ita</span> <span class='ocrx_word' id='word_1_171' title='bbox 427 2616 498 2658; x_wconf 84' lang='lat' dir='ltr'>cunr</span> <span class='ocrx_word' id='word_1_172' title='bbox 521 2615 558 2656; x_wconf 92' lang='lat' dir='ltr'>eo</span> <span class='ocrx_word' id='word_1_173' title='bbox 581 2593 758 2675; x_wconf 85' lang='lat' dir='ltr'>consentit,</span> <span class='ocrx_word' id='word_1_174' title='bbox 789 2597 825 2655; x_wconf 86' lang='lat' dir='ltr'>ut</span> <span class='ocrx_word' id='word_1_175' title='bbox 846 2614 913 2655; x_wconf 93' lang='lat' dir='ltr'>non</span> <span class='ocrx_word' id='word_1_176' title='bbox 940 2593 982 2655; x_wconf 86' lang='lat' dir='ltr'>sit</span> <span class='ocrx_word' id='word_1_177' title='bbox 1010 2592 1093 2655; x_wconf 89' lang='lat' dir='ltr'>iusta</span> <span class='ocrx_word' id='word_1_178' title='bbox 1116 2614 1227 2675; x_wconf 88' lang='lat' dir='ltr'>eausa,</span> <span class='ocrx_word' id='word_1_179' title='bbox 1259 2615 1313 2656; x_wconf 90' lang='lat' dir='ltr'>eur</span> <span class='ocrx_word' id='word_1_180' title='bbox 1340 2596 1400 2656; x_wconf 93' lang='lat' dir='ltr'>hoe</span> 
     </span>
     <span class='ocr_line' id='line_1_22' title="bbox 263 2701 1398 2786; baseline -0.004 -18"><span class='ocrx_word' id='word_1_181' title='bbox 263 2725 330 2768; x_wconf 89' lang='lat' dir='ltr'>esse</span> <span class='ocrx_word' id='word_1_182' title='bbox 352 2702 447 2785; x_wconf 85' lang='lat' dir='ltr'>illud,</span> <span class='ocrx_word' id='word_1_183' title='bbox 469 2702 552 2784; x_wconf 92' lang='lat' dir='ltr'>quod</span> <span class='ocrx_word' id='word_1_184' title='bbox 574 2725 607 2766; x_wconf 89' lang='lat' dir='ltr'>se</span> <span class='ocrx_word' id='word_1_185' title='bbox 630 2705 772 2765; x_wconf 83' lang='lat' dir='ltr'>seculum</span> <span class='ocrx_word' id='word_1_186' title='bbox 788 2723 856 2766; x_wconf 88' lang='lat' dir='ltr'>esse</span> <span class='ocrx_word' id='word_1_187' title='bbox 878 2701 996 2765; x_wconf 88' lang='lat' dir='ltr'>latinus</span> <span class='ocrx_word' id='word_1_188' title='bbox 1019 2703 1246 2786; x_wconf 84' lang='lat' dir='ltr'>grammaticus</span> <span class='ocrx_word' id='word_1_189' title='bbox 1269 2704 1398 2786; x_wconf 83' lang='lat' dir='ltr'>fatetur,</span> 
     </span>
     <span class='ocr_line' id='line_1_23' title="bbox 263 2810 1400 2896; baseline -0.001 -20"><span class='ocrx_word' id='word_1_190' title='bbox 263 2811 370 2876; x_wconf 81' lang='lat' dir='ltr'>Caeeii</span> <span class='ocrx_word' id='word_1_191' title='bbox 386 2815 598 2875; x_wconf 84' lang='lat' dir='ltr'>commentum</span> <span class='ocrx_word' id='word_1_192' title='bbox 614 2833 778 2895; x_wconf 77' lang='lat' dir='ltr'>negemus,</span> <span class='ocrx_word' id='word_1_193' title='bbox 824 2811 1012 2894; x_wconf 75' lang='lat' dir='ltr'>Quanquam</span> <span class='ocrx_word' id='word_1_194' title='bbox 1028 2810 1113 2873; x_wconf 84' lang='lat' dir='ltr'>eninr</span> <span class='ocrx_word' id='word_1_195' title='bbox 1129 2832 1194 2874; x_wconf 93' lang='lat' dir='ltr'>non</span> <span class='ocrx_word' id='word_1_196' title='bbox 1214 2812 1260 2874; x_wconf 92' lang='lat' dir='ltr'>ita</span> <span class='ocrx_word' id='word_1_197' title='bbox 1283 2833 1400 2896; x_wconf 85' lang='lat' dir='ltr'>graeca</span> 
     </span>
     <span class='ocr_line' id='line_1_24' title="bbox 263 2920 1400 3003; baseline 0 -19"><span class='ocrx_word' id='word_1_198' title='bbox 263 2921 422 3003; x_wconf 84' lang='lat' dir='ltr'>sequitur,</span> <span class='ocrx_word' id='word_1_199' title='bbox 446 2923 483 2981; x_wconf 83' lang='lat' dir='ltr'>ut</span> <span class='ocrx_word' id='word_1_200' title='bbox 504 2920 634 2982; x_wconf 86' lang='lat' dir='ltr'>verbum</span> <span class='ocrx_word' id='word_1_201' title='bbox 657 2920 752 2983; x_wconf 90' lang='lat' dir='ltr'>verbo</span> <span class='ocrx_word' id='word_1_202' title='bbox 775 2920 903 3003; x_wconf 84' lang='lat' dir='ltr'>reddat,</span> <span class='ocrx_word' id='word_1_203' title='bbox 930 2924 1055 3002; x_wconf 78' lang='lat' dir='ltr'>tamen,</span> <span class='ocrx_word' id='word_1_204' title='bbox 1079 2941 1120 2982; x_wconf 90' lang='lat' dir='ltr'>ne</span> <span class='ocrx_word' id='word_1_205' title='bbox 1143 2920 1248 2984; x_wconf 90' lang='lat' dir='ltr'>dicam</span> <span class='ocrx_word' id='word_1_206' title='bbox 1269 2920 1308 2983; x_wconf 87' lang='lat' dir='ltr'>de</span> <span class='ocrx_word' id='word_1_207' title='bbox 1331 2943 1400 2984; x_wconf 91' lang='lat' dir='ltr'>scn-</span> 
     </span>
     <span class='ocr_line' id='line_1_25' title="bbox 262 3028 1400 3114; baseline 0.001 -23"><span class='ocrx_word' id='word_1_208' title='bbox 262 3028 435 3092; x_wconf 90' lang='lat' dir='ltr'>tentiarum</span> <span class='ocrx_word' id='word_1_209' title='bbox 458 3050 553 3110; x_wconf 90' lang='lat' dir='ltr'>quam</span> <span class='ocrx_word' id='word_1_210' title='bbox 574 3028 661 3092; x_wconf 84' lang='lat' dir='ltr'>vides</span> <span class='ocrx_word' id='word_1_211' title='bbox 684 3029 892 3113; x_wconf 80' lang='lat' dir='ltr'>aequalitate,</span> <span class='ocrx_word' id='word_1_212' title='bbox 924 3028 1004 3091; x_wconf 88' lang='lat' dir='ltr'>nihil</span> <span class='ocrx_word' id='word_1_213' title='bbox 1033 3032 1083 3091; x_wconf 83' lang='lat' dir='ltr'>cst</span> <span class='ocrx_word' id='word_1_214' title='bbox 1110 3051 1232 3113; x_wconf 86' lang='lat' dir='ltr'>eorum,</span> <span class='ocrx_word' id='word_1_215' title='bbox 1264 3031 1400 3114; x_wconf 89' lang='lat' dir='ltr'>quaein</span> 
     </span>
     <span class='ocr_line' id='line_1_26' title="bbox 263 3137 1400 3221; baseline 0.003 -21"><span class='ocrx_word' id='word_1_216' title='bbox 263 3137 372 3200; x_wconf 88' lang='lat' dir='ltr'>latinis</span> <span class='ocrx_word' id='word_1_217' title='bbox 389 3137 481 3200; x_wconf 84' lang='lat' dir='ltr'>aliter</span> <span class='ocrx_word' id='word_1_218' title='bbox 496 3159 590 3220; x_wconf 87' lang='lat' dir='ltr'>quarn</span> <span class='ocrx_word' id='word_1_219' title='bbox 605 3138 640 3200; x_wconf 92' lang='lat' dir='ltr'>in</span> <span class='ocrx_word' id='word_1_220' title='bbox 655 3138 780 3221; x_wconf 86' lang='lat' dir='ltr'>graecis</span> <span class='ocrx_word' id='word_1_221' title='bbox 796 3139 986 3220; x_wconf 88' lang='lat' dir='ltr'>dictasunt,</span> <span class='ocrx_word' id='word_1_222' title='bbox 1011 3138 1093 3220; x_wconf 91' lang='lat' dir='ltr'>quod</span> <span class='ocrx_word' id='word_1_223' title='bbox 1114 3160 1180 3201; x_wconf 91' lang='lat' dir='ltr'>uon</span> <span class='ocrx_word' id='word_1_224' title='bbox 1201 3140 1302 3221; x_wconf 90' lang='lat' dir='ltr'>possis</span> <span class='ocrx_word' id='word_1_225' title='bbox 1318 3141 1400 3203; x_wconf 87' lang='lat' dir='ltr'>Italo</span> 
     </span>
     <span class='ocr_line' id='line_1_27' title="bbox 263 3245 1403 3332; baseline 0.004 -24"><span class='ocrx_word' id='word_1_226' title='bbox 263 3245 385 3309; x_wconf 90' lang='lat' dir='ltr'>homini</span> <span class='ocrx_word' id='word_1_227' title='bbox 407 3246 556 3310; x_wconf 89' lang='lat' dir='ltr'>tribucre.</span> <span class='ocrx_word' id='word_1_228' title='bbox 594 3246 679 3310; x_wconf 90' lang='lat' dir='ltr'>Nam</span> <span class='ocrx_word' id='word_1_229' title='bbox 702 3251 737 3310; x_wconf 91' lang='lat' dir='ltr'>ut</span> <span class='ocrx_word' id='word_1_230' title='bbox 758 3248 838 3310; x_wconf 90' lang='lat' dir='ltr'>haee</span> <span class='ocrx_word' id='word_1_231' title='bbox 860 3247 898 3310; x_wconf 89' lang='lat' dir='ltr'>de</span> <span class='ocrx_word' id='word_1_232' title='bbox 920 3247 1104 3311; x_wconf 82' lang='lat' dir='ltr'>Ptolemaeo</span> <span class='ocrx_word' id='word_1_233' title='bbox 1118 3246 1328 3332; x_wconf 84' lang='lat' dir='ltr'>Philadelpho</span> <span class='ocrx_word' id='word_1_234' title='bbox 1350 3258 1403 3328; x_wconf 82' lang='lat' dir='ltr'>qui</span> 
     </span>
     <span class='ocr_line' id='line_1_28' title="bbox 262 3361 1400 3433; baseline 0.003 -14"><span class='ocrx_word' id='word_1_235' title='bbox 262 3363 370 3419; x_wconf 69' lang='lat' dir='ltr'>mirram</span> <span class='ocrx_word' id='word_1_236' title='bbox 393 3363 422 3420; x_wconf 81' lang='lat' dir='ltr'>in</span> <span class='ocrx_word' id='word_1_237' title='bbox 446 3362 565 3420; x_wconf 81' lang='lat' dir='ltr'>modum</span> <span class='ocrx_word' id='word_1_238' title='bbox 584 3361 712 3432; x_wconf 78' lang='lat' dir='ltr'>favebat</span> <span class='ocrx_word' id='word_1_239' title='bbox 740 3363 867 3433; x_wconf 71' lang='lat' dir='ltr'>inperalia</span> <span class='ocrx_word' id='word_1_240' title='bbox 888 3369 916 3418; x_wconf 78' lang='lat' dir='ltr'>ct</span> <span class='ocrx_word' id='word_1_241' title='bbox 933 3361 1040 3433; x_wconf 80' lang='lat' dir='ltr'>samue</span> <span class='ocrx_word' id='word_1_242' title='bbox 1068 3364 1223 3422; x_wconf 81' lang='lat' dir='ltr'>doctorem</span> <span class='ocrx_word' id='word_1_243' title='bbox 1250 3364 1400 3422; x_wconf 81' lang='lat' dir='ltr'>bominum</span> 
     </span>
    </p>

    <p class='ocr_par' dir='ltr' id='par_1_5' title="bbox 197 3464 1401 4418">
     <span class='ocr_line' id='line_1_29' title="bbox 197 3464 1400 3550; baseline 0.005 -26"><span class='ocrx_word' id='word_1_244' title='bbox 197 3478 245 3526; x_wconf 75' lang='lat'>128</span> <span class='ocrx_word' id='word_1_245' title='bbox 263 3464 359 3528; x_wconf 88' lang='lat' dir='ltr'>facile</span> <span class='ocrx_word' id='word_1_246' title='bbox 375 3465 489 3527; x_wconf 88' lang='lat' dir='ltr'>addere</span> <span class='ocrx_word' id='word_1_247' title='bbox 505 3467 642 3548; x_wconf 85' lang='lat' dir='ltr'>poterat,</span> <span class='ocrx_word' id='word_1_248' title='bbox 661 3465 849 3548; x_wconf 87' lang='lat' dir='ltr'>pracsertim</span> <span class='ocrx_word' id='word_1_249' title='bbox 865 3487 936 3528; x_wconf 89' lang='lat' dir='ltr'>cum</span> <span class='ocrx_word' id='word_1_250' title='bbox 951 3465 1076 3548; x_wconf 89' lang='lat' dir='ltr'>saepius</span> <span class='ocrx_word' id='word_1_251' title='bbox 1091 3488 1200 3550; x_wconf 83' lang='lat' dir='ltr'>regem</span> <span class='ocrx_word' id='word_1_252' title='bbox 1216 3467 1256 3530; x_wconf 88' lang='lat' dir='ltr'>ab</span> <span class='ocrx_word' id='word_1_253' title='bbox 1272 3471 1400 3530; x_wconf 87' lang='lat' dir='ltr'>auctore</span> 
     </span>
     <span class='ocr_line' id='line_1_30' title="bbox 264 3572 1401 3658; baseline 0.002 -23"><span class='ocrx_word' id='word_1_254' title='bbox 264 3594 320 3636; x_wconf 85' lang='lat' dir='ltr'>suo</span> <span class='ocrx_word' id='word_1_255' title='bbox 343 3572 489 3636; x_wconf 86' lang='lat' dir='ltr'>similiter</span> <span class='ocrx_word' id='word_1_256' title='bbox 511 3574 674 3637; x_wconf 89' lang='lat' dir='ltr'>laudatum</span> <span class='ocrx_word' id='word_1_257' title='bbox 690 3596 758 3637; x_wconf 82' lang='lat' dir='ltr'>esse</span> <span class='ocrx_word' id='word_1_258' title='bbox 773 3573 910 3656; x_wconf 85' lang='lat' dir='ltr'>videret,</span> <span class='ocrx_word' id='word_1_259' title='bbox 934 3575 981 3637; x_wconf 84' lang='lat' dir='ltr'>ita</span> <span class='ocrx_word' id='word_1_260' title='bbox 1003 3577 1133 3658; x_wconf 84' lang='lat' dir='ltr'>propter</span> <span class='ocrx_word' id='word_1_261' title='bbox 1150 3576 1246 3638; x_wconf 89' lang='lat' dir='ltr'>verba</span> <span class='ocrx_word' id='word_1_262' title='bbox 1267 3597 1401 3654; x_wconf 76' lang='lat' dir='ltr'>procede</span> 
     </span>
     <span class='ocr_line' id='line_1_31' title="bbox 263 3689 1399 3761; baseline 0.004 -19"><span class='ocrx_word' id='word_1_263' title='bbox 263 3689 339 3744; x_wconf 77' lang='lat' dir='ltr'>arcis</span> <span class='ocrx_word' id='word_1_264' title='bbox 364 3690 498 3760; x_wconf 81' lang='lat' dir='ltr'>poeticos</span> <span class='ocrx_word' id='word_1_265' title='bbox 524 3689 616 3746; x_wconf 80' lang='lat' dir='ltr'>libros</span> <span class='ocrx_word' id='word_1_266' title='bbox 645 3690 675 3746; x_wconf 76' lang='lat' dir='ltr'>ln</span> <span class='ocrx_word' id='word_1_267' title='bbox 703 3705 794 3747; x_wconf 82' lang='lat' dir='ltr'>anam</span> <span class='ocrx_word' id='word_1_268' title='bbox 820 3691 1008 3761; x_wconf 72' lang='lat' dir='ltr'>collcperunt</span> <span class='ocrx_word' id='word_1_269' title='bbox 1037 3696 1065 3747; x_wconf 82' lang='lat' dir='ltr'>et</span> <span class='ocrx_word' id='word_1_270' title='bbox 1093 3692 1123 3748; x_wconf 81' lang='lat' dir='ltr'>in</span> <span class='ocrx_word' id='word_1_271' title='bbox 1152 3693 1286 3748; x_wconf 72' lang='lat' dir='ltr'>ominem</span> <span class='ocrx_word' id='word_1_272' title='bbox 1314 3691 1399 3747; x_wconf 85' lang='lat' dir='ltr'>redc-</span> 
     </span>
     <span class='ocr_line' id='line_1_32' title="bbox 261 3791 1398 3876; baseline 0.003 -24"><span class='ocrx_word' id='word_1_273' title='bbox 261 3803 387 3868; x_wconf 75' lang='lat' dir='ltr'>perant,</span> <span class='ocrx_word' id='word_1_274' title='bbox 412 3811 469 3872; x_wconf 92' lang='lat' dir='ltr'>pro</span> <span class='ocrx_word' id='word_1_275' title='bbox 492 3791 605 3873; x_wconf 89' lang='lat' dir='ltr'>quibus</span> <span class='ocrx_word' id='word_1_276' title='bbox 627 3791 661 3854; x_wconf 92' lang='lat' dir='ltr'>in</span> <span class='ocrx_word' id='word_1_277' title='bbox 677 3793 802 3876; x_wconf 81' lang='lat' dir='ltr'>graecis</span> <span class='ocrx_word' id='word_1_278' title='bbox 822 3796 870 3854; x_wconf 90' lang='lat' dir='ltr'>est</span> <span class='ocrx_word' id='word_1_279' title='bbox 884 3815 983 3856; x_wconf 90' lang='lat' dir='ltr'>unum</span> <span class='ocrx_word' id='word_1_280' title='bbox 997 3796 1183 3873; x_wconf 77' lang='lat' dir='ltr'>buirplluituv</span> <span class='ocrx_word' id='word_1_281' title='bbox 1200 3793 1398 3874; x_wconf 79' lang='lat' dir='ltr'>vocabulum,</span> 
     </span>
     <span class='ocr_line' id='line_1_33' title="bbox 264 3900 1398 3983; baseline 0.003 -22"><span class='ocrx_word' id='word_1_282' title='bbox 264 3920 329 3962; x_wconf 90' lang='lat' dir='ltr'>non</span> <span class='ocrx_word' id='word_1_283' title='bbox 344 3920 422 3981; x_wconf 90' lang='lat' dir='ltr'>opus</span> <span class='ocrx_word' id='word_1_284' title='bbox 438 3901 487 3961; x_wconf 87' lang='lat' dir='ltr'>est</span> <span class='ocrx_word' id='word_1_285' title='bbox 501 3905 537 3962; x_wconf 86' lang='lat' dir='ltr'>ut</span> <span class='ocrx_word' id='word_1_286' title='bbox 557 3900 595 3963; x_wconf 89' lang='lat' dir='ltr'>de</span> <span class='ocrx_word' id='word_1_287' title='bbox 611 3901 673 3963; x_wconf 86' lang='lat' dir='ltr'>alio</span> <span class='ocrx_word' id='word_1_288' title='bbox 696 3901 785 3964; x_wconf 86' lang='lat' dir='ltr'>sonte</span> <span class='ocrx_word' id='word_1_289' title='bbox 793 3951 801 3982; x_wconf 89' lang='lat'><em>,</em></span> <span class='ocrx_word' id='word_1_290' title='bbox 826 3901 951 3983; x_wconf 88' lang='lat' dir='ltr'>qualem</span> <span class='ocrx_word' id='word_1_291' title='bbox 967 3904 1061 3965; x_wconf 86' lang='lat' dir='ltr'>fiuxit</span> <span class='ocrx_word' id='word_1_292' title='bbox 1074 3902 1267 3967; x_wconf 78' lang='lat' dir='ltr'>Ititsehelius</span> <span class='ocrx_word' id='word_1_293' title='bbox 1283 3902 1398 3966; x_wconf 73' lang='lat' dir='ltr'>Coroll.</span> 
     </span>
     <span class='ocr_line' id='line_1_34' title="bbox 263 4007 1400 4094; baseline 0.003 -25"><span class='ocrx_word' id='word_1_294' title='bbox 263 4028 294 4088; x_wconf 90' lang='lat' dir='ltr'>p.</span> <span class='ocrx_word' id='word_1_295' title='bbox 324 4008 380 4089; x_wconf 79' lang='lat'>20,</span> <span class='ocrx_word' id='word_1_296' title='bbox 411 4007 595 4089; x_wconf 81' lang='lat' dir='ltr'>cogitemus.</span> <span class='ocrx_word' id='word_1_297' title='bbox 641 4008 752 4091; x_wconf 86' lang='lat' dir='ltr'>Neque</span> <span class='ocrx_word' id='word_1_298' title='bbox 781 4010 866 4072; x_wconf 87' lang='lat' dir='ltr'>enim</span> <span class='ocrx_word' id='word_1_299' title='bbox 894 4011 1027 4092; x_wconf 81' lang='lat' dir='ltr'>mirum,</span> <span class='ocrx_word' id='word_1_300' title='bbox 1057 4011 1139 4094; x_wconf 87' lang='lat' dir='ltr'>quod</span> <span class='ocrx_word' id='word_1_301' title='bbox 1167 4011 1283 4092; x_wconf 81' lang='lat' dir='ltr'>Italus,</span> <span class='ocrx_word' id='word_1_302' title='bbox 1308 4032 1400 4094; x_wconf 91' lang='lat' dir='ltr'>quem</span> 
     </span>
     <span class='ocr_line' id='line_1_35' title="bbox 264 4114 1401 4202; baseline 0.004 -23"><span class='ocrx_word' id='word_1_303' title='bbox 264 4114 457 4198; x_wconf 82' lang='lat' dir='ltr'>excerpsisse</span> <span class='ocrx_word' id='word_1_304' title='bbox 479 4117 584 4199; x_wconf 87' lang='lat' dir='ltr'>potius</span> <span class='ocrx_word' id='word_1_305' title='bbox 607 4138 663 4180; x_wconf 88' lang='lat' dir='ltr'>sua</span> <span class='ocrx_word' id='word_1_306' title='bbox 686 4137 703 4180; x_wconf 91' lang='lat' dir='ltr'>e</span> <span class='ocrx_word' id='word_1_307' title='bbox 725 4118 849 4200; x_wconf 84' lang='lat' dir='ltr'>graecis</span> <span class='ocrx_word' id='word_1_308' title='bbox 872 4122 904 4182; x_wconf 92' lang='lat' dir='ltr'>et</span> <span class='ocrx_word' id='word_1_309' title='bbox 926 4123 994 4182; x_wconf 85' lang='lat' dir='ltr'>toto</span> <span class='ocrx_word' id='word_1_310' title='bbox 1011 4119 1238 4184; x_wconf 87' lang='lat' dir='ltr'>commentario</span> <span class='ocrx_word' id='word_1_311' title='bbox 1262 4120 1401 4202; x_wconf 86' lang='lat' dir='ltr'>perlecto</span> 
     </span>
     <span class='ocr_line' id='line_1_36' title="bbox 263 4225 1400 4311; baseline 0.004 -25"><span class='ocrx_word' id='word_1_312' title='bbox 263 4245 419 4286; x_wconf 85' lang='lat' dir='ltr'>summani</span> <span class='ocrx_word' id='word_1_313' title='bbox 435 4225 616 4308; x_wconf 83' lang='lat' dir='ltr'>argumenti</span> <span class='ocrx_word' id='word_1_314' title='bbox 632 4225 820 4306; x_wconf 83' lang='lat' dir='ltr'>reddidisse,</span> <span class='ocrx_word' id='word_1_315' title='bbox 845 4249 940 4310; x_wconf 90' lang='lat' dir='ltr'>quam</span> <span class='ocrx_word' id='word_1_316' title='bbox 955 4249 1072 4311; x_wconf 84' lang='lat' dir='ltr'>graeca</span> <span class='ocrx_word' id='word_1_317' title='bbox 1088 4229 1184 4292; x_wconf 88' lang='lat' dir='ltr'>verba</span> <span class='ocrx_word' id='word_1_318' title='bbox 1199 4229 1400 4292; x_wconf 86' lang='lat' dir='ltr'>transtulisse</span> 
     </span>
     <span class='ocr_line' id='line_1_37' title="bbox 263 4330 1401 4418; baseline 0.007 -26"><span class='ocrx_word' id='word_1_319' title='bbox 263 4330 435 4416; x_wconf 84' lang='lat' dir='ltr'>intelligis,</span> <span class='ocrx_word' id='word_1_320' title='bbox 459 4355 517 4418; x_wconf 91' lang='lat' dir='ltr'>pro</span> <span class='ocrx_word' id='word_1_321' title='bbox 538 4340 688 4414; x_wconf 82' lang='grc' dir='ltr'>διορθοῦν</span> <span class='ocrx_word' id='word_1_322' title='bbox 711 4335 823 4416; x_wconf 86' lang='lat' dir='ltr'>verbo,</span> <span class='ocrx_word' id='word_1_323' title='bbox 849 4337 936 4399; x_wconf 88' lang='lat' dir='ltr'>cuius</span> <span class='ocrx_word' id='word_1_324' title='bbox 957 4335 1021 4399; x_wconf 91' lang='lat' dir='ltr'>vim</span> <span class='ocrx_word' id='word_1_325' title='bbox 1036 4358 1095 4400; x_wconf 89' lang='lat' dir='ltr'>nec</span> <span class='ocrx_word' id='word_1_326' title='bbox 1116 4335 1319 4400; x_wconf 84' lang='lat' dir='ltr'>intellexerat</span> <span class='ocrx_word' id='word_1_327' title='bbox 1341 4358 1401 4400; x_wconf 93' lang='lat' dir='ltr'>nee</span> 
     </span>
    </p>
   </div>
   <div class='ocr_carea' id='block_1_3' title="bbox 0 0 1642 5092">
    <p class='ocr_par' dir='ltr' id='par_1_6' title="bbox 0 0 1642 5092">
     <span class='ocr_line' id='line_1_38' title="bbox 0 0 1642 5092; baseline 0 0"><span class='ocrx_word' id='word_1_328' title='bbox 0 0 1642 5092; x_wconf 95' lang='lat' dir='ltr'> </span> 
     </span>
    </p>
   </div>
  </div>
 </body>
</html>
