3218 5094
516 360 776 410 onouonocrvu
795 361 1081 437 'vmnosonsnsn
1318 345 1381 409 575

239 536 334 600 saepe
361 536 420 580 usu
447 515 551 600 venit,
589 517 658 579 tum
693 514 735 579 ab
763 516 832 599 ipso
860 515 1007 600 Diogene
1035 514 1163 580 Laertio
1191 513 1381 596 aliquotiens

239 630 385 691 notatur:
422 646 482 689 nec
510 626 549 689 de
578 623 642 689 vu
675 625 873 710 sapientibus
901 628 1029 690 tanturn
1064 626 1319 710 (διαφωνοῦνται
1346 625 1382 688 δὲ

239 737 290 802 καὶ
311 736 490 818 ἀποφάςεις
513 736 621 802 αὐτῶν
644 738 694 801 καὶ
716 735 817 801 ἄλλου
839 735 920 801 ἄλλο
943 737 1040 819 φαςὶν
1067 735 1150 804 εἶναι
1170 734 1202 818 Ι,
1225 733 1297 820 41),
1327 733 1383 796 sad

124 855 128 862 '
240 846 279 934 de
315 846 387 910 aliis
420 846 565 930 plurimis
601 844 771 911 tertiorum
800 845 998 914 saeculorum
1030 843 1239 930 philosophis.
1293 843 1383 908 Idem

241 957 327 1021 eninr
349 959 486 1020 testatur
508 955 547 1019 de
569 956 704 1040 hlysona
726 958 760 1019 et
780 954 951 1021 Pisistrato
972 955 1000 1041 I,
1024 956 1095 1039 108,
1119 954 1158 1019 de
1173 954 1381 1038 Anaxagora,

240 1066 372 1150 Solone,
402 1065 616 1150 Xenophonte
645 1065 693 1148 Π,
726 1066 781 1149 13,
812 1065 850 1130 de
872 1066 1019 1151 Diogene
1051 1063 1221 1148 Sinopensi
1249 1067 1283 1128 et
1310 1063 1382 1126 Ari-

240 1177 347 1262 stippo
369 1175 432 1260 VI,
455 1176 507 1242 25.
531 1175 572 1240 32
594 1175 646 1241 vel
667 1174 833 1240 Theodoro
855 1174 919 1259 VI,
942 1175 984 1240 42
1007 1175 1057 1240 vel
1079 1174 1224 1260 Diagora
1246 1172 1304 1256 VI,
1328 1171 1381 1256 59,

241 1287 280 1351 de
302 1286 480 1371 Chrysippo
502 1287 535 1350 et
555 1284 713 1350 Eubulide
735 1283 809 1369 VH,
829 1286 899 1351 187.
930 1286 981 1350 Ac
1004 1289 1089 1349 certa
1111 1285 1273 1350 infacete
1296 1282 1383 1347 dicta

241 1419 307 1462 uon
335 1397 411 1461 licat
437 1395 516 1460 illud
545 1396 826 1474 ἐξιδιοποιήςαςθαι
855 1396 1110 1479 accommodare,
1145 1394 1229 1480 quod
1256 1392 1383 1458 Chiloni

240 1507 355 1571 tribuit
375 1506 407 1589 Ι,
430 1506 482 1570 40.
527 1506 608 1571 Illuc
635 1509 671 1570 ut
697 1508 911 1570 revertamur:
949 1527 1043 1590 quem
1068 1504 1169 1589 igitur
1197 1503 1287 1567 illum
1315 1523 1383 1566 esse

242 1617 395 1684 Orionem
415 1616 615 1700 putabimus,
646 1616 696 1680 cui
724 1616 919 1680 tribueretur
946 1615 987 1680 ab
1014 1614 1103 1698 aliis,
1131 1613 1226 1704 quod
1243 1613 1284 1677 ab
1312 1611 1384 1676 aliis

241 1727 376 1792 Isocrati
398 1725 449 1791 vel
464 1723 673 1791 Democrito?
702 1726 756 1790 An
772 1725 939 1811 quisquam
954 1726 993 1789 de
1008 1724 1232 1790 obscurissimo
1255 1721 1383 1786 homine

243 1837 400 1922 cogitabit
414 1836 548 1922 Epicuri
569 1835 775 1920 discipulo*),
799 1857 893 1920 quem
915 1836 1001 1901 inter
1022 1838 1071 1899 tot
1093 1833 1271 1918 Epicureae
1293 1832 1383 1898 scho-

242 1948 292 2013 lae
325 1949 498 2013 sectatores
532 1947 645 2011 ultimo
676 1946 746 2010 loco
781 1945 943 2031 Diogenes
972 1943 1021 2028 X,
1051 1945 1094 2009 26
1123 1943 1253 2028 posuit?
1302 1940 1383 2019 Quid

243 2057 367 2123 multa?
388 2079 452 2121 uno
474 2057 571 2121 verbo
593 2055 699 2120 dicam
720 2056 803 2140 quod
826 2077 876 2120 res
900 2058 962 2120 est:
987 2056 1170 2139 corruptum
1185 2058 1235 2118 est
1250 2055 1384 2135 ὡρίων

244 2192 282 2234 ex
304 2170 436 2249 ἱέρων.
480 2167 582 2251 Atqui
608 2187 664 2230 rex
692 2165 746 2230 ille
773 2165 851 2249 fuit,
881 2186 947 2231 non
975 2165 1192 2249 philosophus.
1237 2165 1284 2228 At
1310 2183 1384 2228 vero

244 2279 347 2344 dictus
375 2281 424 2342 est
451 2276 659 2361 philosophus
688 2276 785 2340 etiam
818 2276 868 2350 ab
886 2274 1025 2339 Arsenio
1052 2297 1085 2358 p.
1115 2274 1192 2339 306:
1229 2276 1336 2355 Ἱέρων
1364 2274 1383 2338 ὁ

245 2390 444 2472 φιλόςοφος,
466 2387 577 2467 ἰατρὸν
600 2390 650 2452 καὶ
672 2387 770 2468 φίλον
797 2386 879 2466 ἡγοῦ
902 2387 979 2452 τοὺς
1001 2385 1038 2450 ἐν
1061 2384 1214 2461 ἀνάγκαι(
1234 2384 1384 2449 ςπουδαί-

167 2585 171 2592 ,
245 2521 321 2579 ους,
350 2499 422 2579 ἔφη.
466 2497 510 2562 Dt
537 2497 644 2581 paullo
672 2499 746 2580 post
773 2496 808 2560 in
830 2494 1047 2560 Laurentiano
1077 2492 1202 2558 codice:
1234 2494 1384 2573 Ἱέρωνὸ

245 2610 428 2691 φιλόςοφος
451 2607 537 2688 ἔχων
559 2610 619 2672 δύο
642 2608 812 2687 μαθητὰ(
835 2628 862 2670 e.
886 2629 917 2690 q.
941 2627 966 2670 s.
999 2603 1086 2670 -Non
1107 2603 1211 2687 magis
1228 2603 1385 2694 ,credibile

246 2724 304 2804 est,
328 2720 477 2800 fatemur,
501 2715 583 2801 quod
599 2715 638 2780 de
652 2715 804 2781 Hieronis
819 2715 1034 2800 discipulis
1056 2713 1203 2779 hocloco
1224 2716 1384 2796 narratur,

245 2851 341 2916 quam
362 2827 514 2894 Hieronis
536 2826 731 2891 sententiam
758 2848 841 2910 esse,
880 2847 960 2910 quae
989 2825 1094 2909 prima
1122 2827 1171 2889 est
1197 2824 1233 2888 in
1261 2823 1386 2908 sylloga

246 2938 505 3006 vindobonensi:
528 2937 609 3018 ὅπερ
630 2939 667 3002 ςὺ
689 2940 785 3018 μιςεῑς
806 2937 888 3018 παρ’
910 2936 1020 3002 ἄλλων
1042 2957 1090 3002 ςοι
1112 2937 1265 3013 γενέςθαι,
1288 2939 1386 3000 τοῦτο

245 3049 289 3116 εἰς
316 3052 447 3131 ἑτέρους
473 3051 513 3129 μὴ
541 3047 633 3114 ποίει.
683 3046 752 3112 Nec
779 3068 854 3111 vero
882 3046 914 3111 id
941 3067 1000 3111 nos
1029 3047 1169 3132 egimus,
1197 3047 1234 3110 ut
1260 3044 1385 3108 illorum

247 3160 405 3246 originem
441 3157 751 3243 apophthegmatum
787 3157 985 3242 exigeremus
1023 3155 1063 3220 ad
1099 3155 1285 3220 veritatem:
1327 3153 1387 3218 hoc

247 3292 347 3336 unum
368 3268 524 3333 voluimus
545 3267 706 3350 obtinere,
734 3270 771 3330 ut
794 3267 934 3350 corrupti
955 3265 1094 3331 nominis
1117 3265 1208 3349 origo
1230 3266 1387 3348 repetere-

247 3383 301 3445 tur
322 3401 360 3445 ex
382 3377 546 3464 patefacto
568 3399 674 3442 errore
696 3377 907 3442 librariorum.
942 3375 1090 3442 Ceterum
1112 3375 1166 3460 qui
1187 3374 1295 3458 paullo
1317 3373 1424 3437 dili-x

248 3491 377 3578 gentius
405 3488 662 3574 perlustraverit,
692 3509 772 3572 quae
803 3488 844 3552 ab
867 3486 1005 3551 Arsenio
1033 3509 1066 3570 p.
1089 3483 1153 3551 306
1175 3505 1222 3569 sq.
1250 3483 1389 3567 primum

250 3602 467 3687 congeruntur
481 3597 633 3664 Hieronis
655 3597 849 3683 philosophi,
873 3597 987 3664 deinde
1002 3594 1154 3661 Hieronis
1175 3599 1235 3663 τοῦ
1259 3595 1388 3660 (ικελοῦ

247 3713 424 3794 τυράννου,
452 3730 548 3793 porro
570 3708 793 3792 Hippocratis,
822 3710 984 3792 postremo
1011 3705 1162 3772 Isocratis
1190 3703 1389 3789 apophtheg-

249 3827 347 3907 mata,
371 3821 425 3886 vix
447 3819 541 3884 credo
563 3817 724 3882 dubitabit
746 3816 834 3902 quin,
859 3839 940 3901 quae
962 3816 1048 3881 illius
1070 3815 1098 3880 si
1120 3815 1169 3879 dis
1190 3814 1299 3900 placet
1319 3813 1389 3897 phi-

249 3936 373 4020 losophi
395 3933 561 4013 dicuntur,
590 3929 631 3992 ad
651 3926 808 3993 Isocratia
835 3927 942 4011 potius
968 3925 1197 4012 pertinuerint:
1235 3923 1390 4009 aquibus

318 4207 343 4275 *)
367 4208 455 4277 [Fecit
475 4208 505 4262 id
522 4210 619 4263 tamen
635 4205 789 4262 Meinekiua
808 4204 923 4262 Stobaei
944 4205 998 4260 vol.
1018 4203 1057 4258 IV
1074 4203 1160 4274 praef.
1181 4219 1208 4272 p.
1227 4201 1325 4270 XLIX,
1344 4201 1391 4270 qui

252 4299 364 4367 qnidam
381 4302 457 4371 apud
474 4302 622 4356 Maenium
640 4301 715 4356 Βίων
733 4303 750 4356 ὁ
767 4302 922 4368 φιλόςοφος
945 4315 996 4368 pro
1019 4300 1112 4366 Ἱέρων
1130 4299 1146 4352 ὁ
1164 4315 1194 4364 φ.
1214 4296 1391 4353 scribendum

253 4392 371 4448 coniecit
387 4393 492 4449 ibidem
509 4411 537 4464 p.
556 4393 636 4464 XM]
