3254 5092
521 417 568 462 na
591 417 682 464 aran.
706 418 810 466 anax.
833 421 878 470 nr
900 422 1114 472 P1SISTRATO.
1328 411 1388 474 149

240 587 370 650 prorsus
402 569 548 631 seiuncta
584 569 703 633 habeas
741 571 880 636 indicum
918 575 1185 640 conficiendorum
1222 579 1386 664 negotium

241 675 432 742 Callimachi
461 681 493 742 et
521 679 745 744 custodiendae
772 681 985 754 bibliothecae
1013 707 1127 748 munus
1149 687 1384 753 Eratosthenis.

240 785 279 850 ld
302 788 409 850 autem
436 788 491 870 qui
518 788 580 852 sibi
602 781 810 876 persuaserit,
843 793 935 877 quid
957 794 1088 858 tandem
1110 795 1149 858 de
1171 795 1385 863 Eratosthene

240 895 395 959 traditum
417 896 525 960 dicet?
561 897 719 963 Nimirum
742 923 760 964 a
780 901 989 987 Philadelpho
1012 903 1102 967 illum
1123 904 1216 968 modo
1238 907 1385 973 conditae

205 1054 212 1067 .
240 1005 454 1070 bibliothecae
481 1008 679 1090 praefectum
707 1032 784 1074 esse.
831 1009 878 1074 Eo
901 1012 1043 1076 enimin
1070 1013 1262 1098 reliquorum
1285 1019 1385 1081 conti-

240 1115 366 1179 nuitate
395 1119 446 1178 sat
473 1117 644 1182 manifesto
672 1118 751 1184 haec
780 1121 903 1184 valent:
939 1123 1152 1200 Ἐρατοεθένει
1174 1126 1209 1188 δὲ
1236 1126 1383 1212 ἡλικιωτῇ

242 1227 443 1306 Καλλιμάχου
461 1229 549 1306 παρὰ
563 1232 622 1292 τοῦ
645 1231 797 1308 βααλέω(
819 1231 857 1294 τὸ
878 1235 1028 1298 τοιοῦτον
1044 1233 1245 1313 ἐνεπιετεύθη
1269 1239 1383 1316 βιβλιο-

240 1336 411 1414 φυλάκιον.
456 1337 555 1419 Atqui
582 1337 662 1401 haec
690 1343 745 1401 aut
772 1339 915 1423 graviter
943 1345 1091 1423 corrupta
1113 1345 1188 1406 sunt
1216 1349 1272 1407 aut
1298 1345 1384 1410 dicta

239 1445 422 1508 falsissime.
479 1445 602 1530 Quippe
636 1450 668 1510 et
700 1447 962 1531 Eratosthenem,
1000 1453 1112 1513 natum
1150 1474 1220 1515 eum
1255 1454 1381 1539 Olymp.
1421 1499 1430 1518 .

241 1553 393 1637 CXXVI,
422 1555 565 1618 novimus
594 1555 635 1618 ab
658 1555 819 1641 Euergeta
847 1557 973 1621 demum
996 1558 1225 1624 Alexandriam
1253 1565 1382 1627 arcessi-

240 1667 327 1746 tum,
352 1667 384 1727 et
405 1663 570 1747 primum
592 1665 807 1730 bibliothecae
829 1667 1026 1750 praefectum
1043 1667 1239 1733 Zenodotum
1262 1673 1314 1756 (dc
1336 1677 1386 1738 καὶ
1403 1688 1434 1736 31

239 1778 371 1852 πρῶτος
398 1779 464 1839 τῶν
486 1776 626 1855 Ὀμήρου
654 1778 830 1855 διορθωτὴ(
857 1777 987 1852 ἐγένετο
1014 1779 1064 1841 καλ
1091 1783 1158 1843 τῶν
1181 1781 1216 1845 ἐν
1240 1783 1384 1848 Ἀλεξαν-

239 1883 331 1966 δρείᾳ
353 1887 561 1963 βιβλιοθηκῶν
583 1886 722 1966 προῦετη
745 1886 826 1948 teste
842 1883 964 1970 Suida).
996 1886 1123 1961 Quanto
1145 1889 1245 1972 igitur
1266 1893 1384 1957 rectius

239 1993 360 2056 latinus
383 1994 556 2077 interpres:
585 2016 655 2059 non
685 2002 740 2058 ito
769 2001 882 2060 multo
907 2007 992 2076 post
1012 2003 1142 2062 eiusdem
1164 2012 1263 2065 castos
1284 2007 1383 2066 biblia

240 2108 357 2168 thecae.
395 2103 507 2187 Itaque
529 2103 625 2167 facile
648 2104 848 2187 adducimur,
876 2109 912 2168 ut
933 2108 988 2168 aut
1011 2106 1176 2171 librarium
1199 2113 1254 2172 aut
1276 2112 1383 2196 negle-

238 2215 357 2296 genter
385 2216 607 2297 excerpentem
639 2215 884 2297 grammaticum
915 2215 1076 2298 culpemus
1108 2220 1240 2300 proptm
1267 2220 1383 2284 omissa

238 2321 321 2385 haec
349 2323 399 2385 vel
426 2322 559 2386 similia:
592 2325 680 2403 παρὰ
712 2327 771 2389 τοῦ
801 2321 1038 2409 [διαδεξαμένου
1071 2326 1130 2391 τὸν
1163 2327 1381 2414 Φιλάδελφον]

240 2433 409 2512 βααλέωε,
442 2433 492 2495 vel
529 2431 704 2514 simplicius
737 2433 835 2496 etiam
871 2435 958 2512 παρὰ
990 2439 1048 2499 τοῦ
1088 2433 1180 2522 [ἑξῆς]
1216 2439 1381 2516 βαειλέωει

239 2541 369 2604 tametsi
392 2563 472 2624 quae
495 2545 684 2625 sequuntur,
708 2542 880 2622 ἐγχειρίεαε
895 2581 937 2591 -
954 2543 1182 2622 ἑρμηνευθῆναι
1197 2545 1382 2626 πεποίηκεν,

238 2671 365 2713 rursum
388 2649 427 2713 ad
442 2649 688 2734 Philadelphum
710 2655 855 2734 spectare
878 2655 1023 2735 apertum
1046 2656 1103 2716 ost.
1135 2652 1196 2717 Vel
1211 2654 1257 2717 sic
1273 2657 1382 2720 tamen

238 2761 343 2822 restat
369 2763 420 2842 ut,
450 2781 505 2824 cur
532 2759 679 2842 tandem,
713 2782 775 2844 quo
805 2761 937 2825 consilio
971 2764 1004 2825 et
1036 2763 1269 2826 sententiarum
1298 2786 1382 2828 nexu

237 2868 318 2931 illud
340 2891 454 2932 munus
476 2868 744 2934 Eratostheneum
768 2892 838 2962 cum
859 2871 989 2934 omnino
1010 2875 1079 2934 turn
1100 2870 1161 2936 hoc
1183 2873 1382 2955 potissimum

239 2979 311 3040 loco
327 2981 602 3060 commemoretur,
626 2983 806 3062 quaeratur.
838 2978 897 3044 cui
917 2979 1044 3063 quidem
1059 2981 1237 3064 quaestioni
1253 3003 1381 3067 reapon-

239 3087 316 3150 dere
338 3088 446 3170 paullo
467 3091 540 3172 post
563 3088 758 3152 conabimur.
790 3088 885 3153 Nunc
908 3089 993 3152 enim
1014 3089 1209 3154 redeundum
1232 3091 1271 3154 ad
1288 3091 1381 3157 Calli·

239 3196 404 3280 machum,
440 3205 570 3262 aulicum
604 3205 719 3276 repium
746 3203 1017 3262 bibliothecarium.
1065 3198 1105 3262 In
1137 3200 1249 3283 quibus
1277 3202 1381 3266 verbis

238 3307 344 3390 ipsrun
381 3312 498 3371 aulicas
533 3328 650 3371 nomen
686 3308 721 3370 in
753 3307 961 3390 suspitionem
994 3309 1120 3372 vocavit
1155 3307 1381 3394 Bernhardyus

239 3438 272 3499 p.
297 3415 375 3499 828,
405 3419 533 3499 praeter
560 3416 718 3480 rationem
741 3419 776 3479 ut
797 3417 889 3480 nobis
912 3417 1051 3490 videtur.
1091 3417 1162 3482 Nisi
1185 3419 1270 3482 enim
1298 3420 1381 3483 falli-

239 3547 325 3607 mur,
353 3527 419 3590 tale
441 3525 591 3609 quiddam
613 3524 713 3589 Italus
741 3524 913 3589 scholiasta
935 3525 1047 3590 vertit:
1076 3527 1095 3591 ὁ
1123 3532 1189 3594 τῶν
1217 3529 1296 3592 κατὰ
1323 3531 1381 3606 τὴν

239 3635 397 3714 βαείλειον
431 3635 533 3714 αὐλὴν
566 3638 775 3716 βιβλιοθηκῶν
804 3637 1020 3714 προεετηκώεε
1056 3657 1148 3718 quem
1181 3637 1261 3715 αὐλή
1294 3637 1381 3700 vocis

239 3765 330 3806 usum
362 3743 413 3807 vel
445 3743 623 3827 Polybiane
656 3743 922 3827 Herodianeaque
958 3745 1060 3808 lexico
1093 3744 1171 3808 satis
1208 3747 1378 3810 testantur.

238 3851 359 3926 Quibus
386 3853 470 3917 idem
498 3874 627 3936 prorsus
649 3852 866 3937 significatur,
895 3853 978 3936 quod
1001 3857 1050 3917 est
1071 3854 1105 3917 in
1128 3853 1194 3916 vita
1218 3854 1379 3937 Apollonii

238 3959 372 4026 Rhodiis
403 3963 965 4043 ὡεκαὶτῶνβιβλιοθηκῶντοῦ
989 3963 1186 4028 Μουεείου
1210 3960 1275 4049 [τῆς
1297 3984 1374 4042 προ-

239 4071 373 4160 tractat]
398 4073 568 4150 ἀξιωθῆναι
591 4072 698 4137 αὐτόν.
736 4069 882 4134 Eandem
904 4071 989 4135 enim
1005 4093 1072 4136 esse
1095 4075 1222 4135 constat
1242 4073 1299 4150 τὴν
1322 4077 1380 4136 τοῦ

240 4181 401 4246 Μουεείου
428 4183 461 4244 ct
487 4184 547 4261 τὴν
576 4183 670 4246 ἐντὸς
695 4187 762 4244 τῶν
792 4179 980 4259 ἀνακτόρων
1008 4181 1058 4243 vel
1081 4182 1159 4245 κατὰ
1181 4182 1221 4244 τὰ
1243 4181 1380 4259 βαιίλεια

238 4291 448 4369 βιβλιοθήκην.
476 4289 566 4364 Quod
581 4289 607 4352 si
623 4311 689 4354 non
711 4290 820 4372 inepte
836 4289 1020 4372 statuimus,
1043 4291 1146 4374 magis
1167 4289 1263 4352 etiam
1285 4313 1379 4374 quarn

239 4397 379 4462 antchac
401 4419 438 4461 ea
454 4395 698 4481 confirmantur,
723 4419 804 4482 quae
826 4398 865 4462 de
880 4398 1134 4463 administranda
1150 4400 1251 4462 altera
1268 4399 1379 4462 biblio·
