3270 5094
596 331 661 396 ‘nn
683 347 855 396 nasceris
878 345 1047 395 vnnsmvs

468 503 574 580 (τέψω
596 502 661 579 πρὸ
682 505 773 565 ναῶν
796 500 986 580 δουρίπηχθ)
1009 499 1119 575 ἁγνοῖς
1142 498 1259 575 δόμοιτ.

468 612 591 676 τοιαῦτ’
614 609 753 690 ἐπεύχου
776 611 816 689 μὴ
844 609 1045 690 φιλοετόνωε
1068 611 1153 674 θεοῖ(
1175 611 1239 673 κτλ,

350 809 394 894 lle
421 830 455 894 in
487 829 538 892 his
570 827 648 893 illud
682 829 824 912 quidem,
858 827 941 913 quod
974 849 1032 911 pro
1065 828 1217 892 librorum
1248 826 1405 909 scriptura

267 947 559 1002 ΟΥΔΑΠΙΕΜΗΝΟΥ
609 939 775 1021 praeclara
822 937 979 1021 praeclari
1027 938 1165 1001 auctoris
1212 936 1404 1018 emendatio,

233 1063 235 1068 '
265 1047 374 1112 lacobi
403 1047 505 1112 Geelii
535 1045 588 1134 [ad
615 1047 726 1131 Eurip.
756 1047 877 1111 Phoen.
907 1069 938 1130 p.
966 1046 1059 1133 1511,
1090 1047 1180 1112 ύδατί
1205 1049 1238 1112 τ’
1266 1049 1405 1126 Ἰτμηνοῡ

266 1161 414 1241 suscepta
445 1161 509 1239 est,
549 1157 740 1221 meministis
774 1157 861 1220 omni
893 1178 932 1221 ex
968 1161 1059 1240 parte
1094 1179 1112 1220 a
1144 1157 1237 1221 nobis
1269 1155 1404 1219 laudari.

266 1267 367 1332 Recte
400 1267 486 1331 enim
523 1271 634 1331 contra
668 1267 860 1332 Guilelmum
892 1265 1107 1348 Dindorfium,
1146 1267 1200 1350 qui
1235 1266 1406 1348 reprobata

267 1399 362 1461 quam
390 1377 477 1460 prius
505 1377 697 1461 probaverat
724 1361 875 1441 Ludovici
908 1376 1019 1440 fratris
1048 1376 1230 1440 coniectura
1259 1377 1347 1441 ύδατί
1375 1377 1406 1440 τ’

221 1504 249 1552 rv
268 1486 441 1550 Geelianae
468 1486 630 1551 simillima
663 1486 732 1570 ipse
761 1487 859 1551 ὕδατά
886 1489 917 1551 τ’
952 1489 1093 1565 Ἰτμηνού
1125 1487 1210 1561 λέγω
1239 1485 1403 1566 suadebat,

267 1595 398 1662 Carolus
433 1597 579 1661 Prienius
612 1596 694 1660 dixit
725 1597 844 1660 Annal.
876 1595 953 1678 phil.
989 1599 1021 1659 et
1052 1595 1145 1679 paed.
1178 1596 1239 1659 vol.
1268 1593 1405 1658 LXVHI

213 1757 218 1776 ,
267 1708 311 1791 (a.
336 1707 431 1792 1853)
459 1729 489 1790 p.
515 1707 545 1790 9,
570 1707 666 1791 longe
688 1706 785 1770 aliam
807 1727 875 1770 esse
899 1705 1058 1770 rationem
1080 1708 1263 1768 monstrans
1287 1704 1406 1768 conlati

267 1816 467 1881 aDindorfio
490 1817 627 1901 exempli
642 1816 805 1899 Aeschylii
820 1816 926 1880 Prom.
943 1815 983 1880 88
999 1838 1083 1900 aqq.:
1110 1815 1221 1880 ὠδῑοτ
1244 1813 1334 1894 αἰθὴρ
1355 1816 1406 1879 καὶ

267 1929 459 2008 ταχύπτεροι
487 1928 600 2008 πνοαί,
630 1931 786 2004 ποταμῶν
815 1947 849 1990 τε
877 1926 990 2009 πηγαί,
1022 1926 1165 1991 ποντίων
1193 1947 1227 1990 τε
1256 1925 1404 2004 κυμάτων

267 2036 441 2116 ἀνήριθμον
455 2039 610 2115 γέλαεμα,
633 2037 800 2115 παμμῆτόρ
815 2056 848 2101 τε
863 2041 919 2114 γῆ,
941 2038 1001 2101 καὶ
1023 2038 1081 2102 τὸν
1102 2036 1271 2114 πανόπτην
1287 2035 1405 2100 κύκλον

266 2147 358 2226 ἡλίου
386 2150 490 2224 καλῶ,
517 2146 619 2212 lueres
647 2148 682 2225 μ’
708 2169 765 2209 -:
798 2145 853 2209 ubi
882 2167 941 2211 nec
974 2148 1057 2222 λέγω
1087 2145 1226 2229 positum
1254 2146 1317 2227 est,
1350 2143 1406 2207 sed

156 2247 157 2250 ¹
266 2256 367 2320 multo
389 2255 625 2340 significantius
646 2259 734 2321 καλῶ
741 2305 750 2338 ,
778 2257 810 2319 et
833 2259 919 2321 certo
942 2256 1074 2321 consilio
1097 2254 1178 2320 Solis
1205 2255 1406 2338 potissimum

267 2366 474 2430 omnituentis
506 2366 667 2431 invocatio
700 2388 771 2430 cum
803 2367 833 2430 vi
871 2366 1008 2450 quadam
1043 2364 1231 2429 intenditur.
1286 2362 1406 2428 Ismeni

267 2481 375 2540 autem
396 2477 516 2541 mentio
537 2499 598 2541 nec
614 2497 724 2540 caussa
746 2497 806 2540 nec
826 2476 909 2539 ratio
931 2474 1123 2559 perspicitur
1144 2496 1199 2538 eur
1213 2474 1262 2538 vel
1285 2474 1406 2538 maiore

267 2587 317 2652 vel
339 2588 462 2652 minore
478 2608 549 2651 cum
571 2586 711 2670 pondere
733 2607 829 2670 quam
845 2589 1021 2649 ceterorum
1043 2585 1209 2649 numinum
1231 2582 1405 2668 appellatio

267 2698 334 2762 liat.
389 2697 478 2781 Ergo
516 2694 567 2762 vel
600 2695 685 2760 banc
723 2695 764 2759 ob
795 2715 862 2758 rem
894 2695 988 2759 nihili
1027 2699 1110 2758 esset
1141 2693 1224 2778 quod
1263 2694 1304 2757 ab
1335 2693 1405 2776 ipso

267 2805 397 2870 Prienio
421 2828 492 2870 oum
513 2806 536 2868 l.
559 2827 584 2868 e.
599 2827 633 2868 s.
657 2809 726 2869 tum
748 2805 850 2870 Musei
872 2805 972 2870 nostri
989 2804 1140 2869 Rhenani
1154 2805 1216 2868 vol.
1232 2803 1280 2868 IX
1294 2826 1327 2887 p.
1343 2802 1406 2868 239

268 2915 466 3000 propositum
481 2919 530 2980 est
545 2917 619 2981 οὐδ’
641 2915 701 2981 ἄπ’
723 2917 862 2996 Ἰτμηνὸν
878 2917 979 2992 λέγω,
1001 2915 1127 2978 etiamsi
1147 2935 1213 2978 non
1228 2913 1403 2996 accederet,

268 3025 351 3110 quod
373 3047 433 3090 nec
455 3026 701 3110 praepositionis
723 3027 786 3091 ista
808 3026 918 3090 tmesis
940 3024 1159 3089 defensionem
1180 3025 1317 3108 patitur,
1345 3044 1406 3086 neo

268 3135 399 3200 omnino
427 3157 465 3199 ea
498 3159 560 3220 qua
588 3137 642 3200 ille
669 3135 769 3200 voluit
796 3135 1032 3220 significatione
1055 3135 1232 3199 ‘Ismenum
1260 3131 1403 3216 excludo,

268 3249 450 3331 practereo’
479 3267 630 3331 graecum
658 3249 707 3310 est
734 3245 886 3321 ἀπολέγω
913 3245 1070 3324 Ἱτμηνόν,
1099 3267 1158 3308 nec
1181 3245 1208 3308 si
1231 3247 1329 3325 esset,
1358 3242 1405 3306 di·

268 3377 368 3442 gnum
384 3356 553 3439 Aeschylo.
589 3355 784 3438 Videturque
806 3377 892 3418 nunc
914 3355 982 3438 ipse
998 3354 1100 3418 Geelii
1122 3355 1253 3434 ἕρμαιον
1268 3353 1404 3436 probare

266 3467 301 3530 in
324 3465 482 3550 Symbolis
506 3466 625 3530 criticis
650 3464 796 3528 Lubeeae
819 3486 921 3549 nuper
944 3464 1037 3528 editis
1059 3487 1092 3548 p.
1114 3465 1165 3528 38.
1215 3462 1276 3538 Qui
1299 3466 1405 3526 autem

268 3579 352 3653 λέγω
389 3575 536 3640 vocabuli
578 3597 670 3639 usum
710 3573 869 3658 quendam
910 3574 1167 3657 parentheticum
1209 3573 1404 3655 eundemque

268 3686 508 3770 epexegeticum
529 3685 592 3749 buc
615 3684 729 3749 ascivit
743 3683 904 3748 Antonius
926 3683 1125 3748 Lowinskius
1147 3682 1287 3747 eiusdem
1302 3681 1405 3746 Musei

267 3796 329 3862 vol.
345 3794 393 3860 XI
407 3817 440 3879 p.
456 3795 519 3860 305
540 3795 587 3859 sic
608 3794 706 3858 verbe
727 3797 841 3878 poetae
862 3794 1042 3858 instaurare
1064 3793 1125 3856 sibi
1147 3793 1247 3857 visus:
1284 3793 1404 3872 Δίρκη(

266 3928 301 3972 τε
333 3909 464 3986 πηγαῑτ,
504 3905 618 3970 ούθατ’
656 3907 796 3984 Ἰτμηνοῦ
829 3905 929 3980 λέγω,
968 3925 1034 3969 non
1072 3903 1227 3987 cogitavit
1258 3901 1336 3988 (alia
1368 3903 1405 3965 ut

266 4016 407 4102 mittam)
429 4013 462 4077 id
486 4014 645 4078 contrario
667 4013 773 4097 potius
795 4013 906 4078 ordine
928 4013 1096 4078 dicendum
1121 4013 1220 4076 fuisse
1243 4011 1352 4078 οὔθαεί
1372 4013 1405 4076 τ’

267 4127 423 4210 Ἰτμηνού,
447 4125 567 4204 Δίρκη(
588 4126 692 4204 πηγὰτ
716 4125 815 4200 λέγω;
837 4123 912 4188 talis
936 4123 1021 4188 enim
1043 4123 1126 4186 ratio
1149 4126 1198 4187 est
1219 4120 1404 4205 Aeschylio·

266 4255 337 4302 rum
359 4236 485 4302 illorum
506 4237 542 4300 ut
563 4234 631 4302 ἅλω
654 4237 689 4300 δὲ
710 4237 850 4316 πολλὴν,
879 4235 1011 4300 ἀτπίλοε
1032 4234 1150 4301 κύκλον
1172 4233 1257 4312 λέγω
1285 4231 1320 4296 in
1342 4229 1405 4296 hae

267 4344 393 4430 fabula,
417 4345 467 4410 vel
483 4347 618 4428 κέντημα
632 4346 790 4424 γλώττης,
814 4345 966 4422 τκορπίου
988 4344 1080 4424 βέλοτ
1096 4345 1181 4421 λέγω
1196 4341 1231 4410 in
1246 4339 1407 4426 Xantriis.·
