3272 5088
287 295 350 362 418
435 276 438 282 ’
725 305 772 361 ns
795 310 995 362 acarnours

290 465 511 548 Casaubonus,
542 465 629 530 cuius
657 465 780 550 ingenii
808 467 910 530 aciem
931 465 1057 530 nescias
1085 487 1128 528 an
1149 463 1267 528 mentis
1296 464 1432 548 pruden-

289 575 368 638 tiam
390 575 489 658 pluris
511 575 612 639 facias
635 597 706 638 cum
733 576 889 640 immensa
913 574 1116 640 coniunctam
1139 578 1171 638 et
1193 575 1376 660 linguarum
1399 580 1432 640 et

288 683 493 748 historiarum
520 685 713 768 eruditione,
743 686 777 749 in
805 684 862 748 illa
884 685 1069 769 quaestione
1098 685 1139 748 ab
1161 706 1266 749 errore
1293 685 1354 750 sibi
1376 708 1431 770 po-

287 794 351 856 tuit
372 815 492 859 cavere.
538 794 569 858 Is
592 795 677 858 enim
699 795 807 858 adnot.
832 795 867 857 in
881 794 1049 858 AthenV
1071 816 1103 877 p.
1120 796 1181 858 217
1198 799 1234 876 E,
1258 799 1429 880 postquam

286 903 469 987 ingeniose,
494 927 573 988 quae
596 909 680 968 esset
702 904 742 967 ad
765 904 973 969 emaculanda
996 903 1157 968 Athenaei
1179 904 1277 968 verba
1299 906 1352 968 via
1380 906 1429 969 in-

287 1012 464 1097 stituenda,
502 1014 681 1098 perspexit,
719 1016 829 1077 tamen
856 1035 1039 1097 perversam
1069 1014 1103 1076 in
1126 1018 1252 1098 partem
1279 1037 1352 1079 usus
1380 1020 1431 1079 est

286 1121 452 1186 Diodori
475 1123 596 1206 verbis,
630 1124 683 1206 qui
705 1123 844 1187 Lachete
873 1123 1027 1187 archonte
1050 1124 1099 1186 vel
1127 1124 1168 1186 ol.
1192 1123 1384 1207 LXXXXV,
1411 1127 1427 1188 1

286 1231 365 1295 haec
388 1253 455 1296 esse
476 1235 568 1318 gesta
591 1237 702 1296 namet
724 1232 797 1296 libri
813 1232 891 1296 XIV
914 1253 941 1296 c.
958 1234 1015 1296 37:
1044 1233 1123 1298 κατὰ
1145 1235 1180 1298 δὲ
1201 1236 1260 1314 τὴν
1284 1235 1429 1300 Μακεδο-

284 1329 358 1408 νίαν
379 1345 550 1424 Ἀρχέλαος
578 1343 597 1408 δ
623 1345 765 1423 βαςιλεὺς
786 1381 828 1390 -
849 1345 907 1409 τὸν
938 1343 1007 1423 βίον
1029 1344 1216 1424 μετήλλαξε,
1247 1345 1429 1423 βαςιλεύςας

285 1452 339 1531 ἔτη
363 1453 450 1518 ἑπτά.
489 1452 558 1528 Quo
579 1453 763 1516 testimonio
785 1452 831 1516 ita
854 1452 969 1516 nititur
984 1451 1201 1536 casaubonus,
1225 1457 1261 1516 ut
1276 1453 1427 1517 Archelai

285 1561 452 1645 imperium
474 1563 515 1626 ol.
539 1561 645 1628 Xonl
668 1583 753 1626 anno
776 1563 795 1626 3
818 1565 851 1626 et
873 1562 912 1627 ol.
933 1561 1021 1628 XCV
1044 1585 1129 1626 anno
1151 1563 1172 1625 2
1194 1561 1339 1626 definiat:
1363 1563 1427 1628 eol-

285 1670 494 1756 laudaturque
522 1693 540 1734 a
568 1669 696 1754 Baylio,
728 1671 896 1736 Perizonio
918 1671 958 1734 ad
981 1671 1170 1753 Aelianum,
1203 1671 1285 1737 aliis.
1302 1673 1333 1758 ¹²)
1377 1674 1428 1738 Ac

284 1780 354 1844 leve
382 1785 446 1865 est,
474 1780 557 1864 quod
579 1780 751 1844 Lachetem
781 1781 927 1845 confudit
955 1802 1027 1844 cum
1054 1781 1268 1864 Aristocratc3
1297 1781 1427 1866 gravius

285 1893 407 1972 autem,
437 1890 520 1974 quod
541 1890 597 1954 illa
620 1890 717 1954 verba
739 1912 806 1954 non
827 1912 920 1974 posse
943 1893 989 1954 sic
1011 1891 1132 1973 scripta
1155 1912 1223 1954 esse
1246 1913 1265 1954 a
1287 1891 1426 1955 Diodoro

284 1999 415 2064 minime
437 1999 613 2083 perspexit:
642 2000 758 2083 quippe
781 2000 917 2064 eundem
939 1999 1134 2064 Archelaum
1161 2001 1246 2064 idem
1268 2000 1426 2066 Diodorus

284 2109 456 2193 scripserat
478 2109 568 2192 XIII,
591 2111 634 2173 49
659 2108 806 2193 Pydnam
834 2131 1035 2194 expugnasse
1058 2110 1211 2174 archonte
1235 2109 1425 2194 Glaucippo,

284 2218 344 2284 hoc
366 2219 477 2283 estol.
502 2215 601 2301 Xon,
625 2220 660 2283 3:
684 2222 719 2282 ut
740 2219 907 2284 minimum
929 2219 1038 2283 decem
1059 2241 1216 2284 annorum
1238 2219 1305 2284 eius
1327 2220 1426 2304 impe-

283 2328 366 2392 rium
380 2329 488 2393 fuerit.
533 2328 677 2392 Prudens
700 2328 785 2392 enim
808 2329 922 2393 omitto
943 2333 1078 2394 mortem
1094 2329 1269 2413 Euripidis,
1294 2331 1346 2414 qui
1369 2330 1425 2394 illo

283 2438 353 2522 ipso
375 2439 493 2523 olymp.
512 2437 618 2504 XCIII
641 2460 727 2502 anno
749 2439 845 2502 tertio
866 2441 1009 2502 mortuus
1032 2461 1100 2504 esse
1123 2439 1207 2523 apud
1230 2439 1425 2504 Archelaum

283 2547 410 2612 dicitur.
455 2547 656 2631 Quapropter
690 2548 902 2631 corruptelam
936 2549 1096 2632 quandam
1128 2549 1232 2612 inesse
1260 2549 1295 2613 in
1329 2549 1425 2615 ἑπτά

282 2679 359 2721 voce
381 2658 495 2722 mento
519 2657 643 2722 censuit
664 2657 817 2741 Lydiatus
839 2681 871 2741 p.
889 2658 925 2741 8,
956 2658 1073 2722 nimius
1094 2658 1149 2722 ille
1177 2658 1212 2722 in
1236 2658 1425 2743 corrigendo

283 2788 441 2832 annorum
468 2789 615 2832 numero:
653 2788 715 2851 quo
742 2767 850 2850 paullo
884 2760 1113 2832 consideratius
1147 2767 1215 2852 egit
1241 2767 1425 2832 Dodwellus

283 2877 305 2940 l.
330 2899 357 2941 ο.
381 2900 412 2961 ρ.
439 2876 476 2942 18
497 2883 529 2959 b,
567 2878 601 2941 in
631 2877 717 2940 onius
747 2876 908 2972 sententia
935 2877 1167 2962 Wesselingius
1196 2877 1355 2962 acquievit
1382 2878 1424 2942 ad

350 3113 374 3180 *)
394 3112 442 3181 [Vt
458 3112 575 3182 planius,
595 3112 660 3180 quid
679 3111 719 3166 rei
737 3115 838 3182 agatur
856 3111 975 3182 quidone
993 3113 1145 3168 instituerit
1156 3111 1344 3180 casaubonus,
1361 3130 1422 3183 per·

283 3203 424 3274 spiciatur,
441 3205 578 3260 Athenaei
597 3205 814 3274 disputationem
832 3206 971 3274 integram
987 3205 1060 3260 infra
1077 3205 1157 3276 posui
1174 3205 1246 3258 illius
1265 3205 1423 3260 coniectura

283 3316 360 3352 secus
379 3299 548 3368 suppletam:
571 3299 728 3366 Περδίκκας
746 3299 843 3352 τοίνυν
861 3301 919 3365 πρὸ
939 3301 1089 3366 Ἀρχελάου
1108 3300 1254 3366 βαςιλειλει,
1278 3301 1318 3353 ὡς
1337 3300 1386 3365 μέν
1405 3301 1422 3352 δ

283 3393 428 3446 Ἀκάνθιός
442 3409 507 3460 φηςι
522 3393 688 3458 Νικομήδης,
707 3393 756 3458 έτη
768 3391 975 3458 τεςςαρὰκοντα
988 3393 1027 3460 έν,
1047 3393 1217 3457 Θεόπομπος
1230 3393 1260 3446 δὲ
1270 3393 1422 3459 τριάκοντα

283 3485 377 3550 πέντε,
398 3485 575 3552 ’Ἀναξιμένης
594 3485 809 3550 τεςςοράκοντα,
828 3485 992 3550 Ἱερώνυμος
1011 3486 1114 3539 είκοςιν
1133 3486 1220 3552 ὀκτώ,
1239 3485 1373 3552 Μαρςιίας
1390 3485 1421 3536 δέ

281 3581 326 3632 καί
339 3579 494 3645 Φιλόχορος
513 3579 597 3632 εἴκοςι
608 3577 681 3642 τρία.
702 3578 817 3630 τούτων
834 3577 886 3630 οῦν
902 3579 1046 3645 διαφόρως
1065 3578 1272 3644 ίςτορουμένιυν
1289 3579 1421 3654 λάβωμεν

281 3672 333 3724 τὸν
356 3671 501 3736 έλάχιςτον
523 3671 657 3736 ἀριθμὸν,
681 3670 717 3724 τὰ
742 3672 826 3724 είκοςι
848 3671 912 3737 τρία
934 3673 991 3737 έτη.
1034 3671 1175 3738 Περικλῆς
1197 3672 1227 3723 δ’
1250 3671 1421 3736 ἀποθνήςκει

281 3765 352 3818 κατὰ
371 3766 406 3817 τὸ
423 3763 522 3830 τρίτον
540 3765 603 3816 ἔτος
621 3767 673 3817 rod
691 3764 960 3832 Πελοποννηςιακοίλ
979 3764 1117 3829 πολέμου,
1140 3765 1277 3830 ίίρχοντος
1296 3761 1420 3828 Ἐπαμεί-

281 3872 378 3924 νονος,
396 3851 444 3922 ἐφ’
464 3857 497 3909 οὓ
516 3858 635 3924 τελευτᾷ
654 3856 905 3924 [Ἀλέξανδρος,
926 3859 981 3909 καί
999 3858 1063 3922 τὴν
1083 3856 1258 3919 βαςιλείαν
1275 3856 1420 3922 Περδίκ-

282 3966 339 4004 κας
358 3949 563 4015 διαδέχεται,
587 3949 622 4001 ὃς
642 3947 843 4012 έβαςίλευεν
861 3949 924 4002 ἕως
945 3949 1104 4015 Καλλίου,
1128 3947 1182 4014 ἐφ’
1199 3948 1238 4001 οὗ
1256 3949 1418 4016 τελευτᾷ]

279 4041 434 4108 Περδίκκας
457 4043 501 4094 καί
523 4043 578 4106 τὴν
601 4040 739 4105 βαςιλείαν
763 4041 909 4107 Ἀρχέλαος
931 4041 1091 4106 διαδέχεται.
1133 4038 1229 4094 Mirari
1251 4039 1418 4095 Meinelrinm

279 4133 386 4198 licebit,
416 4131 462 4200 qui
489 4134 554 4187 ante
578 4131 782 4200 disputatorum
804 4131 872 4186 nihil
895 4149 994 4187 curans
1020 4132 1238 4186 infelicissimum
1261 4133 1420 4188 Gasaubcni

281 4227 503 4295 supplementum
533 4242 548 4278 e
571 4223 826 4294 Schweighaeuseri
855 4225 982 4295 exemplo
1011 4224 1130 4278 transire
1159 4225 1188 4278 in
1217 4243 1296 4280 suum
1326 4227 1366 4294 (h.
1392 4245 1416 4283 c.

281 4317 514 4372 Teubuerinnuurl
532 4335 631 4386 passus
650 4317 686 4370 sit
705 4317 789 4372 nimia
807 4319 932 4386 prolecto
951 4317 1145 4386 humanitate]
