3254 5092
265 327 329 390 210
615 342 771 389 ντκνπλιι
793 341 1055 390 καοααοοιιυνιι

153 531 158 543 -
266 496 307 559 ού
336 497 434 575 μέλον
462 495 524 560 ἐςτί
551 516 619 576 μοι,
649 494 741 559 ὅπως
770 496 809 560 ἂν
838 496 889 558 καὶ
911 496 1094 571 ’καλέςειας,
1128 493 1190 558 εἴτε
1219 493 1357 568 εἴςοδον,
1385 494 1403 571 ἢ

266 606 442 680 εἰςέλευςιν,
471 606 674 684 ἢέπήλυςιν,
696 605 715 681 ἢ
739 605 892 684 ἐπὶβαςιν,
921 605 940 681 ἢ
963 605 1110 683 πάροδον
1132 604 1151 681 ἢ
1174 596 1362 681 παράβαςιν,
1385 604 1430 680 ἢι

265 714 373 794 ἄλλως
394 733 467 777 πως
489 714 649 794 ςημαίνων
671 713 768 778 ταύτό
790 751 832 760 -
855 712 996 778 εἰςελθόν
1026 712 1086 777 οὖν
1114 713 1164 776 καὶ
1186 713 1334 791 παραβὰν
1362 711 1406 776 εἰς

264 825 322 902 τὴν
350 825 527 902 ὀρχήςτραν
554 827 653 888 τούτο
683 824 720 887 τὸ
749 823 885 901 ςύςτημα
907 824 982 898 πᾶν,
1011 823 1103 886 ὃκαὶ
1129 821 1229 900 χορὸς
1251 822 1405 894 ἐκαλεῖτο,

265 935 348 1012 πρὸς
369 933 445 997 τοὺς
467 933 640 1012 ὑποκριτά(
663 933 780 1008 λόγους
800 932 1009 1010 ποιούμενον,
1032 931 1069 994 τό
1085 932 1261 1010 πρόςωπον
1285 931 1405 1008 βλέπον

265 1042 332 1122 εἶχε
353 1043 437 1120 πρὸς
458 1043 517 1120 τὴν
540 1043 669 1119 ςκηνήν·
693 1042 891 1108 ἐξελθόντων
914 1042 949 1104 δὲ
972 1045 1038 1104 τῶν
1059 1039 1240 1119 ὑποκριτῶν
1262 1041 1345 1118 πρὸς
1367 1039 1405 1104 τό

264 1154 323 1215 τοὺ
353 1152 454 1228 δήμου
481 1151 577 1229 μέρος
607 1151 790 1230 ἐςτρέφετο,
821 1150 900 1228 ἢτὸ
926 1150 1030 1214 δεξιὸν
1054 1150 1072 1227 ἢ
1094 1151 1132 1214 τὸ
1154 1149 1332 1229 ἀριςτερόν,
1355 1151 1404 1212 καὶ
1419 1169 1444 1205 10

265 1260 363 1324 πόλιν
386 1260 618 1338 ἀντεςτρέφετο
641 1261 723 1338 πρός
745 1260 783 1323 τὸ
807 1259 919 1337 ἕτερον
935 1259 984 1322 καὶ
1007 1259 1097 1334 ἐλεγέ
1119 1280 1148 1323 τι
1163 1259 1324 1337 ἑκατέροις
1339 1263 1405 1323 τοῖς

264 1370 400 1448 μέρεςιν,
428 1367 497 1432 εἶτα
524 1369 689 1446 ἐξήρχετο,
719 1369 770 1431 καὶ
791 1370 882 1433 τέλος
905 1369 942 1432 τὸ
964 1370 1068 1446 δρᾶμα
1089 1369 1255 1447 ἐλάμβανε.
1299 1369 1405 1432 Ταύτα

265 1480 322 1557 μέν
338 1477 416 1555 ἦςαν
431 1467 618 1557 πρακτικὰδ
634 1479 710 1556 μέρη
725 1482 783 1541 τοὺ
799 1478 975 1556 δράματος,
990 1479 1009 1554 ἡ
1025 1477 1216 1557 παρόβαςις,
1236 1478 1255 1554 ἡ
1272 1480 1406 1557 ςτροφὴ,

266 1587 285 1664 ἡ
308 1587 520 1667 ἀντίςτροφος
549 1589 599 1650 καὶ
627 1587 646 1664 ἡ
675 1586 803 1652 ἔξοδος·
832 1588 882 1650 καὶ
912 1587 1024 1662 λογικὰ
1050 1587 1127 1665 μέρη
1150 1587 1247 1665 αὐτῆς
1262 1576 1298 1663 δ,
1321 1585 1405 1650 ἀντι-

265 1696 439 1776 παράβαςις
469 1697 569 1774 ἤγουν
597 1697 750 1775 πρώτως,
779 1698 938 1774 δευτέρως
966 1697 1145 1775 πρόλογος,
1175 1697 1224 1760 καὶ
1252 1696 1322 1762 ἀντὶ
1348 1699 1403 1772 τῆς
1418 1719 1443 1758 ιι

266 1809 407 1885 ςτροφῆς
435 1808 485 1870 καὶ
512 1809 568 1882 τῆς
596 1804 811 1885 ἀντιςτρόφου
839 1806 932 1882 λόγια
959 1807 1009 1868 καὶ
1036 1806 1121 1888 ᾠδὰς
1145 1807 1194 1868 καὶ
1216 1804 1404 1887 ἀντῳδὰςῆ

265 1914 463 1994 ἐπιρρήματα
490 1916 540 1978 καὶ
567 1916 822 1994 όντεπιρρήματα
849 1914 968 1990 εἴποις,
1003 1915 1042 1978 ού
1070 1915 1274 1992 διαμόχομαι·
1308 1914 1357 1977 καὶ
1384 1913 1403 1989 ἡ

266 2021 379 2088 ἔξοδος
400 2025 419 2100 ἡ
444 2024 510 2106 ῲδὴ
533 2024 642 2087 καὶτὸ
666 2023 748 2102 ῥῆμα
762 2028 821 2088 τοὺ
844 2024 1004 2102 δράματος
1023 2024 1061 2087 τὸ
1082 2024 1309 2100 ἐπιτελεύτιον,
1331 2022 1351 2086 ἃ
1374 2022 1405 2084 οἱ

265 2132 394 2208 αἰθέριοι
415 2133 465 2195 καὶ
487 2131 749 2212 ούρανοβὰμονες
769 2132 921 2197 λαλούςιν
942 2131 1050 2210 ὥςπερ
1072 2134 1236 2197 λαλούςιν·
1259 2132 1346 2212 ἔχετε
1369 2131 1405 2194 δέ

265 2245 365 2304 ταὺτα
385 2246 432 2324 τῷ
454 2241 577 2306 έαθέντι
599 2261 651 2319 μοι
673 2243 848 2324 προοιμίῳ,
877 2242 958 2305 ἀλλὰ
980 2243 1103 2320 μακρὰν
1131 2242 1239 2305 αὐτῶν
1268 2241 1404 2319 ἀποτρέ·
1418 2265 1443 2302 ω

265 2369 369 2428 χοιτε,
392 2351 432 2428 μὴ
454 2351 505 2412 καὶ
527 2350 625 2414 ἀκοὰς
649 2349 738 2428 ὑμῶν
760 2351 811 2413 καὶ
832 2351 938 2429 ψυχὰς
961 2350 1174 2429 λυμανθείητε.
1218 2351 1325 2414 Ταὺτα
1347 2352 1404 2428 μὲν

264 2461 303 2524 τὰ
324 2448 343 2523 δ
366 2460 443 2538 μέρη
466 2463 644 2538 πρακτικῶς
665 2480 700 2523 τε
721 2461 772 2523 καὶ
794 2463 930 2534 λογικῶς
952 2463 1018 2524 τῶν
1041 2463 1240 2538 δραματικῶν
1269 2460 1403 2538 ποιημά-

263 2590 329 2634 των
358 2569 515 2647 ὑπῆρχεν·
543 2573 609 2632 τῶν
638 2569 673 2632 δέ
701 2570 839 2647 λυρικῶν
869 2569 1119 2648 ςυγγραμμάτων
1154 2569 1225 2647 τρία
1253 2568 1330 2646 ἠςαν
1363 2569 1404 2633 τὰ

265 2679 358 2756 μέρη,
386 2678 561 2757 ςτροφικόν
588 2678 638 2740 καὶ
665 2677 911 2758 ἀντιςτροφικόν
940 2677 1047 2754 λόγια,
1081 2678 1232 2757 ἑκάτερον
1261 2678 1402 2761 ἑκατέρῳ

263 2785 440 2865 ἰςαρίθμους
468 2785 545 2863 ἔχον
573 2787 649 2850 τούς
677 2786 817 2864 ςτίχους,
844 2787 894 2849 καλ
921 2787 1046 2865 μέτρων
1073 2791 1140 2851 τῶν
1168 2787 1292 2852 αὐτῶν·
1320 2789 1442 2867 πρὸςθ

264 2897 332 2958 τοῖς
354 2898 537 2975 ςτροφικοῑς
558 2897 594 2958 δέ
616 2896 666 2958 καὶ
687 2894 941 2975 ἀντιςτροφικοῑς
963 2895 1070 2975 τρίτον
1092 2895 1131 2974 ἦν
1153 2897 1249 2975 μέρος
1264 2898 1301 2962 τὸ
1318 2897 1402 2980 ἐπῳ-

264 3004 353 3068 δικόν
378 3003 500 3080 λόγιον,
522 3002 701 3082 ὁμωνύμως
722 3005 886 3069 καὶταῦτα
907 3005 1065 3083 λεγόμενα
1086 3008 1152 3074 ταῖς
1178 3006 1302 3070 ἑαυτῶν
1323 3026 1402 3085 πρα-

264 3115 396 3189 κτικοῑς,
418 3118 456 3196 τῇ
478 3133 511 3178 τε
534 3119 657 3196 (τροφῇ
686 3114 737 3178 καὶ
765 3113 967 3198 ἀντιςτρόφῳ
989 3115 1039 3178 καὶ
1061 3116 1179 3199 ἐπῳδῶ
1202 3117 1272 3194 ἤτοι
1299 3116 1401 3198 ἐξόδῳ

264 3223 314 3286 καὶ
336 3223 488 3288 ἐξελεύςει
502 3224 552 3286 καί
567 3223 718 3304 ἐπιλόγῳ.
755 3223 811 3286 Καὶ
824 3224 886 3303 γὰρ
904 3225 954 3287 καὶ
971 3223 1001 3288 οἱ
1016 3226 1136 3303 λυρικοὶ
1150 3225 1233 3304 πρὸς
1249 3226 1401 3304 ἑκάτερον

264 3333 360 3411 μέρος
386 3336 444 3396 τοὺ
472 3332 573 3410 δήμου
595 3332 737 3411 δρῶντες
760 3333 960 3412 ἐφθέγγοντο
983 3335 1023 3396 τὰ
1045 3335 1217 3413 ποιήματα,
1245 3335 1295 3399 καὶ
1316 3337 1439 3399 τέλειοι

197 3457 245 3505 122
263 3445 321 3506 τοὺ
349 3441 509 3520 δράματος
534 3442 710 3519 μέλλοντος
739 3441 892 3505 παύεςθαι
913 3443 971 3506 τόν
995 3442 1126 3524 ἐπῳδὸν
1148 3444 1400 3524 ἐπεφθέγγοντο,

263 3551 334 3629 ἤτοι
365 3553 423 3630 τὴν
457 3550 590 3628 ὑςτέραν
625 3550 711 3633 ᾠδήν
745 3571 779 3614 τε
807 3551 856 3614 καὶ
883 3552 941 3617 τόν
971 3551 1135 3628 ἐπίλογον,
1165 3553 1208 3618 εἰς
1238 3553 1335 3630 εὐχὰς
1362 3553 1400 3615 τὸ

264 3662 411 3726 πλεῑςτον
439 3659 539 3723 αὑτὸν
567 3658 807 3736 περικλείοντες.
851 3660 1030 3738 Προοίμιον
1058 3663 1094 3725 δέ
1120 3663 1246 3727 τούτοις
1269 3661 1327 3724 ούκ
1350 3659 1399 3736 ἦν,

264 3769 308 3833 ῶς
335 3768 483 3843 ἐκείνοις,
513 3767 562 3831 ότι
589 3766 653 3846 ἅμα
679 3774 725 3852 τῷ
757 3768 905 3833 ελςελθεῑν
932 3769 976 3833 εἰς
1002 3772 1040 3834 τό
1068 3771 1204 3849 θέατρον
1232 3770 1314 3848 πρὸς
1341 3771 1399 3833 τόν

338 3943 463 3952 --....-.-.

330 4057 381 4124 [10.
405 4055 568 4122 ἐςτρέφετο,
593 4067 647 4110 non
671 4053 775 4126 ἑςτέφ.,
799 4059 869 4129 τού]
964 4059 1001 4116 λὺ.
1025 4057 1096 4114 Απλο
1121 4063 1166 4114 καὶ
1190 4055 1277 4128 prius,
1301 4077 1318 4114 a
1342 4073 1395 4128 quo

262 4163 333 4202 ιιονα
351 4149 455 4217 pagina
471 4147 580 4201 initium
598 4150 685 4218 capit,
708 4151 826 4204 alterum
845 4157 890 4206 καλ
909 4154 936 4206 in
955 4157 1080 4207 extrema
1097 4153 1186 4206 αλλοτιι
1210 4152 1314 4220 pagina
1332 4153 1394 4206 add.
1459 4163 1463 4172 ’

262 4237 322 4293 οού.
374 4245 414 4293 27.
429 4241 588 4306 ῶμονύμως
607 4243 667 4294 cod.
720 4249 760 4296 30.
775 4249 826 4298 τοὺ
845 4247 944 4314 δήμου]
957 4248 1081 4309 ούδαμοθ
1101 4245 1160 4297 cod.
1216 4246 1396 4314 [1.ἐπεῳθέγ-

261 4345 361 4398 γοντα,
380 4347 435 4385 non
453 4333 595 4400 έφθ,,οοι1.]
