3184 5100
584 371 744 418 squama
767 371 939 418 carrucas.
1273 355 1334 420 125

191 527 243 588 An
267 545 340 587 vero
363 546 455 609 reges
478 524 605 588 facilius
625 547 744 608 poenas
766 524 925 608 eflugiunt
952 523 1139 588 delictorum
1161 547 1257 608 (quam
1279 525 1333 608 qui

189 656 254 699 non
281 638 357 698 sunt
384 634 500 719 reges?
543 633 633 710 tluod
660 637 697 697 ut
727 656 821 717 saepe
849 634 950 717 possit
978 655 1086 698 verum
1115 655 1199 718 esse,
1230 638 1265 698 at
1292 635 1333 698 ab
1351 643 1384 690 30

190 748 302 809 harum
331 744 459 828 quidem
489 745 722 809 sententiarum
756 766 841 809 nexu
868 744 983 808 mirum
1011 747 1167 828 quantum
1194 744 1332 809 alienum

145 917 148 922 .
192 859 250 920 est.
282 855 367 919 Nam
389 855 464 919 Iaso
485 855 511 918 si
534 855 632 918 vellet
653 854 731 919 illud
754 853 906 918 iudicium
927 876 1029 937 sunm,
1053 876 1119 918 non
1141 854 1333 939 impunitam

189 965 257 1030 fore
272 965 436 1044 Medeam,
460 965 692 1030 consectarium
708 987 776 1030 esse
792 987 830 1028 ex
853 986 906 1048 e0,
931 963 1014 1048 quod
1036 985 1078 1028 ne
1100 965 1191 1049 regia
1206 965 1333 1049 quidem

190 1077 300 1140 domus
316 1097 452 1160 poenam
468 1075 640 1160 effugisset,
657 1097 788 1140 necesse
804 1077 887 1139 esset
901 1077 1068 1159 utramque
1083 1075 1245 1159 utriusque
1260 1098 1333 1159 poe-

192 1207 267 1251 nam
290 1186 360 1270 pari
383 1185 525 1250 iustitiae
548 1186 666 1250 rationi
683 1186 859 1250 subiectam
876 1185 1050 1270 cogitaret:
1073 1186 1224 1269 quoniam
1248 1189 1333 1250 certe

189 1295 336 1361 Medeam
363 1296 446 1360 iuste
473 1296 622 1379 punitum
650 1296 690 1359 iri
713 1294 829 1378 credit,
859 1296 886 1358 si
914 1296 1082 1378 puniatur:
1120 1295 1238 1379 alioqui
1266 1318 1333 1360 non

190 1410 239 1471 est
262 1405 506 1470 consectarium.
551 1407 598 1471 At
625 1427 699 1470 vero
729 1405 869 1470 Glaucae
902 1408 998 1489 atque
1027 1405 1172 1472 Creontis
1204 1404 1333 1470 caedem

190 1541 251 1602 quo
273 1517 366 1583 niodo
389 1515 462 1581 laso
482 1517 588 1600 potuit
608 1517 726 1580 iustam
748 1537 816 1580 esse
838 1537 975 1598 poenam
997 1516 1139 1600 profiteri
1162 1517 1333 1581 eorundem

191 1629 251 1692 cul
258 1649 347 1711 pae,
371 1649 452 1711 quae
475 1649 515 1690 ne
538 1630 622 1691 esset
644 1626 770 1711 quidem
793 1626 887 1710 culpa
907 1626 946 1691 de
961 1626 1086 1691 Iasonis
1108 1627 1284 1709 sententia,
1306 1627 1334 1691 si
1365 1647 1368 1656 ’

192 1760 267 1802 vero
289 1741 384 1820 esset,
409 1741 495 1802 certe
518 1738 584 1803 eius
606 1759 733 1820 poena
755 1757 821 1800 non
844 1741 927 1802 esset
948 1735 1048 1820 iusta,
1072 1736 1223 1821 quoniam
1239 1759 1277 1800 ea
1299 1737 1333 1800 in

191 1848 261 1931 ipso
280 1849 412 1912 Medeae
434 1848 553 1912 scelere
575 1847 679 1931 posita
703 1851 760 1930 est,
785 1847 867 1931 quod
891 1850 939 1910 est
953 1846 1116 1911 iniustum.
1146 1847 1205 1911 Vis
1228 1849 1334 1910 autem

139 2039 143 2046 .
190 1959 268 2037 αὐτή
292 1958 491 2042 pronominis
514 1957 609 2043 longe
631 1957 728 2021 alium
748 1956 876 2020 adrem
897 1959 1031 2041 spectat.
1068 1955 1213 2040 Denique
1235 1979 1333 2040 prave

190 2068 329 2132 arbitror
352 2069 448 2133 verba
472 2068 626 2152 coniungi
654 2068 741 2147 εἰμὴ
765 2068 907 2133 πέποιθε.
952 2065 1036 2131 Nam
1058 2066 1105 2130 ita
1128 2088 1199 2130 cnm
1222 2088 1333 2150 excep-
1428 2069 1435 2092 '

192 2177 237 2242 tio
260 2179 414 2262 quaedam
429 2179 506 2262 fiat,
531 2199 611 2262 quae
626 2177 681 2241 ubi
697 2199 762 2241 non
785 2177 838 2259 sit,
862 2176 940 2240 illud
963 2177 1019 2240 fiat
1041 2178 1124 2261 quod
1147 2177 1333 2261 exceptione

191 2287 467 2371 circumscriptum
491 2291 549 2371 est,
575 2287 788 2370 consequitur,
812 2287 867 2350 ubi
882 2285 966 2350 adsit
981 2287 1137 2371 excepti0,
1161 2287 1245 2350 idem
1267 2310 1330 2352 uon

190 2397 274 2479 lieri3
303 2401 340 2460 ut
361 2397 440 2461 haec
462 2398 505 2461 sit
526 2397 650 2462 Iasonis
673 2396 849 2460 sententia:
886 2403 933 2460 vel
954 2408 1039 2460 terro
1062 2404 1212 2462 occultari
1231 2404 1279 2462 vel
1300 2405 1332 2462 iu

189 2515 266 2570 ue'ru
288 2513 413 2572 avolare
434 2529 501 2572 ccum
523 2520 649 2588 oportet,
674 2514 736 2571 nisi
755 2517 860 2587 sperat
882 2527 913 2571 sc
934 2513 1112 2587 impunitam
1131 2511 1221 2583 sore;
1252 2513 1335 2586 quod

189 2629 298 2681 contra
324 2622 353 2680 si
370 2631 488 2698 sperat,
521 2639 581 2682 non
609 2629 725 2697 oportet
752 2638 818 2682 eam
849 2629 935 2681 terra
963 2623 1113 2682 occultari
1133 2623 1181 2681 vel
1202 2624 1233 2680 ιἰι
1255 2625 1332 2680 acra

191 2734 326 2793 avolare.
372 2725 442 2792 Hoc
470 2730 565 2811 pacto
589 2749 661 2792 cum
682 2727 856 2792 necessitas
879 2728 928 2792 vel
951 2729 1037 2792 terra
1059 2747 1127 2791 sese
1150 2726 1332 2791 occultandi

190 2837 240 2902 vel
263 2838 297 2902 iu
321 2843 395 2902 altra
418 2837 567 2902 avolandi
590 2837 729 2922 pendeat
752 2861 789 2902 ex
812 2837 943 2902 Medeae
967 2838 1221 2920 exspectatione,
1251 2859 1332 2921 cquae

192 2952 288 3032 prout
310 2953 366 3012 aut
389 2948 552 3032 impunem
574 2969 607 3012 se
630 2948 698 3012 fore
721 2951 827 3032 speret
849 2951 905 3012 aut
926 2947 1073 3031 punitum
1096 2947 1146 3031 iri,
1171 2950 1227 3013 aut
1248 2947 1333 3012 adsit

189 3058 246 3121 illa
268 3057 444 3122 necessitas
467 3060 523 3122 aut
549 3080 616 3123 non
638 3058 736 3122 adsit:
774 3058 908 3123 ridicula
937 3057 1106 3122 admodum
1132 3057 1234 3122 oritur
1260 3081 1331 3122 sen-

189 3169 302 3231 tentia.
348 3167 433 3231 Nam
455 3189 521 3231 non
543 3171 649 3250 potest
671 3169 846 3232 necessitas
873 3168 929 3232 illa
952 3171 1028 3251 apta
1052 3188 1120 3232 esse
1142 3189 1181 3231 ex
1204 3189 1332 3251 exspec-

189 3277 311 3340 tatione
334 3277 476 3360 Medeae,
499 3278 555 3341 sed
578 3299 616 3342 ex
638 3277 755 3342 iudicio
776 3279 910 3361 lasouis,
930 3279 1016 3362 quod
1040 3298 1111 3341 eum
1134 3281 1256 3341 certum
1277 3279 1330 3360 sit,

189 3387 286 3450 etiam
318 3387 492 3452 necessitas
525 3389 581 3452 illa
613 3391 779 3472 tamquam
807 3393 917 3452 certa
945 3388 1102 3473 quaedam
1139 3387 1329 3452 declaratur.

188 3495 261 3560 laso
284 3496 370 3560 enim
391 3497 469 3561 illud
492 3521 558 3562 non
580 3499 648 3562 vult
676 3500 712 3562 in
734 3499 837 3562 medio
859 3499 1055 3583 relinquere,
1085 3501 1191 3562 utrum
1219 3499 1330 3581 punia-

188 3609 241 3670 tur
264 3605 376 3670 Medeu
404 3629 522 3690 necne3
550 3609 606 3672 sed
634 3629 756 3692 poenas
784 3608 912 3673 sceleris
941 3609 1052 3672 datum
1078 3608 1118 3671 iri
1145 3630 1331 3692 persuasum

188 3717 295 3799 habet,
320 3739 451 3802 eamque
473 3718 667 3782 sententiam
689 3717 749 3782 hac
771 3717 874 3782 forma
897 3719 1003 3782 effert:
1033 3740 1094 3783 non
1116 3726 1243 3800 effupr'el
1257 3740 1331 3800 poe-

188 3847 261 3900 nus:
286 3835 369 3907 quod
388 3834 416 3891 si
435 3837 536 3892 tamen
558 3838 677 3907 sperui,
701 3834 849 3894 miraculo
872 3835 973 3907 aliquo
996 3850 1071 3909 opus
1093 3841 1146 3894 est.
1191 3829 1241 3893 Ex
1264 3829 1330 3913 qui-

189 3937 247 4002 bus
276 3941 410 4021 apparet
438 3939 464 4004 εἰ
486 3939 526 4018 μή
549 3938 715 4022 particulis
742 3938 846 4002 locum
870 3959 937 4002 esse
959 3938 1098 4021 nullum,
1127 3938 1182 4002 scd
1206 3943 1330 4003 contra-

189 4047 270 4111 riam
291 4049 327 4111 in
349 4051 473 4132 partem
503 4048 764 4112 conformandam
791 4048 889 4113 fuisse
918 4049 1145 4130 sententiam:¹
1162 4053 1211 4114 δεῖ
1224 4051 1225 4054 ’
1238 4071 1288 4116 νιν
1311 4052 1330 4128 ἢ

188 4161 245 4236 γῆ(
267 4159 353 4222 κάτω
377 4165 556 4240 κρυφθῆναι
578 4161 597 4238 ἢ
621 4159 664 4224 εἰ(
686 4159 796 4240 αἰθέρα
818 4159 966 4240 ἀρθῆναι,
996 4160 1022 4224 εἰ
1045 4161 1199 4227 πέποιθεν
1220 4160 1328 4244 ἀθῷοι
1347 4175 1378 4222 31

189 4267 364 4347 φεύξεεθαι.
408 4267 608 4352 Quapropter
636 4269 743 4332 nescio
773 4291 815 4332 au
844 4273 931 4333 recte
960 4269 1137 4332 coniciatur
1164 4270 1210 4332 sio
1232 4270 1330 4353 scrip-

189 4379 257 4442 tum
278 4377 377 4442 fuisse
400 4379 593 4462 antiquitus:
1150 4359 1153 4366 Ι
