3254 5092
633 367 669 414 ru
692 367 975 416 aarsrorrriurru.
1312 355 1376 423 225

238 517 437 596 Καλλιμάχου
465 519 514 582 καὶ
536 519 782 597 Ἐρατοεθένου(
809 522 888 600 μετὰ
916 523 1037 602 βραχύν
1065 544 1135 589 τινα
1162 524 1284 604 χρόνον
1307 527 1375 602 ἐγέ-
1420 511 1424 521 ’

235 647 309 691 νετο
331 631 398 705 τῆ(
422 633 651 707 (υναγωγῆε
678 633 756 694 τῶν
785 631 928 711 βίβλων
952 633 1012 696 καὶ
1034 635 1291 712 διορθώεεωε.
1337 633 1374 698 ld

236 739 341 799 autern
370 737 397 799 si
425 737 551 820 quaeris
585 738 678 821 quale
710 739 823 822 fuerit,
858 741 940 824 quod
974 741 1058 804 inter
1091 743 1193 826 ipsam
1223 743 1374 808 librorum

237 846 458 910 collectionem
487 851 519 911 et
546 847 688 912 indicum
717 851 978 934 compositionem
1008 851 1147 915 medium
1177 852 1374 916 intercedere

236 955 395 1039 debuerit,
419 957 472 1020 vir
495 957 663 1041 quicquam
686 959 832 1023 invenias
855 961 937 1044 quod
960 962 1064 1046 magis
1086 962 1252 1044 probabile
1274 963 1372 1046 dicas,

236 1087 331 1148 quarn
353 1061 481 1151 singule
502 1068 680 1152 volumina,
711 1069 757 1132 ita
778 1073 814 1132 ut
836 1074 989 1154 congesta
1013 1075 1120 1153 eraut,
1152 1071 1280 1135 abillis
1303 1094 1374 1136 exa-

236 1176 358 1240 minata
374 1179 406 1239 et
420 1177 588 1262 recognita
603 1178 716 1261 fuisse,
734 1183 769 1242 ut
789 1180 863 1263 quid
879 1180 912 1244 in
928 1203 992 1244 uno
1007 1202 1130 1265 quoque
1145 1181 1373 1266 contineretur,

237 1284 472 1371 intelligerent,
496 1310 572 1352 num
595 1288 635 1352 ad
659 1293 837 1372 auctorem,
867 1291 954 1354 cuius
977 1311 1095 1355 nomen
1116 1291 1374 1376 ferebat,.pe1ti-
1393 1301 1443 1350 245

236 1401 343 1479 neret,
371 1400 479 1460 utrum
501 1419 519 1460 a
542 1386 626 1462 bono
654 1399 785 1462 librario
813 1399 985 1484 diligenter
1010 1405 1042 1464 et
1070 1401 1169 1484 polite
1197 1422 1239 1463 an
1261 1399 1375 1463 vitiose

237 1507 352 1590 etita,
376 1512 412 1570 ut
434 1529 551 1571 novum
574 1508 753 1591 exemplum
780 1509 888 1592 parari
910 1514 1087 1593 oporteret,
1116 1510 1269 1592 scripturn
1292 1513 1376 1573 esset

236 1620 440 1700 quaererent,
473 1622 505 1680 et
527 1617 699 1681 secundnm
722 1619 802 1682 haec
824 1621 932 1682 omnia
954 1619 1098 1682 ordinem
1119 1619 1279 1702 quendam
1302 1639 1375 1682 con-

235 1727 415 1791 stituerent.
460 1727 551 1792 Haec
574 1729 660 1792 enirn
688 1749 753 1792 non
775 1729 880 1792 minus
904 1750 974 1792 cum
1002 1749 1107 1792 rerum
1136 1731 1252 1792 natura
1280 1749 1374 1812 quam

236 1857 306 1898 cum
328 1836 436 1900 indole
458 1837 584 1901 illorum
599 1839 754 1922 virorum,
779 1860 911 1922 quorum
925 1860 1024 1902 unum
1044 1859 1198 1922 quemque
1213 1841 1245 1902 et
1267 1837 1301 1901 in
1322 1837 1373 1920 iis,

201 2015 203 2020 λ
235 1946 349 2029 quibus
364 1946 544 2030 praefectus
561 1951 646 2030 crat,
663 1948 779 2012 litteris
793 1969 860 2012 non
874 1948 1077 2013 mediocriter
1090 1953 1249 2012 versatum
1264 1947 1372 2030 fuisse,

236 2059 268 2118 et
299 2057 528 2140 grammaticae
556 2059 618 2121 arti
647 2081 776 2142 operam
804 2058 927 2122 dedisse
955 2059 1100 2122 novimus
1124 2058 1180 2142 (cf.
1205 2057 1374 2122 Ritschelii

236 2164 352 2230 Coroll.
369 2189 402 2250 p.
414 2167 456 2230 24
470 2189 555 2251 sqq,
571 2169 726 2232 Meinekii
737 2169 823 2232 Hist.
841 2168 911 2232 crit.
929 2191 960 2251 p.
980 2169 1032 2252 10;
1046 2167 1133 2234 Suid.
1146 2191 1176 2232 v.
1194 2169 1375 2249 Λυκόφρων

236 2279 268 2337 ct
290 2277 525 2362 Ἀλέξανδρος),
550 2278 754 2343 conveniunt.
799 2279 839 2341 lu
861 2278 916 2342 illo
939 2281 1045 2342 autem
1067 2277 1198 2361 negotio
1217 2299 1288 2341 curn
1309 2299 1375 2340 non

235 2385 337 2448 solum
358 2385 541 2470 titulorum,
565 2388 619 2452 sed
642 2388 740 2452 etiam
762 2388 902 2471 ipsorum
917 2388 1084 2451 verbonun
1106 2385 1375 2450 emendandorum

235 2495 360 2560 occasio
382 2496 458 2560 data
481 2500 580 2582 esset,
609 2521 671 2582 qua
699 2519 758 2581 pro
780 2519 836 2561 suo
858 2497 990 2580 quisque
1012 2496 1145 2560 arbitrio
1168 2496 1214 2559 uti
1237 2499 1373 2579 poterat,

235 2606 377 2689 sequitur
399 2606 430 2668 id
454 2629 576 2690 quoque
598 2607 759 2692 quandam
781 2609 948 2688 διόρθωειν
971 2605 1085 2688 fuisse,
1109 2626 1190 2688 quae
1213 2605 1373 2687 aTzetza,

237 2715 512 2780 celeberrimorum
535 2716 689 2780 Zenodoti
711 2715 887 2780 studiorum
908 2737 1062 2798 memore,
1091 2716 1137 2778 ita
1160 2719 1292 2798 accepta
1314 2719 1373 2798 est,

235 2829 286 2907 ut,
311 2825 394 2909 quod
417 2826 458 2889 ab
480 2826 541 2890 hoc
563 2827 599 2889 in
619 2825 751 2890 Homeri
774 2827 970 2911 aliorumque
992 2829 1158 2909 poetarum
1181 2825 1374 2890 carminibus

235 2935 303 2998 fieri
331 2935 492 3019 meminit,
521 2935 561 2999 ad
591 2936 651 3000 hoc
673 2936 839 3020 negotium
861 2936 903 2999 ab
930 2936 986 2999 illo
1013 2957 1142 3018 prorsus
1164 2934 1322 2998 diversum
1344 2939 1376 2997 et

236 3045 415 3109 seiunctum
437 3046 627 3110 transferret
655 3045 800 3129 idemque
822 3045 958 3129 duobus,
988 3045 1101 3130 quibus
1130 3045 1164 3108 in
1186 3067 1223 3108 eo
1244 3066 1375 3108 munere

237 3155 330 3219 sociis
353 3156 517 3238 utebatur,
546 3160 666 3219 temere
687 3155 852 3219 tribueret.
898 3155 1005 3238 Atque
1031 3156 1077 3218 ita
1101 3155 1224 3218 factum
1247 3175 1314 3218 esse
1337 3175 1375 3217 ex

236 3265 286 3327 bis
301 3265 405 3328 verbis
422 3265 724 3349 apparctpss110,9:
739 3265 830 3331 οὗτοι
844 3267 901 3345 μὲν
916 3266 973 3330 rac
989 3266 1133 3344 εκηνικὰε
1148 3267 1375 3344 διωρθώεαντο

237 3375 380 3455 βίβλους,
404 3375 449 3440 ὼε
470 3377 527 3440 τὰ(
549 3379 616 3440 τῶν
637 3379 783 3453 ποιητῶν
809 3375 1029 3454 ἐπεεκέψαντο
1052 3375 1249 3454 Ὰρὶεταρχοί
1269 3395 1303 3439 τε
1325 3376 1375 3438 καὶ

235 3484 463 3568 Ζηνόδοτοι*).
503 3483 740 3549 Ceterumnon
756 3489 805 3548 cst
826 3483 1007 3548 mirandum
1014 3533 1021 3567 ,
1048 3483 1130 3567 quod
1152 3481 1247 3545 latini
1269 3503 1375 3565 gram·

303 3730 328 3796 *l
346 3729 447 3784 Nescio
466 3745 502 3782 an
519 3729 547 3782 in
565 3731 774 3785 ἐπιεκέπτεεθαι
792 3727 878 3783 verbo
897 3745 958 3782 cum
976 3731 1150 3795 διορθοῠεθαι
1168 3727 1266 3793 verbo,
1286 3725 1328 3780 ita
1345 3729 1374 3779 nt

236 3823 354 3876 eandem
376 3823 523 3890 utrumque
545 3823 601 3876 vim
623 3822 739 3887 habeat,
767 3821 914 3875 coniuncto
937 3823 1019 3874 tenue
1049 3819 1189 3887 quoddam
1212 3817 1374 3885 antiquioris

236 3915 386 3970 memoriae
404 3914 565 3984 vestigium,
584 3932 638 3982 quo
657 3914 796 3968 sententia
812 3915 909 3967 nostra
926 3913 1114 3978 confirmetur,
1131 3913 1255 3966 haereat.
1286 3909 1375 3975 Quan-

237 4023 319 4074 quam
339 4008 412 4062 enim
430 4008 467 4062 ad
479 4007 667 4062 Zenodoteam
679 4006 941 4072 Aristarcbcamque
953 4004 1067 4060 Homeri
1085 4004 1235 4059 editionem
1253 4003 1305 4056 hoc
1317 4020 1375 4058 ver-

236 4101 302 4154 bum
320 4101 430 4156 rettulit
446 4100 560 4167 Tectae,
577 4099 668 4169 possis
685 4102 780 4154 tamen
798 4099 946 4164 coniicere,
965 4098 1106 4152 emeliore
1125 4099 1213 4160 fonte,
1233 4095 1278 4148 ubi
1295 4095 1375 4148 iustis

235 4193 335 4247 finibus
353 4195 437 4248 trium
456 4193 701 4262 grammaticorum
719 4209 817 4245 mimus
836 4191 1072 4259 circumscriptum
1090 4189 1185 4254 fuant,
1208 4188 1236 4240 id
1256 4188 1375 4257 petitum

236 4286 320 4354 inque
333 4305 366 4342 eo
385 4286 420 4341 de
437 4287 490 4340 hoc
502 4302 615 4340 munere
633 4285 755 4355 positum
773 4284 865 4339 luisse.
901 4284 974 4338 Nam
990 4283 1057 4336 illud
1075 4283 1178 4351 ipsum,
1198 4281 1271 4347 quod
1283 4299 1375 4336 rerum

236 4380 337 4433 uatum
349 4379 509 4434 examinata
525 4378 670 4448 probabile
683 4395 744 4432 esse
761 4377 928 4440 invenimus,
946 4378 1154 4430 ἐπιεκέπτεεθαι
1172 4375 1257 4428 verbo
1270 4374 1375 4444 optime

289 4483 333 4517 ru.
353 4483 517 4518 urracaaarr
537 4481 683 4518 oruscuaa
702 4483 721 4520 r.
1136 4462 1174 4525 15
