3254 5092
247 311 307 375 166
517 305 519 311 ’
543 328 793 377 coaonnrarvu
816 327 1085 377 nrsrvrrmorus

245 483 304 546 bus
328 482 534 566 cogitassent.
572 480 647 545 Non
668 484 775 565 potest
797 485 904 545 autem
924 482 1006 546 ullus
1029 503 1129 546 nexus
1152 481 1298 567 cogitari,
1323 481 1386 546 nisi

247 591 401 656 excidisse
423 591 579 675 quaedam
607 591 767 654 statueris.
813 590 903 666 Quod
930 592 1044 656 sinon
1072 595 1200 674 praeter
1228 591 1386 656 rationem

245 701 516 786 proposuerimuS,
555 702 608 766 vix
640 701 737 765 aliam
771 701 897 765 licuerit
930 702 994 766 nisi
1025 701 1110 765 hanc
1143 702 1337 766 sententiam
1370 723 1387 766 e

246 811 380 875 residuis
407 811 587 874 litterarum
615 811 759 896 vestigiis
781 811 1017 896 redintegrare:
1058 813 1276 897 Ὀνομακρὶτῳ
1299 814 1386 891 Ἀθη-

198 922 400 1005 tornisarni
423 918 433 1008 [
437 969 708 985 ...........
719 971 728 1004 ,
755 925 823 987 τοῑ(
846 923 895 986 καὶ
917 926 1046 988 truecto
1066 921 1135 1009 τὸν]
1161 919 1385 1010 καλ[ούμενον]

249 1033 359 1097 ἐπικὸν
382 1032 510 1097 κύκλον.
555 1029 643 1106 Quae
666 1032 849 1096 coniectura
872 1031 899 1094 si
922 1031 1055 1095 certiore
1077 1031 1287 1095 fundamento
1305 1032 1387 1096 nite-

249 1145 316 1224 tur,
353 1140 416 1204 dici
444 1144 583 1224 nequeat
610 1161 704 1224 quam
739 1141 832 1226 gravi
864 1140 983 1204 indicio
1011 1161 1107 1224 quam
1133 1141 1242 1226 gravis
1270 1162 1320 1205 res
1348 1142 1389 1205 ad

227 1265 230 1271 ’
250 1249 404 1334 liquidum
427 1249 576 1314 ducatur:
600 1251 716 1334 quippe
739 1273 800 1334 quo
822 1251 857 1314 in
872 1250 1061 1315 Pisistratea
1084 1254 1190 1314 aetate
1207 1250 1387 1334 collocetur,

250 1381 346 1443 quam
371 1359 600 1423 Alexandrinis
630 1364 757 1442 praeter
787 1361 822 1424 F.
852 1361 892 1424 A.
924 1359 1075 1423 Wolfium
1109 1360 1251 1444 plerique
1279 1382 1389 1424 omnes

251 1469 448 1553 tribuerunt,
473 1469 575 1553 cycli
599 1470 703 1553 epici
727 1469 1009 1554 compositi0.*)

335 1578 574 1662 Propositarum
596 1602 614 1642 a
642 1579 734 1643 nobis
763 1579 1016 1644 coniecturarum
1044 1583 1116 1642 utra
1144 1580 1207 1642 utri
1236 1583 1388 1664 praestet,

250 1710 305 1752 suo
339 1689 469 1772 quisque
502 1711 594 1754 sensu
629 1689 815 1753 arbitretur:
850 1710 910 1773 ego
937 1690 1062 1753 nescire
1094 1709 1144 1752 me
1176 1689 1296 1771 fateor,
1330 1711 1390 1754 nee

250 1798 337 1883 prius
364 1798 438 1862 sciri
466 1819 558 1882 posse
589 1798 698 1881 crede,
728 1820 823 1882 quam
849 1799 1033 1882 integrioris
1060 1799 1237 1862 testimonii
1266 1798 1328 1861 fide
1355 1798 1389 1861 in
1453 1833 1455 1838 v

251 1908 428 1991 planiorem
460 1907 545 1970 viam
578 1908 665 1972 ducti
698 1908 824 1972 erimus.
875 1908 1010 1976 Interim
1037 1908 1165 1972 dumeta
1199 1911 1232 1972 et
1267 1908 1389 1972 lubrice

250 2017 374 2080 viarum
413 2039 479 2080 non
518 2018 651 2082 celanda
684 2019 812 2101 putavi,
854 2017 968 2101 quibus
1008 2018 1112 2081 omnis
1151 2017 1207 2080 illa
1233 2017 1390 2100 quaestio

252 2127 355 2191 adhuc
376 2126 557 2210 impeditur.

774 2359 794 2436 s
820 2355 868 2419 10.

661 2507 979 2590 Paralipomena.

335 2677 449 2740 Restat
472 2680 507 2739 ut
528 2677 567 2754 de
588 2676 743 2758 suspectis
765 2675 953 2758 quibusdam
968 2676 1098 2740 vocibus
1121 2675 1233 2740 scholii
1248 2674 1390 2740 Plautini

250 2809 353 2870 pauca
386 2787 587 2849 disseramus.
640 2787 689 2848 Ac
725 2784 763 2848 de
799 2791 1008 2866 offertissr'mas
1040 2809 1069 2849 v.
1106 2785 1145 2849 18
1178 2789 1211 2848 et
1244 2798 1392 2850 asseveret

252 2919 281 2960 v.
299 2897 339 2960 38
362 2895 482 2958 dictum
504 2899 554 2957 est
575 2916 681 2979 supra.
726 2895 897 2958 Praeterea
922 2899 997 2970 Quin
1021 2895 1212 2960 correximus
1236 2916 1293 2978 pro
1317 2900 1390 2970 an

251 3027 281 3068 v.
310 3005 351 3068 60
384 3007 416 3068 et
451 3010 519 3068 olim
554 3024 612 3087 pro
640 3011 675 3066 οῖ’
702 3027 731 3067 v.
761 3005 801 3069 67
829 3004 976 3068 benevoli
1005 3005 1145 3068 censoris
1173 3004 1212 3067 It.
1244 3004 1391 3068 Merkelii

252 3137 346 3178 sucsu
368 3113 402 3176 in
425 3111 632 3198 (Buechneri)
656 3113 825 3196 Ephemer.
849 3114 984 3177 litterar.
1010 3136 1038 3177 a.
1065 3113 1146 3179 1838
1168 3135 1200 3197 p.
1223 3113 1297 3180 586.
1341 3113 1391 3177 Ac

251 3243 320 3303 qum
342 3221 633 3306 frequentissimam
649 3223 808 3306 ceteroqui
830 3245 888 3306 pro
910 3243 999 3303 quum
1021 3223 1212 3306 scripturam
1233 3245 1273 3287 ne
1290 3223 1391 3288 ausim

251 3333 378 3416 quidem
400 3351 485 3395 nunc
506 3333 702 3396 confidenter
723 3332 863 3396 tribuere
885 3332 947 3416 ipsi
970 3332 1085 3396 codici:
1107 3336 1176 3396 tam
1198 3333 1271 3396 illas
1294 3355 1343 3398 om
1359 3337 1391 3396 et

252 3450 305 3508 oin
332 3441 470 3526 syllabas
503 3442 627 3506 litteras
656 3444 782 3507 constat
814 3442 954 3506 discretu
983 3463 1211 3526 saepenumero
1243 3442 1390 3506 difficiles

253 3573 330 3616 esse.
368 3551 464 3616 letius
478 3551 564 3614 modi
586 3555 773 3617 autemeam
796 3552 973 3634 particulae
988 3573 1061 3615 usus
1078 3550 1138 3615 etsi
1152 3573 1218 3615 non
1241 3552 1391 3616 abhorret

253 3685 272 3725 a
293 3662 431 3725 barbara
453 3660 550 3724 medii
571 3661 641 3726 aevi
664 3661 824 3744 oratione,
856 3661 978 3725 alienus
1001 3665 1110 3724 tamen
1133 3660 1232 3724 videri
1255 3661 1391 3725 debete

251 3777 319 3836 tam
346 3771 489 3856 eleganti
516 3770 670 3854 scriptore
692 3771 785 3836 Italo.
830 3770 878 3834 De
906 3771 961 3834 illo
983 3772 1090 3834 autern
1113 3772 1151 3834 ol‘
1174 3791 1264 3834 suam
1292 3793 1390 3854 quan-

252 3882 326 3946 darn
359 3881 573 3946 coniecturam
607 3881 700 3964 (Nom
733 3886 771 3944 ob
804 3884 941 3966 LXXII)
975 3903 1040 3944 non
1077 3879 1186 3944 dubito
1219 3879 1296 3964 quin
1326 3879 1390 3943 iam

253 3989 478 4074 Bernhardyus
500 3990 568 4072 ipse
590 3990 720 4053 missam
741 3989 864 4054 fecerit.
909 3989 1011 4054 Multo
1026 3989 1203 4054 mirabilius
1225 3989 1390 4052 inventum

321 4253 345 4318 *)
365 4251 424 4320 [His
442 4269 497 4306 non
516 4251 660 4322 dissimilia
677 4269 777 4305 novem
794 4253 859 4322 post
877 4250 956 4305 aunis
969 4249 999 4305 C.
1017 4249 1047 4304 L.
1066 4249 1184 4304 Rothius
1201 4248 1390 4320 proponebat:

253 4343 288 4398 de
307 4359 360 4410 quc
379 4343 473 4412 paucis
492 4343 609 4398 diximus
627 4343 716 4398 Musei
733 4343 799 4413 phil.
818 4343 906 4398 Rhea.
924 4341 977 4396 Vll
995 4345 1082 4409 (iste)
1100 4359 1128 4410 p.
1149 4347 1197 4396 138
1216 4343 1267 4410 sq]
