3270 5094
603 379 649 424 DE
672 375 821 424 caurlco
845 374 1052 423 SOPHOOLEO

360 531 528 611 τημάντωρ
550 531 675 596 άλιώεει
697 529 766 609 χερὶ
787 529 918 609 πέρεαε·
946 527 965 591 ὁ
988 527 1022 590 δ’
1045 526 1147 590 ἐεαιὲν
1170 525 1258 606 ὁρῶν
1281 523 1396 589 κῦκλοε

361 641 481 708 λεύτεει
502 661 553 707 νιν
578 640 704 721 Μαρίου
726 639 808 704 Διόε
851 637 893 716 χά
914 639 1097 713 γλαυκῶπι(
1120 635 1244 700 Ἀθάνα.

362 793 463 858 ἄλλον
486 793 519 856 δ’
541 790 636 857 αἶνον
659 791 724 871 ἔχιυ
746 788 941 870 ματροπόλει
962 792 1037 870 τᾷδε
1060 788 1235 868 κράτιετον,

362 906 470 982 δῶρον
494 906 552 966 τοῦ
574 900 715 981 μεγάλου
737 899 901 978 δαίμονοε,
923 898 1049 978 αὔχημα
1070 897 1226 976 μέγιετον,

361 1011 500 1076 εὔιππον
524 1011 685 1076 εὔπωλοκ
698 1009 901 1074 εὐθάλαεεον.

362 1120 469 1185 ὠπαῑ
492 1121 628 1200 Κρόνου,
651 1119 687 1184 τὺ
709 1119 770 1198 γάρ
793 1139 842 1184 νιν
864 1115 909 1183 ilc
951 1119 1023 1182 τόδ’
1052 1117 1137 1182 εἶτα(
1158 1115 1285 1196 αὔχημ’,
1318 1113 1398 1181 ἄναξ

1024 1226 1195 1304 Ποεειδάν,

360 1339 504 1404 ἵπποιειν
525 1339 584 1404 τὸν
607 1338 761 1418 άκεετῆρα
783 1337 916 1418 χαλινὸν

362 1450 516 1529 πρώταιει
537 1451 642 1514 ταῑεδε
664 1447 767 1513 κτίται
790 1447 928 1523 άγυιαῑε·

363 1561 401 1624 τά
421 1559 458 1623 δ’
482 1557 656 1637 εὐήρετμοε
678 1557 815 1633 ἔκπαγλ’
838 1555 911 1621 ἁλία
933 1558 1018 1635 χερεί
1040 1556 1272 1635 παραπτομένα
1293 1554 1398 1619 πλάτα

362 1669 495 1748 θρώεκει
515 1671 582 1733 τῶν
605 1666 835 1746 ἑκατομπόδυιν
879 1665 1035 1749 Νηρῄδων
1058 1664 1245 1730 ἀκόλουθοι.

342 1843 449 1908 Pauca
464 1845 589 1907 restant
603 1841 802 1925 secundaria,
819 1861 900 1926 quae
915 1861 955 1904 ne
970 1841 1134 1926 tetigimus
1149 1841 1276 1925 quidem
1291 1862 1396 1925 supra.

258 1955 379 2018 Eorum
400 1953 624 2038 gravissimum
646 1952 687 2015 ad
709 1951 923 2033 άχείρητον
946 1951 1087 2034 pertinet
1108 1973 1138 2015 v.
1162 1951 1225 2015 698
1247 1951 1397 2035 positum.

259 2061 349 2138 Quod
377 2083 448 2126 cum
474 2061 708 2124 Laurentianus
735 2063 856 2143 servet,
890 2059 1051 2143 antiquior
1078 2081 1155 2124 sanc
1183 2060 1399 2124 Laurentiano

259 2173 351 2236 testis
368 2170 481 2235 Pollux
499 2170 614 2234 Onom.
635 2170 683 2254 Π,
702 2169 764 2235 154
778 2170 999 2251 ἀχείρωτον
1020 2168 1141 2253 prodit:
1165 2171 1342 2251 άχείραιτον
1364 2172 1399 2234 δὲ
1436 2227 1442 2234 .

260 2283 428 2364 (οφοκλῆε
452 2279 556 2362 εἴρηκε
578 2280 616 2345 τὸ
639 2280 901 2360 άχειρούργητον,
923 2279 1118 2360 δυεχείριυτα
1132 2281 1168 2345 δὲ
1182 2281 1399 2360 Δημοεθένητ.

263 2391 349 2456 Nam
371 2391 417 2454 ibi
439 2388 522 2474 quod
546 2411 584 2453 ex
607 2389 828 2473 antiquissimo
843 2387 990 2453 Parisino
1006 2388 1170 2453 Beklrcrus
1193 2391 1400 2470 άχειρόδοτον

261 2501 369 2587 potius
398 2499 542 2584 protulit,
566 2497 773 2564 manifestum
801 2500 849 2562 cst
876 2498 933 2562 soli
957 2499 1135 2580 χειριδωτοί
1158 2503 1190 2562 et
1211 2499 1400 2584 χειράδοτον

261 2633 374 2676 vocum
396 2609 609 2674 recordationi
630 2608 750 2692 deberi,
774 2629 852 2692 quas
872 2607 980 2692 paullo
997 2611 1073 2672 ante
1094 2609 1323 2693 grammaticus
1337 2629 1400 2672 mc-

260 2723 442 2785 moraverat
456 2723 475 2800 5
490 2718 643 2784 151.152.
667 2717 831 2782 Nauckius
847 2721 954 2782 autam
970 2740 1041 2782 cum
1056 2739 1121 2781 non
1134 2717 1249 2802 Oedipi
1264 2740 1400 2802 versum,

262 2828 317 2894 sed
338 2827 511 2912 quemlibet
533 2827 632 2891 alium
654 2826 859 2911 Sophoclium
881 2831 1042 2911 spectasse
1057 2827 1220 2892 Pollucem
1242 2827 1331 2911 dicit,
1355 2827 1401 2891 ita

262 2938 337 3022 quid
360 2936 507 3020 proficiat
535 2936 631 3019 plane
659 2958 718 3000 nos
745 2936 914 3020 praeterit:
943 2957 1019 3000 uam
1047 2957 1243 3021 quocumque
1270 2938 1305 3002 in
1332 2937 1402 3001 loco

191 3095 193 3098 -
262 3047 343 3132 legit
365 3046 605 3131 grammaticus,
631 3068 668 3110 ea
690 3049 798 3110 tamen
822 3046 1060 3130 significatione
1082 3046 1142 3109 sibi
1165 3047 1284 3111 lectum
1305 3050 1401 3110 testa·

263 3157 316 3219 tur
337 3178 418 3240 quae
441 3159 489 3220 est
511 3155 776 3237 άχειρούργητον;
805 3177 900 3239 qnam
928 3177 989 3239 quo
1017 3159 1149 3219 tandem
1170 3155 1237 3220 iure
1259 3157 1345 3220 dices
1368 3156 1402 3219 in

263 3265 360 3330 aliam
381 3265 523 3330 fabulam
551 3265 668 3329 rectius
696 3286 791 3349 quam
818 3265 852 3329 in
875 3264 1032 3348 Oedipum
1061 3265 1253 3329 convenire?
1294 3264 1403 3329 Vnum

264 3374 347 3459 quod
369 3375 476 3459 agitur
498 3375 559 3440 hoc
582 3379 630 3439 est
651 3375 697 3456 ut,
721 3377 827 3437 utrum
848 3376 935 3438 recte
957 3374 1004 3436 illi
1019 3374 1141 3437 formae
1156 3395 1194 3439 ea
1209 3374 1402 3459 significatio

265 3484 424 3548 tribuatur
446 3506 488 3548 an
511 3484 624 3548 vitiato
648 3483 754 3548 codice
776 3483 1005 3568 grammaticus
1031 3505 1106 3546 usus
1133 3483 1190 3566 sit,
1220 3488 1400 3567 quaeratur.

264 3593 309 3657 Et
335 3594 413 3657 illud
439 3592 567 3677 quidem
597 3595 651 3676 qui
679 3596 855 3678 negarim,
889 3615 955 3658 non
987 3596 1122 3675 possunt
1148 3615 1215 3657 non
1241 3592 1403 3658 verissime

264 3723 400 3788 negasse
422 3702 532 3766 videri.
577 3703 662 3768 Nam
690 3703 874 3767 alsianum
901 3723 979 3767 sane
1006 3703 1146 3783 χείρωμα
1167 3723 1284 3767 nomen
1306 3702 1402 3766 semel

264 3833 346 3876 unus
369 3785 551 3896 'beschylus
579 3812 648 3876 sine
676 3813 847 3876 violentiae
875 3811 970 3876 ullius
999 3811 1130 3875 notione
1157 3813 1264 3895 posuit
1286 3799 1326 3876 in
1347 3811 1403 3876 illo

187 3941 191 3948 ’
265 3922 429 4003 τυμβοχόα
450 3923 630 4002 χειρώματα
651 3943 681 3986 v.
701 3921 782 3986 1006
797 3921 926 3986 fabulae
941 3921 1125 4004 Thebanae,
1148 3924 1259 3986 tamen
1279 3923 1311 3986 et
1326 3920 1403 3986 alibi

266 4031 407 4111 χείρωμα
435 4034 468 4094 et
489 4032 688 4111 δυεχείρυιμα
715 4035 747 4094 et
775 4030 880 4114 ipsum
907 4035 1037 4112 χειροῦν
1064 4035 1246 4111 χειροῦτθαι
1272 4031 1404 4095 verbum

152 4173 155 4178 ·
267 4143 299 4204 ct
320 4140 397 4204 hinc
419 4140 563 4204 derivata
583 4140 690 4206 omnia
712 4141 855 4220 χείριυειε
876 4141 1029 4220 χειρωτότ
1052 4141 1234 4220 χειρωτικάε
1255 4141 1404 4222 εὐχείρω-

266 4270 324 4314 τοε
355 4251 568 4330 δυεχείριυτοε
598 4249 763 4334 ipsumque
796 4250 971 4331 ἀχείρωτοι
1002 4253 1070 4314 tam
1104 4251 1305 4315 constantem
1334 4271 1404 4333 pro·

268 4357 432 4441 priamque
460 4359 521 4423 sibi
544 4359 715 4424 violentiae
743 4359 906 4422 notionem
928 4362 1057 4423 servant
1078 4362 1129 4440 ut,
1152 4359 1206 4443 qui
1227 4359 1404 4440 άχείριυτου
