3270 5094
537 409 574 466 nt
596 415 769 468 assonam
791 413 1044 490 rnonsrnavn.
1302 395 1364 466 385

224 571 319 653 poeta
334 573 429 635 vocat
443 594 473 635 v.
491 572 562 636 733.
580 573 643 636 735
664 571 795 637 αὐλῶνα
812 571 1006 652 Μαιωτικόν,
1024 569 1111 634 cuius
1133 568 1187 634 ille
1210 591 1284 654 pars
1301 571 1362 633 est:

224 681 385 764 quoniam,
416 681 600 765 priusquam
622 682 847 764 permeabatur
873 681 1029 763 eblone,
1055 680 1208 764 peculiari
1234 678 1363 743 nomine

225 791 357 854 carebat
393 792 614 876 communique
647 791 816 854 Maeotidis
852 791 982 855 nomine
1020 789 1362 873 comprehendebatur:

224 899 270 962 ita
298 922 427 984 prorsus
449 900 604 965 Thracius
633 923 756 984 quoque
779 899 955 984 Bosporus,
991 901 1032 964 ab
1065 899 1191 983 virgine
1222 899 1363 963 nondum

224 1010 448 1092 transcensus,
472 1014 585 1094 poetae
608 1033 665 1094 pro
681 1015 773 1093 parte
788 1009 884 1074 Ponti
901 1009 1021 1074 Euxini
1043 1012 1102 1091 est,
1127 1009 1214 1072 euius
1237 1007 1363 1091 quidem

224 1120 353 1202 propria
381 1120 554 1204 appellatio
584 1142 655 1186 cum
686 1119 785 1184 fuerit
810 1121 955 1202 Πόντος,
991 1118 1072 1182 nihil
1099 1117 1206 1182 Vossii
1239 1117 1363 1182 ratione
1390 1165 1395 1178 .

225 1248 292 1291 esse
313 1231 420 1312 potest
441 1228 626 1313 simplicius.
665 1228 726 1294 Sed
748 1229 783 1293 in
806 1251 843 1294 eo
865 1229 949 1293 idem
970 1229 1104 1312 fallitur,
1128 1227 1210 1311 quod
1234 1229 1369 1307 ῥεῖθρον-

224 1337 301 1402 illud
329 1361 359 1402 v.
384 1339 445 1403 799
478 1337 649 1402 Phasidem
682 1340 928 1422 interpretatur,
961 1342 1073 1423 utpote
1106 1337 1142 1402 in
1173 1337 1363 1400 Prometheo

224 1447 326 1512 soluto
347 1448 383 1512 in
405 1448 503 1512 Asiae
530 1452 562 1512 et
584 1447 732 1531 Europae
760 1449 907 1512 confiniis
935 1449 1141 1530 collocatum3
1175 1447 1213 1511 de
1245 1446 1362 1530 palude

224 1556 384 1621 Maeotide
420 1579 487 1622 non
522 1557 598 1622 licet
637 1558 782 1622 dubitare
820 1561 951 1641 propter
987 1557 1180 1623 evidentiam
1216 1577 1363 1620 versuum

225 1667 401 1731 733-737.
421 1707 463 1716 -
486 1669 521 1733 δέ
543 1667 736 1751 particulam
750 1690 781 1731 v.
798 1667 860 1731 719
882 1671 1057 1751 expungat,
1081 1667 1134 1750 qui
1157 1688 1223 1730 non
1238 1666 1362 1748 patien-

224 1776 297 1840 dam
319 1776 445 1840 duxerit
472 1777 507 1841 in
530 1776 713 1862 apodosi.*)

307 1885 354 1950 V:
372 1887 434 1951 728
460 1891 591 1966 τραχεῖα
617 1887 776 1953 Πόντου
804 1887 998 1966 (αλμυδητία
1025 1888 1160 1964 saddoc:
1198 1887 1236 1950 de
1258 1884 1362 1950 Ponto

224 1995 309 2060 enim
330 1995 457 2060 Euxino
480 1996 597 2081 agitur.

307 2104 348 2170 V.
372 2106 434 2171 759
457 2107 561 2172 ἔττιν
585 2105 787 2170 scribendum
809 2107 1000 2190 necessario,
1028 2128 1085 2190 pro
1108 2109 1234 2174 ἔξεττιν.

306 2213 347 2279 V.
378 2216 437 2279 761
472 2216 631 2280 immerito
658 2214 857 2280 Blomfieldio
885 2217 1106 2300 reprobatum,
1141 2216 1223 2301 quod
1252 2220 1300 2279 est
1328 2216 1362 2279 in

224 2324 345 2408 aliquot
361 2324 538 2389 codicibus:
561 2327 659 2406 πρὸ(
681 2325 798 2390 αὐτὸ(
822 2326 953 2391 αὑτοῦ.
990 2324 1039 2391 Of.
1056 2348 1086 2389 v.
1103 2327 1165 2390 923
1187 2327 1242 2390 ἐπ’
1265 2327 1361 2390 αὐτὸ(

224 2435 327 2520 αὑτῷ,
351 2457 381 2498 v.
404 2435 466 2499 276
487 2437 569 2514 πρὸ(
592 2435 706 2500 ἄλλοτ’
729 2435 840 2500 ἄλλον.
878 2434 960 2498 Vide
983 2435 1104 2500 Oomm.
1130 2435 1200 2498 crit.
1224 2434 1259 2497 in
1282 2434 1359 2498 Oed.

224 2542 291 2608 Col.
315 2544 387 2608 849.
1209 2627 1210 2632 ¹

307 2652 348 2717 V.
373 2653 436 2718 795
458 2653 538 2737 quod
563 2652 743 2718 Brimckius
767 2655 874 2738 posuit
896 2655 1024 2719 auribus
1046 2654 1251 2739 gratificans:
1275 2655 1361 2719 ὅπου

222 2801 265 2812 -
285 2764 321 2828 Αἱ
348 2764 517 2842 Φορκίδες,
551 2764 692 2848 eleganti
725 2763 842 2828 iudicio
876 2764 1000 2828 nititur.
1045 2765 1226 2862 Articulum
1253 2764 1280 2827 si
1308 2765 1361 2848 qui

223 2871 298 2936 libri
319 2873 515 2955 omitterent,
539 2873 665 2956 placere
687 2877 794 2956 posset
814 2875 868 2940 ἵνα
882 2913 925 2922 -·
946 2875 1150 2953 Φορκυνίδετ.
1196 2873 1258 2938 Sed
1280 2873 1362 2937 nihil

222 2982 420 3046 mutandum.

306 3091 347 3155 V.
364 3093 424 3156 901
449 3091 531 3176 quod
553 3093 724 3156 multorum
746 3092 820 3156 tulit
836 3094 1062 3176 assensionem,
1087 3093 1245 3158 Schuetzii
1269 3097 1357 3178 μέγα,
1372 3113 1450 3162 xxvii

224 3201 455 3285 explodendum
478 3205 526 3266 est
547 3225 613 3266 non
635 3224 700 3266 una
723 3203 761 3266 de
785 3224 906 3266 caussa.
943 3201 1017 3267 Sola
1040 3207 1291 3288 superstructum
1313 3208 1362 3268 est

224 3311 361 3375 Aldinae
383 3312 541 3395 scriptura
564 3315 704 3396 μεγάμῳ,
729 3333 920 3396 quaequam
940 3313 982 3375 sit
997 3313 1157 3376 infirmum
1171 3313 1360 3377 fimdamen-

223 3421 302 3504 tum,
328 3443 399 3484 oum
421 3443 459 3484 ex
481 3420 569 3484 tenui
592 3422 677 3484 illius
699 3421 772 3485 libri
796 3423 987 3485 auctoritate
1009 3421 1210 3507 intellegitur
1231 3426 1298 3485 tum
1322 3444 1360 3486 ex

222 3528 411 3594 relicuomm
448 3530 591 3594 codicum
627 3531 719 3594 simul
758 3534 789 3612 et
825 3531 1016 3595 scholiastae
1049 3533 1268 3612 consensione,
1307 3533 1359 3614 qui

222 3641 352 3702 tuentur
371 3641 474 3725 γάμῳ.
505 3639 676 3704 Praeterea
698 3641 813 3704 mirum
835 3645 989 3725 quantum
1011 3641 1200 3725 infringitur
1221 3641 1268 3705 vis
1291 3663 1360 3704 sen·
1463 3672 1467 3681 ·

222 3749 359 3812 tentiae:
382 3749 483 3812 multo
499 3749 584 3812 enim
599 3749 714 3813 fortius
738 3753 786 3812 est
807 3754 1013 3830 δαπτομέναν
1029 3774 1122 3835 quam
1140 3753 1219 3830 μέγα
1241 3757 1360 3815 δαπτο-

224 3858 329 3934 μέναν.
373 3858 518 3942 Denique
547 3881 613 3923 non
640 3860 746 3943 potest
773 3859 814 3922 ab
842 3859 955 3924 horum
978 3861 1144 3924 verborum
1167 3860 1360 3924 iudicatione

289 4053 315 4118 *)
346 4053 435 4121 [Hanc
464 4051 499 4106 de
521 4052 594 4106 Ionis
618 4053 758 4106 erroribus
786 4053 1003 4122 disputationem
1025 4054 1217 4124 Reisigianam
1240 4073 1301 4110 cum
1324 4055 1360 4108 ab

182 4215 184 4220 ,
223 4143 284 4196 aliis
302 4145 461 4214 neglectam
478 4144 558 4199 video
577 4147 637 4198 tum
655 4162 673 4199 a
690 4145 917 4200 dissertationum
939 4146 1056 4198 duarum
1072 4147 1260 4200 Bonnensium
1278 4149 1361 4216 scrip-

221 4236 343 4303 toribus,
374 4254 491 4304 quarum
513 4237 604 4292 altera
626 4238 656 4290 P.
681 4238 701 4294 l.
724 4237 853 4306 Meyeri
880 4238 1026 4305 ‘Aeschyli
1048 4239 1230 4292 Prometheus
1253 4241 1360 4293 vinctas

222 4345 276 4396 quo
294 4328 323 4382 in
340 4330 401 4384 loco
420 4329 468 4398 agi
485 4329 623 4384 videatur'
641 4330 747 4400 prodiit
764 4348 788 4384 a.
805 4336 878 4398 1861,
897 4331 986 4384 altera
997 4329 1079 4384 Bern.
1099 4331 1211 4384 Fossii
1230 4332 1280 4385 ‘De
1298 4333 1360 4386 loco

222 4419 322 4488 inquo
341 4422 522 4477 Prometheus
541 4423 615 4492 apud
633 4423 800 4490 Aeschylum
818 4423 925 4478 vinctus
944 4423 991 4477 sit'
1010 4441 1034 4478 a.
1056 4425 1140 4492 teca]

275 4524 318 4558 ra.
338 4525 502 4559 siracusam
522 4524 666 4560 croscum
688 4529 705 4560 1.
1117 4510 1159 4574 ‘25
