3254 5086
542 326 698 376 υιουνοιι
719 327 1071 378 ιιιοιοιιιιυιουυυοιο.
1311 315 1370 380 531

769 481 842 560 ee.

318 627 426 693 Redeo
448 629 489 693 ad
512 629 780 712 comprobandam
794 630 961 696 Vrbiuatis
983 633 1224 715 praestantiam.
1258 633 1373 697 Adhuc

234 738 320 802 euim
342 760 381 802 ex
409 739 480 822 ipse
508 738 615 802 indole
643 740 935 824 supplementorum
964 742 1217 826 comparatisque
1238 743 1373 827 reliquo-

235 869 304 910 rum
328 846 471 912 codicum
492 849 610 912 mutuis
625 849 802 913 rationibus
818 851 1035 934 argumentati
1057 873 1174 916 sumus.
1208 851 1277 917 Nec
1299 874 1374 916 vero

235 957 411 1020 certissima
438 957 519 1022 alius
546 958 674 1043 generis
703 958 823 1022 indicia
851 981 949 1044 eaque
983 963 1115 1024 externa
1145 960 1274 1044 desunt,
1307 962 1373 1044 qui·

234 1067 293 1130 bus
315 1065 393 1130 fides
415 1067 501 1130 illius
522 1067 597 1132 libri
619 1071 710 1132 extra
732 1068 964 1134 dubitationem
985 1073 1134 1154 ponatur.
1171 1069 1216 1134 Et
1236 1070 1373 1153 primum

235 1175 362 1258 quidem
384 1175 423 1240 de
446 1176 579 1241 oonsilio
600 1177 816 1260 interpolandi
837 1200 905 1244 nou
926 1179 1002 1244 licet
1023 1179 1196 1262 suspicari,
1219 1179 1273 1243 ubi
1295 1178 1373 1262 ipsis

236 1284 335 1348 oculis
358 1288 491 1350 externa
514 1307 625 1352 caussa
648 1291 811 1370 comperet
838 1289 1017 1373 elapsurum
1039 1289 1206 1352 verborum
1233 1288 1283 1352 vel
1305 1310 1373 1352 ver-

235 1392 416 1458 siculorum.
460 1394 558 1460 Velut
584 1395 903 1462 homoeoteleuta
931 1401 1058 1462 constat
1083 1397 1277 1462 uberrimum
1303 1397 1373 1460 fon-

234 1505 300 1565 tem
329 1502 428 1567 fuisse
456 1505 652 1569 lacunarum.
703 1486 796 1570 Eius'
815 1508 942 1592 generis
977 1507 1132 1590 quaedam
1165 1507 1309 1590 exempla
1338 1507 1372 1570 iu

235 1633 331 1694 supra
364 1613 470 1676 allatis
504 1617 632 1678 exstant
660 1617 695 1700 (ξ
717 1615 747 1679 2.
770 1617 820 1702 3):
851 1617 913 1682 duo
940 1637 1027 1682 nunc
1054 1615 1179 1681 addam.
1229 1615 1293 1699 ffl,
1317 1617 1373 1680 70:

235 1722 408 1800 φανέντων
444 1725 479 1786 δ’
510 1724 561 1787 ἐπὶ
598 1726 734 1804 Θατέρου
768 1727 884 1806 μέρους
920 1727 1060 1806 ὀρνίθων
1098 1725 1216 1810 [οἵων
1255 1726 1373 1808 αὐτὸς

235 1830 441 1911 ἐβούλετο,
473 1833 593 1900 πάλιν
624 1835 755 1900 ἐκεῖνο
788 1840 874 1920 διχῇ
907 1839 1034 1920 διῄρει
1064 1836 1108 1900 τὸ
1135 1834 1284 1915 χωρίον
1312 1837 1374 1898 καί

233 1941 326 2004 τοὺς
361 1940 527 2020 ὄρνιθας
563 1945 736 2025 διέκρινε
769 1945 862 2010 τοὺς
893 1945 1243 2024 παραγινομένους
1278 1946 1373 2008 κατὰ

233 2049 277 2112 τὸ
304 2049 411 2114 αὐτό.
454 2052 576 2138 ταύτῃ
605 2055 810 2132 χρώμενος
842 2060 885 2138 τῇ
916 2055 1105 2133 διαιρέςει
1131 2060 1209 2118 τῶν
1238 2055 1372 2119 τόπων

235 2159 296 2221 καί
317 2160 386 2238 τὴν
409 2159 573 2240 ἐςχάτην
596 2162 672 2228 ὑπὸ
694 2167 771 2229 τῶν
795 2161 986 2250 ὀρνίθων]
1010 2163 1252 2243 ἀποδειχθείςαν
1274 2161 1373 2243 ἄμπε-

235 2269 294 2332 λον
317 2267 466 2335 ὑπελθιίιν
489 2273 552 2336 κτλ,
596 2271 742 2336 Servavit
763 2272 858 2354 haec,
882 2293 963 2355 quae
985 2272 1026 2336 ab
1049 2277 1132 2336 ADP
1150 2272 1278 2353 absunt,
1302 2293 1374 2336 oum

235 2379 289 2440 ΒΟ
314 2377 411 2440 etiam
433 2377 612 2444 Venetus
635 2379 798 2465 Sylburgii
820 2382 897 2465 (V),
929 2381 1017 2444 ouius
1046 2380 1186 2444 indolem
1212 2380 1259 2444 sic
1285 2380 1371 2463 lieet,

234 2484 296 2548 nisi
323 2485 410 2550 fallit
436 2487 560 2576 opinio,
593 2490 741 2573 definire,
773 2494 809 2554 ut
834 2488 1005 2574 persimilis
1037 2489 1080 2552 sit
1107 2487 1310 2554 Ooisliuiani:
1340 2490 1372 2553 id

234 2593 316 2676 quod
348 2593 485 2660 fortasse
519 2598 616 2662 etiam
650 2599 685 2664 in
712 2599 925 2663 Romanum
958 2598 1098 2662 codicem
1126 2597 1287 2682 Sylburgii
1315 2599 1372 2683 (R)

235 2702 330 2766 cadit.
381 2703 447 2768 Soli
476 2709 582 2771 autem
611 2713 640 2772 B
666 2707 726 2772 hoo
760 2709 1016 2792 supplementum
1046 2707 1195 2772 debemus
1228 2706 1286 2790 IV,
1315 2707 1371 2772 58:

234 2814 284 2876 καὶ
312 2813 367 2879 ςὺν
400 2815 527 2881 τούτοις
554 2819 613 2897 τὴν
641 2818 808 2898 Ῥωμαίων
836 2818 1124 2901 [ἰςοπολιτείαν
1155 2816 1274 2882 ἅπαςι
1306 2838 1371 2897 χα-

234 2923 422 3001 ρίῑεςθαι,
461 2925 507 2990 οὐ
539 2929 591 2990 δι’
624 2927 785 2993 εὔνοιαν
822 2930 892 3007 τὴν
930 2929 1029 3006 πρὸς
1065 2928 1157 2991 τοὺς
1190 2927 1371 3007 Γαβίους,

233 3029 318 3094 ἀλλ’
344 3031 410 3097 ἵνα
436 3036 505 3112 τὴν
533 3036 749 3120 Ῥωμαίων]
776 3037 949 3116 ἡγεμονίαν
972 3037 1218 3116 ἐγκρατέςτερον
1244 3037 1373 3116 κατέχοι

233 3142 296 3203 κτλ.
319 3138 384 3203 Vbi
400 3142 441 3206 ab
455 3143 548 3207 initio
569 3145 649 3222 ἵνα,
672 3166 730 3229 pro
749 3148 810 3211 καὶ
832 3147 960 3208 exstans
980 3144 1015 3208 in
1031 3150 1066 3227 P,
1089 3165 1106 3208 e
1122 3143 1278 3228 Stephani
1296 3166 1372 3210 οοιι-

233 3248 355 3312 iectura
376 3251 556 3332 profectum
577 3257 641 3334 est,
664 3254 798 3318 inferius
821 3258 928 3318 autem
949 3254 984 3317 in
1006 3253 1180 3318 Reislriana
1202 3257 1275 3336 post
1297 3253 1372 3318 ἀλλ’

231 3357 286 3423 ἵνα
308 3361 427 3423 temere
448 3361 583 3426 iteratur
605 3365 671 3430 ςὺν
693 3365 861 3429 τούτοις.
884 3360 1023 3427 -Νοιι
1044 3363 1149 3425 minus
1171 3362 1267 3426 fidem
1289 3361 1371 3426 eodi-

234 3467 279 3530 cis
306 3467 385 3531 talia
412 3471 587 3553 testantur,
619 3472 654 3535 in
683 3472 797 3555 quibus
830 3473 965 3536 lacunae
992 3471 1112 3535 indicio
1139 3473 1188 3534 est
1209 3491 1371 3534 vacuum

233 3575 407 3657 spatium
429 3579 464 3644 in
486 3579 605 3644 chartis
628 3581 783 3645 relictum.
821 3579 899 3645 Eius
920 3579 1007 3644 modi
1028 3579 1207 3662 exemplum
1229 3599 1246 3641 e
1267 3577 1327 3659 111,
1350 3579 1371 3642 3

235 3689 556 3754 commemorabamus
585 3689 663 3772 §73
691 3691 826 3754 alterum
854 3693 874 3770 ἕ
897 3689 917 3754 9
945 3688 1094 3752 afferetur
1124 3686 1194 3769 el,
1224 3686 1281 3770 723
1308 3689 1370 3750 ter-

233 3798 312 3862 tium
340 3799 397 3882 IV,
421 3797 462 3863 63
490 3800 610 3862 exstat:
643 3800 694 3862 διὰ
723 3800 876 3874 γυναικὸς
908 3798 997 3878 ὕβριν
1199 3800 1255 3874 τῆς
1281 3796 1321 3874 ἣν
1350 3794 1369 3860 ὁ

234 3909 449 3989 πρεςβιίτατος
470 3907 569 3972 αι’ντοῦ
592 3910 658 3974 τῶν
681 3906 806 3973 παίδων
827 3906 939 3972 (έξτος
959 3907 1148 3987 διέφθειρεν,
1170 3905 1202 3967 h.
1221 3924 1248 3967 e.
1272 3903 1369 3966 inter·
1391 3919 1420 3966 ιι

233 4020 322 4098 prete
344 4015 521 4100 Bernaysio
541 4017 692 4094 γυναικὸς
714 4015 804 4098 ὕβριν
826 4017 1010 4095 γαμετῆς,
1030 4036 1088 4097 pro
1110 4035 1171 4098 quo
1194 4013 1295 4076 solum
1314 4032 1370 4088 γυ-

233 4127 340 4189 ναικὸς
363 4126 453 4206 ὕβριν
476 4124 588 4209 reliqui
610 4124 684 4188 libri
706 4127 883 4188 servanmt.
