3218 5094
591 439 639 486 na
663 438 732 486 ono
756 439 799 484 nr
823 439 965 486 ORIONE.
1283 421 1343 484 651

208 596 303 677 serit,
337 595 523 678 plerumque
552 592 703 656 nimirum
732 594 890 654 resectum
919 591 960 654 ab
982 590 1188 674 etymologia,
1222 589 1347 652 veluto

209 705 376 788 descriptis
400 705 478 767 artis
500 703 578 766 locis
594 701 824 784 communibus,
848 702 899 764 vel
914 723 931 764 e
946 701 1085 764 laudatis
1101 701 1236 762 aliorum
1250 700 1347 784 serip-

208 819 313 880 torum
334 813 536 878 testimoniia
569 811 630 876 Sed
646 811 684 875 de
707 812 757 875 his
780 833 920 875 seorsum
942 811 1066 874 dicetur
1088 809 1238 893 posthae:
1262 831 1348 874 nune

209 930 317 990 autem
344 923 511 988 brevitatis
546 945 658 986 caussa
692 923 790 986 etiam
822 922 898 986 illae
930 943 1023 984 voces
1052 921 1349 1004 praetermittentur

211 1039 361 1116 cunctae,
390 1056 469 1119 quas
499 1055 571 1096 cum
600 1056 665 1096 non
693 1031 948 1116 improbabiliter
975 1031 1014 1094 ad
1043 1031 1100 1095 Ori
1126 1032 1199 1110 περὶ
1225 1030 1349 1094 πάθον(

210 1145 327 1209 librum
350 1139 404 1208 'vel
435 1144 532 1207 libros
561 1143 698 1225 retorna,
726 1147 836 1206 tamen
866 1121 1007 1225 potuisse
1036 1144 1121 1205 certe
1150 1140 1249 1204 etiam
1271 1139 1349 1202 alibi

209 1255 314 1318 locum
337 1254 481 1318 invenire
504 1275 595 1316 suum
617 1253 791 1316 identidem
813 1275 909 1335 supra
929 1251 1191 1335 significavimus,
1216 1271 1287 1313 oum
1309 1249 1349 1313 dc

210 1364 440 1448 orthographia
461 1364 563 1447 deque
585 1363 723 1426 ethnicis
746 1363 935 1446 agebamus:
958 1383 1036 1444 quas
1058 1361 1155 1424 facile
1176 1359 1266 1423 illinc
1288 1359 1350 1422 col·

210 1475 310 1539 lectas
331 1473 406 1537 huic
428 1473 525 1556 capiti
549 1473 657 1537 addas.
685 1459 903 1556 'Quamquam
924 1471 1099 1554 Αἴγυπτοε,
1129 1470 1272 1551 Ἀβαρνί(
1294 1491 1349 1532 no·

209 1585 298 1648 mina
320 1587 353 1647 et
374 1583 507 1665 similia,
540 1583 617 1646 licet
638 1582 694 1645 illa
717 1603 787 1646 cum
816 1587 929 1648 παθῶν
953 1581 1252 1645 commemoratione
1277 1601 1349 1644 oon·

209 1694 330 1776 iuncta,
360 1694 430 1778 quia
451 1692 583 1756 tandem
607 1693 716 1757 credat
738 1693 772 1757 in
794 1691 844 1756 bis
866 1692 1090 1776 potiusquam
1112 1690 1147 1754 in
1170 1690 1247 1773 ipsis
1270 1689 1349 1754 Eth-

210 1803 292 1868 nicis
314 1804 419 1887 posita
440 1803 563 1866 fuisse?

295 1915 326 1977 2.
371 1912 642 1978 Proficiscendum
665 1915 714 1976 est
736 1913 776 1974 ab
799 1933 837 1975 ea
858 1911 1041 1993 notatione,
1071 1933 1134 1995 qua
1156 1909 1223 1973 sola
1246 1930 1351 1973 serva-

211 2025 279 2086 tum
302 2045 370 2087 esse
393 2023 465 2086 libri
493 2021 631 2086 indicem
659 2021 796 2085 vidimus
824 2027 844 2103 ξ
870 2022 924 2104 19,
959 2044 1054 2105 quam
1083 2020 1202 2084 chartis
1226 2020 1351 2102 consig-

212 2155 325 2196 namus
348 2155 420 2196 cum
443 2133 515 2195 aliis
537 2130 742 2216 quibusdam,
773 2135 811 2195 ut
832 2132 977 2216 exempla
1000 2135 1141 2194 exstent:
1179 2131 1351 2211 βούλονταί

210 2264 295 2308 τινε(
317 2243 383 2308 ἀπὸ
405 2247 463 2307 τοῦ
487 2243 647 2323 (τερεό(
669 2241 752 2307 εἶναι
780 2249 921 2326 (υγκοπῇ
950 2241 1059 2320 (τερό(
1087 2242 1137 2305 καὶ
1158 2243 1350 2323 πλεοναεμῷ

136 2413 147 2430 ,
211 2352 324 2430 ἑτέρου
347 2374 365 2432 ρ
387 2352 558 2433 (τερρό(.
588 2354 659 2431 ἐμοὶ
681 2354 716 2416 δὲ
738 2355 826 2416 δοκεῖ
847 2355 969 2430 μᾶλλον
994 2353 1032 2415 τὸ
1055 2351 1181 2430 (τερεόε
1204 2350 1270 2414 ἀπὸ
1292 2353 1350 2414 τοῦ

212 2462 341 2542 (τερρό(
363 2461 460 2526 εἶναι·
487 2464 527 2527 τὰ
553 2465 615 2542 γὰρ
643 2461 686 2526 εἰ(
708 2481 760 2528 ναι
782 2461 996 2541 ἀπαρὲμφατα
1018 2465 1103 2524 ποιεῖ
1126 2461 1169 2524 εἰ(
1191 2480 1248 2539 ρο(
1270 2459 1346 2524 ὀνό-

210 2593 293 2651 ματα
315 2571 520 2652 ἰ(ο(ύλλοβα,
548 2571 620 2640 οἷον
642 2577 758 2650 μοῆνοιι
780 2572 916 2652 μυαρόε,
942 2572 1080 2650 ῥυπῆναι
1103 2569 1263 2649 ῥυπαρόε,
1287 2572 1352 2646 διῆ-

211 2702 263 2747 ναι
285 2683 406 2763 διερόε,
431 2685 580 2761 (ποθῆναι
603 2682 767 2760 (ταθερό(·
796 2682 881 2746 οὕτω
910 2687 1018 2760 (τῆναι
1046 2681 1156 2761 crept(
1183 2681 1233 2742 καὶ
1255 2681 1352 2744 πλεο-

212 2797 320 2876 ναεμῷ
342 2795 402 2856 τοῦ
426 2813 444 2870 ρ
467 2792 615 2871 (τερρόε,
637 2794 767 2856 καὶτοῦ
789 2813 805 2856 ε
827 2791 922 2857 πάλιν
946 2792 1081 2872 (τερεόε.
1126 2789 1230 2854 οὕτω(
1252 2788 1352 2868 Ὠρο(
1370 2795 1403 2842 63

213 2902 410 2980 ὁ.Μιλή(ιο(
431 2902 504 2981 περὶ
525 2902 662 2966 uddone:
697 2901 750 2964 Et.
774 2901 818 2964 Μ.
842 2923 873 2983 ρ.
898 2901 971 2982 726,
998 2902 1035 2964 17
1059 2901 1130 2964 coll.
1155 2921 1227 2963 cum
1248 2897 1350 2962 Paris.

211 3033 242 3093 p.
269 3011 349 3076 1030
372 3014 405 3074 et
427 3010 552 3075 Zonara
574 3033 605 3093 p.
631 3009 712 3074 1668
734 3031 780 3094 sq.
820 3009 1013 3093 Succedent‚
1039 3008 1213 3093 dequibus
1235 3006 1354 3071 Hero·

211 3119 334 3184 diano
350 3121 433 3186 Orus
456 3125 512 3184 aut
527 3121 713 3184 adversatus
729 3123 777 3184 est
799 3124 855 3184 aut
877 3120 1101 3203 adstipulatua.
1133 3119 1239 3203 Atque
1256 3117 1354 3202 ipsius

211 3229 265 3292 ille
296 3230 352 3294 Ori
380 3231 564 3294 testimonio
592 3230 741 3294 laudatur
769 3230 802 3293 in
831 3229 939 3314 Etym.
970 3229 1014 3292 M.
1043 3252 1075 3312 p.
1100 3230 1178 3311 719,
1202 3229 1242 3292 31
1273 3249 1353 3291 corr.

212 3360 250 3400 ex
279 3338 397 3403 Orione
427 3363 458 3423 p.
485 3340 560 3422 147,
584 3341 620 3404 6:
657 3341 798 3405 (κότοε
824 3361 880 3388 —-·
915 3341 945 3405 οἱ
973 3341 1008 3405 δέ
1035 3359 1131 3421 φαειν
1159 3338 1209 3402 ὅτι
1236 3337 1356 3401 troade

211 3450 284 3531 ἐετι,
309 3449 358 3513 ὅτι
380 3454 428 3514 δεῖ
450 3455 695 3529 προ(κοπεῑ(θαι
717 3453 775 3516 τὸν
799 3451 1044 3531 προερχόμενον
1067 3449 1102 3514 ἐν
1126 3448 1226 3531 αὐτῷ.
1250 3447 1354 3511 οὕτω(

211 3558 420 3638 Ἡρακλείδη(
444 3561 463 3623 ὁ
486 3562 521 3624 δὲ
543 3562 741 3639 Ἡρωδιανὸ(
769 3563 857 3640 παρὰ
883 3562 922 3624 τὸ
951 3561 1073 3640 (χέθειν
1095 3559 1176 3637 ἡμᾶ(
1198 3557 1354 3622 πολλάκι(

212 3669 371 3747 προϊέναι,
394 3669 414 3733 ὅ
436 3669 519 3735 raa
543 3671 689 3750 ἐπι(χεῑν.
726 3670 834 3750 Ὠροε.
879 3669 962 3733 Item
985 3671 1020 3734 ἐν
1044 3669 1254 3748 ἐπιμεριεμοῑ(
1277 3686 1355 3729 voce

211 3779 359 3858 ῥυθμό(
381 3801 412 3862 p.
430 3779 502 3861 706,
528 3779 566 3841 14
590 3779 661 3842 coll.
686 3801 758 3842 cum
774 3780 892 3843 Orione
915 3802 947 3862 p.
966 3779 1038 3860 140,
1054 3779 1105 3843 30.
1137 3776 1229 3840 Adde
1251 3776 1354 3855 ἧπαρ

209 3909 318 3952 vocem
342 3891 362 3969 ξ
387 3888 426 3952 18
448 3891 631 3952 tractatam.
678 3887 739 3952 Sed
761 3889 824 3972 ipsi
850 3891 922 3969 περὶ
944 3893 1058 3954 ποθῶν
1080 3887 1155 3951 libri
1177 3885 1355 3950 Herodiani

210 4019 281 4062 cum
310 3999 366 4064 Ori
399 3998 529 4062 nomine
561 3999 741 4082 iunguntur
776 3991 807 4080 ρ’
838 3999 915 4080 719,
945 4000 980 4062 8:
1020 3996 1289 4076 (κορακι(μό(·
1325 3997 1355 4059 οἱ

209 4111 339 4174 παλαιοὶ
361 4110 449 4188 παρὰ
471 4109 531 4172 δύο
554 4091 653 4175 λέξει(
676 4109 897 4186 διεζευγμένα(
919 4109 1098 4186 παράγωγοι
1120 4111 1249 4172 ποιοῦ(ι
1272 4108 1355 4170 πολ-

209 4217 313 4296 trime,
343 4219 410 4283 Νέα
436 4219 529 4283 πόλι(
560 4219 775 4297 Νεαπολίτη(,
807 4219 896 4298 παρὰ
922 4218 1070 4296 ποταμόν
1100 4216 1354 4297 παραποτάμιο(

209 4326 296 4391 οὕτω
319 4329 370 4391 καὶ
390 4329 429 4391 τὸ
451 4328 661 4406 (κορακίζειν
685 4329 718 4393 ἐ(
734 4329 880 4408 κόρακα(,
904 4327 1114 4409 ἐ(κοροικὶζειν
1131 4329 1181 4391 καὶ
1204 4326 1354 4411 ἀποβολῇ

208 4439 267 4534 τοῦ
290 4457 305 4504 ε
328 4423 533 4520 (κοραιὶίζειν.
578 4439 683 4506 οὕτω(
705 4439 821 4519 Ὠρο(,
851 4438 933 4505 ἀλλὰ
961 4439 1011 4504 καὶ
1034 4437 1150 4517 Ὠρίων
1179 4438 1229 4502 καὶ
1254 4437 1355 4518 Ἡρω-
