3184 5100
576 397 698 442 snmus
722 397 910 443 suasano.
1253 380 1321 464 698,

177 550 265 634 plum
288 550 380 613 abest
402 549 443 612 ab
465 551 538 632 Ac,
562 570 628 613 non
651 525 762 631 BKM,
792 569 851 613 nec
873 548 1017 612 Petreius
1040 548 1179 632 ignorat.
1207 585 1249 596 -
1276 548 1315 611 lu

177 658 329 742 proximis
358 661 496 724 καλεῖται
519 658 590 742 ΑΟ,
622 661 795 726 καλοῦνται
822 657 932 741 BKM,
961 680 1034 721 mox
1061 659 1200 734 torribus
1228 657 1316 724 ΑΘΚ

177 773 209 833 et
237 768 426 853 (Homero
454 768 612 854 tribuens)
646 769 806 851 Petreius,
840 770 981 845 burabae
1010 767 1054 851 B,
1089 769 1237 844 λωγάδαε
1270 769 1314 831 M.

176 883 299 944 Paetum
328 879 588 965 Etymologicum
616 879 659 944 M.
691 902 722 964 p.
746 880 824 962 572,
857 879 898 946 38
927 901 944 944 e
971 877 1093 944 Sorano
1120 877 1227 963 prodit
1255 876 1316 943 So·

177 990 365 1074 phronem
386 991 423 1058 ἐν
447 991 673 1072 Θυννοθήραιε.

159 1131 163 1140 ’
261 1125 297 1190 P.
322 1126 374 1210 69,
398 1127 417 1190 6
441 1128 459 1192 ὁ
483 1130 518 1194 δὲ
542 1129 753 1208 Καλλίμαχος·
775 1123 867 1203 οὔτις
891 1124 1055 1213 εὐλήρους
1077 1123 1233 1208 αὐγάζων
1255 1149 1315 1190 κα-

176 1242 302 1320 θαραῖς
324 1233 365 1301 ου’
388 1235 531 1302 δύναται
553 1238 680 1320 λογάσι.
712 1237 844 1302 Habent
866 1235 959 1301 BKM
982 1242 1015 1302 et
1036 1235 1139 1300 Pela:
1162 1258 1223 1300 om.
1248 1236 1316 1300 ab.

176 1385 218 1396 -
240 1348 397 1426 εὐλήρουε
421 1347 464 1426 Β,
487 1349 633 1428 εὐλίρου(
655 1347 704 1424 Μ,
734 1350 910 1428 εὐκλήρουε
932 1347 977 1430 Κ,
1001 1348 1084 1412 beru
1106 1346 1209 1430 Petu,
1233 1347 1317 1412 b'crrc

177 1457 326 1537 dlrrpobc
349 1457 456 1540 Etym.
474 1458 535 1540 M.;
558 1479 630 1522 mox
654 1459 805 1524 δύνανται
822 1457 902 1540 ΚΜ,
925 1461 1085 1546 postremo
1108 1457 1217 1534 λογάα
1239 1455 1315 1538 ΚΜ,

176 1569 308 1644 λογάειν
323 1567 422 1649 Patr,
447 1570 558 1645 λαγάα
574 1567 611 1651 Β,
636 1569 767 1648 λοχάαν
791 1569 840 1632 vel
856 1570 1007 1648 λογχάειν
1031 1567 1120 1632 codd.
1143 1567 1197 1630 Et.
1215 1567 1259 1631 M.
1278 1605 1315 1614 -

177 1675 237 1742 Est
259 1675 499 1742 Callimachi
525 1679 567 1742 fr.
593 1679 661 1742 132.
1194 1671 1199 1679 ’

264 1803 300 1868 P.
326 1805 377 1890 83,
403 1807 420 1870 ”l
444 1808 494 1871 καὶ
517 1805 616 1871 οὖλα(
639 1808 657 1872 ὁ
681 1809 838 1890 ὀλέθριος,
862 1807 950 1886 παρὰ
971 1807 1009 1871 τὸ
1033 1807 1157 1870 ὁλλύω·
1184 1799 1319 1869 ὄλλοιτο

179 1926 290 1991 κεῖνος
313 1913 346 1993 ἐξ
370 1913 518 1998 ἀνδρῶν.
563 1915 641 1980 Post
669 1918 799 1998 ἀνδρῶν
828 1916 932 2000 posita
955 1918 1032 1980 nota
1055 1915 1222 1980 Oramerus
1245 1921 1317 1978 ‘om

178 2027 219 2088 A’
245 2026 364 2110 inquit:
401 2027 484 2110 quod
512 2029 618 2090 utrum
647 2028 688 2092 ad
716 2049 813 2090 unam
841 2049 950 2091 vocem
977 2027 1066 2090 illam
1089 2049 1131 2090 an
1154 2025 1195 2088 ad
1217 2027 1319 2088 totum

180 2136 398 2200 testimonium
425 2141 566 2220 spectet,
597 2137 736 2201 dubium.
782 2137 914 2200 Habent
941 2137 1001 2200 hoc
1029 2135 1103 2201 KM.
1132 2175 1174 2184 -
1206 2135 1318 2198 laceri

178 2245 330 2309 senarii
358 2247 510 2331 reliquiae
538 2247 638 2311 videri
661 2249 814 2330 possunt:
849 2247 958 2312 ὄλοιτο
990 2251 1095 2313 κεῖνο(
1121 2299 1141 2307 -
1164 2290 1181 2308 o
1209 2247 1241 2312 ἐξ
1264 2246 1317 2312 ἀν-

177 2361 266 2436 δρῶν
289 2399 306 2417 o
327 2383 366 2422 -:
389 2358 502 2442 quibus
524 2361 634 2422 tamen
656 2358 731 2442 quid
754 2380 825 2422 cum
848 2358 946 2422 οὖλα(
969 2356 1158 2421 commune?

264 2484 299 2548 P.
325 2486 382 2567 83,
409 2487 445 2548 11
481 2488 500 2565 ἢ
530 2487 574 2551 ὼ(
605 2485 814 2565 Καλλίμαχος·
840 2484 980 2569 μήκωνα
1008 2495 1148 2548 ποιεῖτε.
1187 2481 1319 2547 Habent

182 2593 285 2678 ΛΟΜ,
310 2618 371 2658 om.
396 2593 465 2659 ΒΚ.
494 2634 537 2645 -
563 2598 695 2676 μήκωνα
716 2599 844 2662 πατεῑτε
866 2595 934 2678 Ae,
957 2596 1087 2674 μήκωνα
1108 2597 1251 2659 πατεῑται
1272 2593 1317 2676 Μ,

180 2707 312 2784 μήκωνα
334 2707 507 2772 πάττονται
529 2705 628 2788 Patr,
653 2707 671 2772 ὁ
695 2708 732 2785 δή
755 2707 885 2785 μήκωνα
907 2710 1051 2770 πατεῑται
1074 2705 1171 2769 Orion
1195 2726 1226 2788 p.
1248 2703 1318 2782 162,

178 2815 229 2880 22.
253 2855 295 2866 —-
319 2815 556 2882 Callimachi
579 2815 618 2879 fr.
642 2816 716 2880 437.

265 2943 301 3008 Ρ.
326 2944 377 3026 83,
404 2945 443 3007 14
470 2945 545 3025 φηεὶ
567 2945 628 3022 γὰρ
651 2945 881 3026 Ἀριοτοφάνηε
904 2945 1052 3010 Ἱππεῦει·
1082 2927 1225 3008 sanator
1246 2941 1319 3026 ήτοι

180 3052 309 3133 ψάλτου
342 3058 420 3118 Δία.
471 3053 604 3118 Habent
631 3053 738 3138 ΛΟΜ,
755 3076 830 3118 .om.
862 3051 931 3117 ΒΚ.
968 3093 1010 3102 -
1048 3059 1261 3134 Aristophanes
1289 3060 1319 3117 in

182 3168 291 3244 Hippia
319 3163 449 3244 (omisso
476 3164 674 3252 testimonio)
710 3164 795 3228 Patr.
831 3165 977 3230 ἱππεῦειν
1008 3165 1144 3241 ἀγγαῑον
1178 3165 1236 3228 τὸν
1269 3163 1320 3228 δία

179 3273 223 3337 Μ.
240 3311 282 3322 -
304 3274 552 3358 Antiphanis
569 3296 647 3358 asse,
671 3295 752 3358 quae
773 3275 808 3337 in
824 3273 1049 3356 Aristophanis
1072 3273 1189 3336 sabulis
1212 3294 1320 3355 super*

180 3383 308 3447 stitibus
340 3405 407 3448 uon
435 3388 580 3468 exstant,
615 3384 825 3468 probabiliter
852 3383 1030 3448 Meinekius
1061 3383 1239 3466 suspicatus
1272 3387 1320 3445 est

180 3493 268 3558 Com.
293 3515 342 3578 gr.
365 3495 483 3578 fragm.
513 3495 561 3559 III
590 3518 621 3578 p.
645 3496 703 3578 58,
733 3498 892 3576 φατναῑον
923 3493 1084 3558 coniciens
1111 3515 1169 3577 pro
1191 3495 1317 3574 φάλτον

179 3603 273 3688 idque
295 3604 356 3688 ipsi
379 3605 524 3670 tribuens
548 3606 686 3669 blelctio.

263 3731 299 3795 P.
324 3733 383 3814 84,
407 3733 426 3795 6
455 3736 505 3798 καὶ
532 3735 594 3813 γὰρ
623 3735 641 3798 ὁ
665 3733 847 3815 Λυκόφρων
869 3733 959 3814 φηεί·
995 3730 1180 3814 &suppanos
1209 3729 1318 3816 φάρῳ.

180 3841 244 3906 Vbi
267 3843 377 3924 φάρον
400 3844 446 3926 Α,
475 3843 530 3907 sed
553 3845 651 3926 φὰρῳ
675 3842 810 3925 ΒΟΚΜ,
840 3842 917 3906 item
939 3841 1103 3905 Parisinus
1125 3841 1207 3906 2227
1232 3840 1320 3904 Bois-

180 3953 304 4016 sonadii
332 3953 456 4018 Anacd.
486 3975 535 4038 gr.
566 3953 613 4017 IV
640 3975 671 4037 p.
695 3953 774 4034 478,
805 3975 876 4016 cum
904 3951 1011 4035 Etpm.
1041 3951 1085 4014 Μ.
1115 3974 1146 4034 p.
1171 3951 1248 4032 788,
1278 3951 1319 4015 32

182 4060 344 4148 ipsiusque
367 4063 497 4128 scholiis
513 4063 732 4147 Lycophronis
756 4061 838 4146 apud
860 4059 1105 4126 Bachmannum
1127 4084 1158 4144 p.
1182 4061 1239 4124 43:
1262 4082 1320 4143 pro

180 4194 241 4255 quo
263 4175 358 4258 τάφῳ
383 4175 507 4238 codices
530 4172 805 4257 Lycophronis
827 4195 857 4235 v.
883 4171 954 4254 154,
979 4171 1136 4236 immerito
1159 4175 1319 4234 servatum

180 4305 200 4346 a
223 4281 442 4348 Bachmauno

265 4407 302 4472 P.
326 4409 381 4492 84,
408 4411 427 4474 9
456 4411 474 4476 ὁ
502 4412 538 4474 δὲ
567 4411 777 4492 Καλλίμαχοι·
811 4407 946 4494 ἄφορον
970 4397 1156 4494 (papauera.
1202 4407 1317 4476 Calli·
