3272 5088
627 333 746 380 nnavn
770 332 1030 382 scarrroaurvs.
1333 317 1396 382 453

256 490 365 568 tatur,
399 486 482 550 ratio
519 485 746 569 intercesserit,
782 485 970 570 perdifficile
1003 485 1091 550 dictu
1123 489 1172 549 est
1204 486 1258 571 (fr.
1292 485 1394 549 XXV.

257 595 391 683 XXVI).
421 672 425 678 ¹
450 600 653 678 Mytlu'corum
686 617 789 678 pauca
822 616 882 659 nec
913 599 1024 678 aperta
1057 596 1194 680 vestigia
1227 581 1397 678 supersunt

258 707 311 790 (fr.
335 705 457 770 XXIII.
481 705 621 790 XXIV),
656 711 897 786 Archocoloqiuc
924 704 1086 770 obscurior
1120 705 1217 768 ctiam
1244 705 1396 768 memoria
1475 746 1481 752 -

258 820 306 880 est
329 817 383 902 (fr.
408 815 480 900 XI).

341 927 390 990 De
412 925 573 990 Pellaeo
596 926 751 1010 scriptore
773 927 916 990 veterum
937 925 1122 989 testimonia
1144 925 1223 988 haec
1246 928 1330 1008 suut,
1359 939 1429 988 c05

149 1031 164 1052 ⁰
257 1037 378 1120 ordine,
402 1039 558 1120 quatenus
581 1037 614 1100 id
635 1037 711 1100 licet
734 1040 766 1100 ct
789 1035 986 1101 commodum
1008 1039 1073 1118 est,
1102 1035 1272 1117 disposita,
1302 1055 1396 1118 quem

256 1147 397 1210 tenuisse
419 1147 455 1211 in
476 1146 575 1229 ipsius
598 1145 813 1210 Macedonicis
839 1145 997 1210 videntur.
1335 1145 1337 1148 ’

342 1256 386 1341 (Ι)
424 1255 654 1322 Constantinus
685 1256 1011 1340 Porphyrogenuctus
1033 1255 1072 1318 de
1093 1255 1245 1318 thematis
1271 1254 1396 1337 imperii

257 1365 313 1430 lib.
341 1365 385 1448 Π,
413 1365 434 1428 2
462 1389 493 1449 p.
517 1367 559 1429 22
587 1366 635 1429 cd.
660 1365 733 1429 Par.
766 1364 817 1452 [48
840 1364 964 1430 Bonn:
994 1387 1011 1428 e
1034 1364 1198 1448 Stephano
1226 1363 1394 1448 Byzantio,

258 1475 308 1538 cui
335 1475 415 1540 haec
442 1475 639 1558 postliminIo
662 1475 803 1540 restituit
825 1475 1002 1539 Meinekius
1024 1497 1056 1558 p.
1080 1475 1141 1539 427
1165 1477 1243 1559 sq.]:
1273 1475 1397 1550 λέγεται

194 1636 197 1642 .
258 1588 293 1650 δὲ
316 1587 365 1650 καὶ
388 1587 589 1652 Μακεδονίας
612 1589 706 1665 μοῖρα
729 1585 916 1668 Μακετία,
942 1586 986 1650 ὡς
1010 1585 1195 1665 Μαρςύας
1217 1585 1253 1650 ἐν
1276 1586 1396 1668 πρώτῳ

258 1697 504 1762 Μακεδονικῶν·
527 1697 610 1780 [ικαὶ
626 1699 683 1776 τήν
699 1695 916 1780 Ὀρεςτείαν*)
938 1697 974 1760 δὲ
990 1695 1151 1760 Μακετίαν
1168 1695 1313 1770 λέγουςιν
1331 1693 1396 1758 ἀπὸ

256 1809 314 1870 τοῦ
339 1805 571 1894 Μακεδόνος»,]
620 1805 684 1869 Vbi
717 1805 868 1890 vulgatur
902 1805 1032 1870 Μάκετα
1064 1807 1096 1867 ct
1132 1806 1394 1869 Μακεδονιακῶν.

259 1911 447 2001 [Vtrumque
474 1915 563 1979 iuxta
585 1937 709 1980 mecum
732 1915 911 1978 Meinekius
935 1915 1081 1997 correxit,
1105 1913 1144 1977 de
1160 1913 1301 1979 Muneris
1324 1912 1396 1996 (pro

190 2081 200 2100 ,
256 2046 318 2108 quo
348 2027 506 2090 Μακεττία
528 2025 707 2110 Hesychius
734 2025 783 2090 III
810 2025 918 2108 aaa,
943 2024 1017 2110 120)
1047 2027 1173 2088 secutus
1195 2022 1396 2087 Dindorfium

256 2134 411 2198 Thesauri
432 2144 456 2198 t.
480 2134 511 2199 V
532 2157 563 2218 p.
587 2135 674 2224 517.]
720 2135 769 2200 Of.
802 2134 937 2200 Glidemi
966 2133 1000 2198 in
1022 2133 1157 2197 Atthide
1179 2133 1262 2218 quod
1286 2133 1396 2197 statim

257 2244 399 2328 sequitur
420 2245 640 2310 testimouium
663 2243 715 2332 [fr.
740 2246 758 2309 7
779 2245 906 2308 Muell.:
929 2245 1012 2308 ἀλλὰ
1035 2245 1086 2308 καὶ
1107 2245 1164 2322 τὴν
1188 2243 1267 2323 ὅλην
1291 2245 1395 2308 Μακε-

257 2355 369 2420 δονίαν
404 2355 565 2422 Μακετίαν
600 2355 690 2422 οἶδεν
726 2355 967 2434 ὀνομαζομένην
1003 2354 1172 2432 Κλείδημος
1206 2354 1241 2418 ἐν
1275 2355 1395 2436 πρώτῳ

257 2465 413 2529 Ἀτθίδος·
445 2466 520 2532 «καί
548 2466 756 2550 ἐξῳκίςθηςαν
785 2464 866 2544 ὑπὲρ
893 2466 951 2529 τὸν
979 2463 1129 2539 Αἰγιαλὸν
1159 2462 1228 2527 ἄνευ
1257 2466 1312 2540 τῆς
1342 2483 1395 2526 κα-

258 2575 413 2653 λουμένης
437 2573 642 2663 Μακετίαε»].
689 2574 835 2658 Apparet
857 2573 898 2637 ab
920 2573 1019 2656 ipsius
1048 2575 1153 2636 terrae
1182 2571 1395 2654 descriptione

178 2713 189 2740 ι
257 2683 419 2767 Marsyam
445 2687 481 2746 ut
510 2687 760 2748 consentaneum
787 2686 857 2748 erat
879 2683 1074 2767 profectum,
1109 2681 1296 2765 praesertim
1325 2703 1396 2744 cum

258 2793 427 2856 eiusmodi
449 2793 617 2878 regionum
638 2793 769 2857 nomina
793 2815 831 2856 ex
853 2793 982 2857 deorum
1005 2797 1037 2856 ct
1058 2793 1189 2856 heroum
1212 2791 1395 2855 eorundem-

257 2924 317 2986 que
338 2923 451 2986 regum
473 2902 765 2987 antiquissimorum
786 2903 939 2967 memoria
961 2903 1063 2986 repeti
1086 2902 1198 2966 solitae
1221 2905 1337 2965 essent.

342 3011 402 3096 (Π)
436 2991 551 3096 Itaque
577 3012 687 3076 eodem
713 3013 874 3096 pertinere
906 3012 1062 3076 scholium
1093 3011 1129 3074 in
1161 3012 1271 3076 Iliadis
1305 3011 1394 3095 XIV,

257 3119 320 3184 226
348 3120 488 3185 videtur:
526 3124 718 3188 Μακεδὼν
747 3124 766 3187 δ
794 3124 874 3188 Διὸς
908 3123 957 3186 καὶ
983 3122 1108 3202 Αἰθρίας
1140 3125 1305 3202 καταςχὼν
1336 3125 1395 3202 τὴν

258 3231 367 3311 χώραν
396 3231 495 3297 οὖςαν
521 3237 578 3310 τῆς
607 3233 733 3315 Θρᾴκης
761 3233 825 3313 ἀφ’
852 3233 968 3296 ἑαυτοῦ
1003 3232 1206 3297 Μακεδονίαν
1240 3233 1396 3311 προςηγό-

258 3361 384 3419 ρευςεν·
417 3342 518 3420 γήμας
544 3343 581 3405 δὲ
608 3343 680 3419 μίαν
707 3346 775 3406 τῶν
804 3342 971 3421 ἐγχωρίων
998 3345 1164 3406 τεκνοῦται
1191 3343 1251 3406 δύο
1279 3345 1396 3406 παῖδας

256 3450 376 3528 Πίερον
405 3452 455 3514 καὶ
481 3451 638 3529 Ἄμαθον,
667 3451 730 3532 ἀφ’
757 3449 805 3514 ὼν
833 3453 892 3516 δύο
920 3453 1030 3515 πόλεις
1056 3451 1169 3532 Πιερία
1195 3453 1245 3515 καὶ
1266 3452 1396 3529 Ἀμαθία

257 3560 293 3625 ἐν
328 3560 520 3644 Μακεδονίᾳ.
558 3561 577 3640 ἡ
609 3560 729 3640 ίετορία
760 3560 849 3639 παρὰ
883 3560 1052 3642 Μαρςύᾳ.
1098 3558 1174 3646 [Vbi
1207 3560 1304 3624 Θυίας
1338 3581 1395 3642 pro

256 3669 380 3748 Αίθρίας
403 3667 573 3734 Muellerus
596 3669 732 3734 coniecit
753 3668 927 3733 secundum
949 3667 1170 3756 Stephanum]
1246 3705 1249 3712 ·

342 3777 418 3863 (III)
456 3777 506 3841 Ex
537 3779 648 3861 primis
677 3782 783 3842 autem
816 3779 917 3842 tribus
945 3779 1089 3863 regibus,
1128 3801 1205 3863 quos
1238 3778 1395 3842 condItori

257 3887 351 3970 regni
377 3887 577 3952 Macedonici
604 3887 774 3952 Perdiccae
808 3887 997 3970 praemissos
1024 3911 1043 3950 a
1070 3889 1229 3952 veteribus
1263 3887 1394 3952 chrono-

258 3995 391 4079 graphis
413 3997 568 4082 ignorant
589 3997 770 4062 Herodotus
793 4001 825 4061 ct
840 3996 1050 4080 Thucydides,
1075 3998 1156 4060 alter
1176 3998 1239 4061 fuit
1254 3997 1393 4063 Coenus:

326 4246 351 4312 ²⁸)
375 4245 429 4314 [Sic
446 4265 497 4318 pro
517 4250 677 4317 Ἠρεςτείαν
696 4248 724 4304 C.
745 4249 776 4302 Ο.
795 4247 943 4303 Muellerus
962 4249 996 4303 dc
1014 4249 1103 4304 Dor.l
1120 4268 1148 4319 p.
1161 4257 1206 4316 31,
1224 4269 1275 4320 pro
1294 4269 1347 4318 quo
1365 4251 1394 4305 in

258 4340 405 4392 comment.
425 4339 459 4394 de
477 4341 676 4397 Macedonibus
695 4341 747 4408 (cd.
767 4341 857 4396 Borol.
878 4359 903 4396 a.
925 4345 999 4407 lero)
1019 4344 1180 4412 Ὀρεςτιάδα
1197 4343 1360 4418 substituit]
