3254 5086
265 341 329 406 490
532 357 579 406 na
602 357 830 409 unaunaunrs
854 359 1146 420 surrovmarravs

266 511 413 594 praebuit
441 534 472 595 p.
494 511 525 594 6,
550 511 588 576 16
615 515 748 577 πολλῶν
777 513 869 576 unice
896 533 1021 596 verum,
1051 512 1135 578 solus
1163 533 1228 576 non
1257 515 1405 598 agnoscit

266 621 467 684 intolerabile
495 621 573 684 illud
600 622 630 703 6,
654 622 695 686 28
723 623 811 686 τότει
845 643 903 685 nec
932 621 1038 686 hercle
1065 623 1175 706 inepta
1206 626 1281 686 sunt
1308 623 1339 705 8,
1365 624 1403 688 18

266 734 549 811 φιλοπονώτατον,
573 731 603 812 9,
620 731 661 794 23
680 731 758 796 licor.
789 729 959 816 Singulare
981 735 1030 795 est
1052 734 1084 794 et
1106 753 1178 796 cum
1199 753 1263 796 uno
1278 731 1404 798 Veneto

266 837 428 925 Sylburgii
451 861 617 904 commune
639 862 670 923 p.
690 842 738 922 10,
755 840 796 904 29
819 841 1038 918 ἀγωνὶιμαειν.
1069 839 1186 916 Quodsi
1206 844 1293 906 recte
1308 863 1403 926 supra

266 949 457 1013 coniecimus
486 950 527 1012 ab
549 949 629 1032 Lepi
657 949 765 1014 codice
792 971 858 1014 non
885 949 1012 1014 differre
1040 949 1186 1015 Hudsoni
1208 949 1402 1016 Vaticanum

263 1059 342 1142 450,
376 1081 436 1123 nec
469 1060 510 1122 ab
537 1059 598 1123 hoc
627 1058 786 1123 diversum
819 1081 890 1123 eum
919 1059 1113 1124 Vaticanum
1146 1081 1214 1125 esse
1243 1062 1296 1145 qui
1329 1061 1402 1126 Kel-

264 1169 431 1232 lermanno
464 1171 547 1233 teste
580 1169 673 1232 hodie
706 1173 892 1233 numeratur
927 1171 1001 1252 133,
1036 1170 1147 1234 eadem
1175 1192 1287 1261 opera,
1322 1193 1402 1255 quae

264 1278 356 1342 huius
382 1278 505 1343 indoles
533 1279 576 1342 sit
604 1279 645 1342 ab
667 1279 837 1343 Ambrosio
869 1282 979 1343 nostro
1008 1301 1074 1344 non
1101 1280 1254 1364 inspecti,
1289 1282 1401 1364 proba·

264 1388 371 1452 biliter
399 1392 663 1452 commonstrasse
690 1387 867 1452 videbimur
874 1437 882 1470 ,
911 1389 974 1452 nisi
1000 1389 1127 1472 quidem
1155 1390 1217 1452 alio
1240 1390 1345 1473 Lapus
1366 1391 1401 1454 in

263 1497 441 1581 undecimo,
466 1498 529 1561 alio
553 1498 659 1562 codice
681 1520 755 1562 usus
777 1501 827 1561 est
849 1499 882 1561 in
897 1498 1055 1581 prioribus
1071 1499 1322 1582 Antiquitatium
1337 1499 1400 1562 Ro-

263 1628 429 1672 manarum
452 1608 552 1672 libris

516 1973 564 2046 ΙΙ.
617 1973 954 2047 Conrnrentatio
989 1972 1147 2048 altera.

231 2171 242 2216 1
347 2155 493 2240 Dionysii
516 2158 623 2240 capita
644 2157 796 2242 triginta,
821 2179 901 2241 quac
923 2160 998 2221 sunt
1020 2159 1061 2221 ab
1082 2157 1175 2222 initio
1197 2158 1271 2222 libri
1292 2157 1398 2240 primi,

262 2266 301 2330 ad
325 2266 382 2329 hos
403 2266 501 2330 libros
524 2267 777 2331 emendavimus:

412 2381 438 2438 A
482 2375 667 2441 chisianum
688 2378 745 2459 58,
770 2377 877 2440 decem
900 2377 1062 2440 librorum.

414 2490 442 2549 Β
481 2485 671 2550 Vrbinatem
697 2489 771 2570 105,
795 2487 849 2570 qui
871 2485 1026 2549 Hudsouo
1049 2488 1097 2548 est
1119 2484 1295 2549 Vaticanus
1327 2484 1397 2566 103,

526 2597 603 2660 item
623 2597 732 2660 decern
754 2597 916 2659 librorum.

413 2713 437 2770 C
478 2706 710 2770 Coislinianum
734 2705 795 2769 150
806 2705 852 2790 *),
875 2705 1023 2768 undecim
1045 2703 1207 2766 librorum.

413 2821 440 2877 Ι)
476 2815 613 2898 Regium
628 2815 808 2878 Parisinum
827 2814 907 2878 1054
923 2816 955 2877 et
969 2813 1059 2896 1655,
1076 2813 1185 2876 decem
1200 2813 1362 2876 librorum.

412 2929 441 2987 E
481 2923 675 2988 Vaticanum
700 2925 775 3006 133,
799 2925 853 3008 qui
876 2922 1029 2986 Hudsono
1052 2925 1101 2985 est
1121 2920 1299 2986 Vaticanus
1323 2921 1396 3004 450,

525 3033 672 3097 undecim
694 3034 856 3097 librorum.

412 3150 441 3206 F
484 3143 676 3206 Vrbinatem
701 3144 770 3222 100,
794 3144 932 3226 quinque
955 3143 1107 3206 librorum
1129 3141 1279 3225 priorum.

411 3259 438 3316 Ρ
483 3252 665 3335 Principem
689 3252 860 3316 editionem
883 3273 900 3314 e
923 3257 950 3314 I)
972 3251 1110 3314 ductam.

409 3365 438 3425 B
481 3361 662 3426 Romanum
684 3361 824 3425 codicem
847 3360 1019 3444 Sylburgii.

417 3477 443 3534 V
482 3471 640 3535 Venetam
664 3470 803 3534 codicem
826 3470 1004 3555 Sylburgii,
1029 3491 1094 3533 non
1112 3469 1311 3533 diversuma

417 3587 462 3644 Vo
482 3579 607 3644 Veneto
623 3580 792 3644 chartaceo
806 3581 869 3643 272
885 3580 926 3644 ab
938 3578 1150 3642 Ambroscbio
1165 3578 1291 3660 collata,
1309 3577 1396 3642 cuius

524 3689 744 3774 apographum
766 3689 945 3772 exemplum
968 3692 1017 3752 est
1032 3687 1176 3752 Venetus
1197 3687 1397 3751 membrana·

524 3820 596 3862 oeus
617 3799 690 3864 273.

343 3907 390 3972 Dc
417 3908 468 3971 hie
500 3908 590 3972 libris
625 3929 696 3972 eum
724 3908 843 3991 partim
873 3908 1006 3971 anobis
1035 3907 1214 3990 expositum
1242 3906 1284 3969 sit
1311 3903 1397 3968 edita

259 4040 287 4080 a.
319 4015 682 4086 ololoocoxxxvssl
718 4017 942 4082 dissertatione
975 4015 1237 4098 Vratislaviensi,
1277 4012 1398 4098 partim

258 4126 334 4190 olim
363 4127 584 4210 exponendum
612 4128 655 4190 sit
681 4129 876 4210 accuratius,
907 4126 958 4189 hic
980 4125 1090 4189 licebit
1118 4124 1229 4208 paucis
1251 4122 1395 4206 defungi.

326 4360 351 4428 *)
376 4361 451 4428 [Non
474 4367 533 4428 los,
552 4363 626 4428 quod
645 4361 755 4431 scripsit
771 4361 953 4429 Kiesslingius
971 4360 1023 4414 vol.
1045 4359 1160 4428 lpraef.
1179 4376 1204 4426 p.
1219 4356 1276 4425 Vl]
