3218 5094
268 351 331 416 648
651 365 699 412 mr
722 365 792 412 ono
815 365 859 412 aa
882 364 1025 412 οιιιοιιιι.

269 518 396 603 prolata
419 517 458 580 ad
474 517 650 600 Thamyrin
671 516 804 582 minime
822 521 987 601 spectant:
1010 522 1045 582 ut
1060 512 1259 599 Ἡρωδιανὸτ
1274 519 1309 582 in
1325 519 1410 583 illius

269 630 375 693 locum
397 628 597 692 substituerit
618 628 781 704 Osannus:
805 629 945 712 tametsi,
970 629 1052 712 quod
1072 629 1108 692 in
1131 627 1263 693 Homeri
1285 651 1410 694 versum

270 739 333 804 593
355 737 558 802 Herodianus
582 741 814 801 commentatus
837 741 896 820 est,
923 761 982 801 nec
1001 737 1070 802 'ullo
1091 739 1185 803 modo
1207 740 1348 822 pertinet
1369 739 1409 802 ad

270 873 300 912 ν.
325 847 389 913 594
410 869 470 911 nec
493 848 533 911 ad
556 848 634 912 illud
656 848 695 912 de
717 849 837 930 Δωτίῳ
866 848 1101 932 testimonium,
1131 848 1214 932 quod
1236 871 1275 912 ex
1297 853 1409 914 octavo

270 963 337 1038 τῆς
358 959 531 1024 καθόλου
552 958 723 1041 profertur.
757 958 928 1021 Praeterea
943 980 1005 1041 quo
1026 958 1120 1022 modo
1143 957 1329 1042 Herodiani,
1353 959 1410 1024 Ori

271 1071 432 1155 ipsiusque
448 1049 605 1152 ¹Stephani
620 1068 717 1131 verba
739 1067 877 1132 invicem
899 1068 984 1132 inter
1006 1089 1039 1132 se
1062 1068 1333 1153 discriminentur,
1355 1091 1419 1148 ne7

271 1201 431 1264 quaquam
446 1180 492 1242 ita
512 1181 613 1262 patet,
637 1181 673 1241 ut
690 1155 760 1241 'non
781 1179 917 1241 multum
939 1177 1057 1242 habeat
1073 1179 1317 1243 controversiae.
1348 1179 1409 1244 De-

271 1291 367 1374 nique
383 1289 570 1373 quicumque
586 1287 640 1351 ille
655 1290 714 1370 est,
738 1288 792 1370 qui
808 1289 1034 1355 cuvrdccerv
1051 1289 1179 1370 dicitur,
1197 1311 1263 1353 non
1278 1293 1410 1373 possunt

272 1401 401 1485 integra
423 1420 510 1481 esse,
535 1418 616 1481 quae
639 1397 678 1461 de
702 1399 874 1477 Χαλκηδών
897 1401 931 1462 et
959 1401 1133 1479 Καρχηδών
1156 1400 1406 1482 praecipiuntur.

261 1498 356 1573 ¹Nam
378 1508 406 1572 si
428 1509 552 1571 diversa
575 1510 651 1571 sunt
672 1509 806 1588 Δώριον
831 1511 863 1570 et
885 1509 1031 1574 Δώτιονῑ
1065 1508 1191 1572 diversa
1214 1511 1321 1573 autem
1342 1530 1410 1572 esse

272 1621 340 1704 ipse
368 1618 450 1683 Orus
479 1617 676 1702 significavit
707 1623 1048 1698 ποριετοροῦντοτ
1082 1619 1194 1682 verbo:
1231 1641 1293 1702 quo
1319 1619 1411 1683 modo

273 1729 392 1793 aliam
412 1728 469 1792 illa
491 1727 651 1791 rationem
673 1727 761 1811 sequi
784 1727 932 1791 dicantur
959 1730 1055 1811 atquc
1079 1730 1254 1808 Χαλκηδών
1278 1732 1310 1792 et
1333 1731 1412 1808 Κορ-

272 1841 391 1920 χηδών,
414 1859 546 1922 quorum
569 1838 646 1900 item
669 1836 837 1901 diversitas
860 1837 1037 1920 explicatur
1059 1837 1211 1922 proximis
1233 1840 1329 1918 ἡμὲν
1350 1840 1412 1918 γὰρ

273 1971 300 2012 e.
325 1971 356 2031 q.
380 1947 431 2010 s?
474 1947 563 2030 Ergo
585 1947 700 2030 igitur,
735 1947 811 2029 quia
838 1948 973 2011 eandem
999 1947 1105 2030 potius
1132 1951 1323 2031 sequuntur,
1358 1951 1413 2010 aut

274 2059 308 2121 in
331 2058 450 2135 ὁμοίω(
471 2058 597 2119 mutata
620 2056 664 2120 ώτ
686 2057 845 2138 particula
873 2057 920 2121 sic
941 2057 1089 2121 librarios
1112 2058 1252 2142 corrige:
1289 2059 1413 2136 οὐγὰρ

274 2167 395 2246 ὁμοίως
427 2167 445 2245 ἡ
476 2167 650 2245 Καλχηδών
678 2169 727 2231 καί
764 2167 938 2248 Καρχηδών
967 2168 1084 2233 καὶτὰ
1116 2171 1249 2232 τοιαῦτα
1276 2169 1412 2244 λέγεται;

223 2285 257 2334 60
274 2277 393 2361 quippe
420 2297 478 2360 pro
506 2278 680 2356 Χαλκηδών
707 2280 853 2361 praestat
882 2278 1072 2358 Καλχηδών,
1106 2277 1258 2362 quoniam
1286 2278 1321 2341 in
1348 2299 1414 2341 una

274 2391 418 2470 tantum,
447 2408 513 2450 non
535 2387 569 2450 iu
591 2386 714 2450 duabus
736 2387 853 2450 litteris
876 2390 1021 2451 versatur
1043 2409 1124 2470 quae
1146 2387 1297 2471 deinceps
1320 2409 1414 2470 erpo-

274 2498 362 2562 nitur
384 2497 561 2580 scripturae
583 2496 766 2560 diversitas:
804 2499 861 2560 aut
888 2501 1019 2581 propter
1046 2498 1212 2560 nominum
1235 2497 1414 2561 similitudi-

275 2630 349 2672 nem
372 2605 491 2690 aliquid
515 2606 669 2670 excidisse
697 2609 777 2690 puta
805 2606 839 2669 in
861 2606 946 2670 hanc
968 2607 1123 2690 speeiem:
1161 2609 1300 2687 οὐγὰρ,
1327 2609 1414 2686 neq

276 2719 449 2797 Χαλκηδών
478 2719 528 2781 καὶ
558 2718 748 2796 Καλχηδών,
777 2717 862 2781 οὕτω
892 2718 942 2781 καὶ
965 2718 1139 2796 Καλχηδών
1167 2718 1217 2781 καὶ
1240 2719 1415 2798 Καρχηδών

275 2831 325 2892 καὶ
346 2829 386 2891 τὰ
408 2831 540 2891 τοιαῦτα
561 2827 694 2903 λέγεται.
737 2826 788 2890 Ita
810 2826 846 2889 in
866 2825 1025 2909 prioribus
1047 2849 1146 2890 unum
1167 2826 1266 2890 habes
1287 2849 1328 2890 ex
1350 2826 1415 2889 illis
1480 2907 1486 2914 ἱ

275 2937 587 3017 διχογροφουμένοιε
609 2937 844 3016 πρωτοτύττοιε,
868 2957 939 2999 cum
954 2936 1068 3020 quibus
1084 2938 1218 3016 Δώριον
1236 2940 1268 3000 et
1283 2937 1415 3002 Δώτιον

276 3047 395 3110 formas
412 3046 494 3110 Orus
516 3045 635 3110 dicitur
649 3047 841 3129 cuvrdccerv,
857 3046 888 3109 h.
907 3068 933 3110 e.
951 3067 1017 3110 non
1033 3068 1218 3130 comparare
1241 3050 1277 3111 ut
1296 3046 1415 3110 similes

276 3156 330 3220 sed
354 3177 543 3240 componere
565 3160 601 3219 ut
622 3156 773 3220 diversas.
805 3155 867 3221 Sed
883 3155 1064 3239 Stephanus
1080 3156 1206 3240 quidem
1228 3157 1290 3220 hoc
1310 3157 1416 3240 ipsum

277 3268 311 3332 ἐκ
338 3271 486 3346 περιττοῦ
514 3269 627 3330 notare
655 3265 754 3330 Orum
782 3265 903 3329 iudicat
930 3288 969 3330 ae
996 3289 1037 3330 ne
1065 3289 1145 3350 opus
1168 3266 1295 3350 quidem
1317 3265 1415 3330 fuisse

276 3376 322 3440 rai
345 3377 424 3440 satis
446 3379 577 3459 apertae
600 3375 871 3440 demonstratione
894 3376 951 3459 ait,
974 3376 1083 3440 multis
1106 3376 1147 3440 ab
1170 3377 1240 3460 ipso
1262 3376 1415 3459 exemplis

277 3486 467 3551 declaratae.
513 3486 565 3549 Ad
587 3485 700 3549 horum
722 3485 822 3570 igitur
849 3486 1087 3550 multitudinem
1110 3490 1205 3549 antea
1229 3487 1416 3552 collatorum

277 3597 403 3680 spectat
429 3598 538 3662 τοίνυν
567 3595 742 3679 particula,
777 3596 818 3659 ad
844 3595 1064 3660 Herodianum
1090 3593 1232 3660 minime.
1277 3595 1327 3662 Ex
1353 3617 1415 3680 quo

277 3710 446 3790 postquam
467 3706 594 3770 illorum
616 3706 764 3769 ultimum
790 3706 1046 3770 testimoniorum
1068 3706 1205 3790 petitum
1225 3705 1305 3789 fuit,
1333 3705 1416 3770 nihil

277 3818 342 3880 iam
362 3816 515 3900 proximis
531 3838 697 3880 commune
713 3837 781 3880 esse
805 3837 876 3880 cum
892 3819 967 3880 ante
982 3815 1153 3898 disputatis
1170 3815 1280 3880 voluit.
1312 3814 1415 3889 Quod-

277 3927 303 3990 si
337 3928 372 3992 ἐκ
404 3931 553 4006 περιττοῦ
586 3925 770 3991 Herodiano
804 3947 984 4011 repugnare
1017 3926 1099 3991 Orus
1132 3925 1306 4007 diceretur,
1340 3925 1416 4008 quid

277 4037 418 4120 tandem,
443 4033 575 4121 quaeso,
599 4036 634 4099 in
657 4036 815 4120 prioribus
838 4037 916 4100 illud
938 4039 1037 4118 esset,
1062 4035 1145 4120 quod
1168 4036 1209 4099 ab
1230 4033 1416 4099 Herodiano

278 4147 438 4231 proditum
464 4146 648 4230 displiceret
675 4146 762 4212 Oro?
810 4146 855 4210 Et
886 4149 922 4210 ut
948 4135 1139 4230 largiamur,
1173 4144 1257 4230 quod
1290 4144 1417 4228 quidem

280 4257 480 4321 concedimus
501 4257 650 4340 minime,
673 4257 759 4320 infra
780 4279 839 4340 pro
861 4257 1005 4322 Ἡτίοδο(
1033 4256 1186 4339 scriptum
1210 4277 1229 4318 a
1251 4253 1417 4337 Stephano

278 4366 375 4430 fuisse
405 4368 619 4450 Ήρωδιονόε,
655 4367 743 4431 itanc
778 4389 849 4430 cnm
877 4365 1025 4430 technico
1057 4367 1139 4431 Orus
1171 4363 1342 4428 dissentiat
1374 4386 1418 4428 an
