3184 5100
581 381 741 430 scanona
764 383 936 430 carrrcnu.
1269 363 1331 429 719

188 534 301 597 matris
324 537 356 597 et
378 535 479 618 patris
502 556 587 599 mors
609 535 651 599 ab
673 535 783 599 Aiacis
808 536 902 618 culpa
931 555 1059 618 prorsus
1081 533 1277 618 disiungitur
1299 541 1330 598 et

190 645 252 708 alio
275 645 411 728 quodam
433 645 502 709 fatu
531 645 626 731 (ἄλλῃ
649 645 756 732 μοίρᾳ)
780 645 933 709 accidisse
956 644 1087 727 dicitur,
1116 645 1251 708 multum
1273 646 1330 708 im-

189 753 344 818 minuitur
366 777 403 819 ac
425 777 528 840 paene
550 756 682 820 diluitur
704 757 847 841 gravitas
876 759 908 819 et
937 756 1098 820 evidentia
1126 760 1329 839 argumenta-

188 864 287 928 tionis
309 864 506 930 Tecmessae.

273 975 353 1039 Illuc
387 979 538 1039 revertor.
590 975 685 1058 Apud
714 977 953 1040 Anacreontem
982 978 1067 1040 euim
1096 977 1122 1039 si
1150 977 1221 1060 quis
1249 976 1329 1041 desi-

189 1085 278 1148 deret
300 1087 360 1151 οὖν
383 1079 560 1169 particulae
587 1085 816 1170 ligamentum,
846 1088 992 1150 invectae
1020 1086 1054 1149 ni
1075 1086 1171 1150 fallor
1193 1109 1213 1150 a
1234 1087 1329 1152 libra-

190 1195 260 1276 riis,
292 1196 475 1260 recordetur
501 1217 619 1280 quaeso
647 1197 711 1260 alia
739 1196 894 1282 quaedam
917 1197 1205 1261 Anacreontiorum
1228 1219 1329 1261 exem-

190 1305 255 1388 pla.
295 1305 392 1369 Velut
413 1307 562 1370 carminis
584 1306 661 1372 XIX
683 1308 750 1370 aa
773 1330 845 1372 cum
868 1308 1028 1372 conclusio
1049 1309 1141 1371 fieret
1162 1307 1328 1392 quaedam,

189 1417 299 1480 tamen
322 1416 368 1480 sic
390 1417 514 1480 locutus
538 1421 586 1480 est
609 1421 720 1501 poeta:
753 1419 782 1483 τί
808 1439 860 1498 μοι
888 1419 1030 1498 μάχεςθ’,
1059 1419 1194 1498 ἑταῖροι,
1223 1420 1329 1504 κούτῷ

191 1527 316 1591 θέλοντι
338 1529 456 1599 πίνειν;
479 1549 671 1612 quamquam
687 1532 851 1612 exspectes
874 1528 903 1593 τί
918 1527 978 1594 οὖν
993 1549 1045 1607 μοι
1067 1530 1216 1609 μάχεςθε;
1239 1529 1330 1592 Adde

190 1634 315 1719 XXIV,
339 1638 369 1702 5.
393 1637 519 1720 XXVI,
544 1639 573 1702 7.
597 1637 753 1721 XXXVI,
786 1638 834 1702 10.
858 1637 948 1722 hul,
977 1639 1007 1704 5.
1052 1639 1113 1702 Illa
1136 1643 1242 1703 autem
1265 1660 1329 1706 ςτε-

193 1747 303 1826 φάνου
326 1768 362 1826 με
385 1750 434 1813 καὶ
457 1749 603 1828 χορεύςω
631 1771 688 1832 pro
712 1769 747 1812 re
769 1753 847 1812 nata
869 1748 920 1812 vel
940 1749 1132 1813 tantundem
1153 1751 1262 1814 valent
1284 1754 1330 1814 at

192 1877 252 1940 que
275 1859 438 1940 ςτεφιίνου
460 1878 497 1938 με
520 1858 610 1924 ὅπως
633 1861 673 1924 ἂν
696 1859 857 1941 χορεύςω,
880 1858 931 1922 rel
952 1859 980 1924 εἰ
1001 1864 1173 1940 ςτεφονοῑς
1194 1881 1247 1940 με,
1274 1881 1330 1939 χο-

191 1968 293 2046 ρεύςω
317 1967 383 2031 sive
405 1971 589 2049 χορεύςαιμ’
610 1969 660 2034 ἄν.

275 2077 365 2153 Quod
392 2101 464 2143 cum
493 2081 540 2143 ita
562 2079 620 2160 sit,
649 2079 739 2164 origo
767 2081 899 2162 patefiet
920 2080 1132 2164 discrepantis
1154 2081 1330 2164 scripturae

190 2187 223 2250 in
246 2187 476 2272 Epicharmi
499 2211 591 2254 versu
613 2189 697 2272 apud
714 2190 907 2255 Aeschinem
929 2190 980 2254 vel
1001 2189 1170 2254 Platonem
1191 2190 1240 2254 vel
1264 2189 1331 2274 qui-

190 2319 323 2382 cumque
345 2304 526 2364 auctorest
548 2301 695 2383 Axiochi,
720 2323 752 2384 p.
775 2301 837 2366 366
860 2307 885 2364 C
904 2301 981 2386 (509
1002 2299 1136 2386 Beklr.):

341 2435 361 2500 ἁ
383 2438 419 2500 δὲ
441 2438 507 2517 χεὶρ
529 2439 587 2503 τάν
611 2440 702 2516 χεῖρα
724 2437 813 2503 νίζει·
835 2437 891 2500 δός
913 2458 942 2501 τι
963 2438 1013 2501 καὶ
1036 2438 1113 2516 λαβέ
1134 2459 1170 2501 τι.

190 2570 253 2635 Vbi
277 2593 348 2636 cum
376 2573 411 2636 iu
441 2575 592 2656 quattuor
618 2573 775 2636 Parisinis
798 2573 897 2656 (inter
919 2594 997 2655 quos
1020 2572 1259 2656 antiquissimus
1282 2575 1331 2634 est

190 2683 308 2747 saeculi
330 2683 408 2766 IX),
439 2682 540 2746 altero
562 2681 805 2747 Vindobouensi
827 2704 952 2766 unoque
975 2681 1100 2747 Veneto
1122 2684 1198 2767 (quo
1220 2685 1329 2746 tamen

189 2815 267 2858 non
289 2794 447 2860 contineri
470 2792 651 2857 Axiochum
673 2793 836 2857 Bekkerus
859 2793 1031 2875 scripserat
1053 2793 1155 2876 prael.
1178 2793 1240 2857 vol.
1259 2793 1286 2876 I,
1313 2796 1325 2856 l

190 2926 221 2987 p.
246 2904 339 2990 XIII)
362 2905 467 2988 posita
488 2904 568 2968 haec
591 2905 672 2968 sint:
710 2905 736 2969 εί
758 2903 853 2970 δίδως
874 2924 913 2981 τι,
937 2905 986 2969 καί
1009 2905 1118 2984 λάβοις
1138 2924 1177 2980 τι,
1200 2903 1327 2968 mirabi-

190 3013 263 3078 liter
295 3013 485 3101 Spengelius
517 3015 557 3080 de
590 3015 707 3078 artium
739 3014 946 3097 scriptoribus
979 3036 1010 3097 p.
1039 3014 1081 3079 48
1115 3015 1252 3078 coniecit
1284 3015 1329 3078 sic
1348 3029 1381 3077 ιο

190 3125 344 3207 scriptum
367 3125 480 3189 luisse:
517 3125 538 3190 ἁ
560 3127 596 3190 δὲ
618 3127 686 3205 χεὶρ
708 3126 767 3191 τὰν
796 3129 887 3206 χεῖρα
913 3126 1001 3191 νίζει·
1029 3125 1056 3189 εἰ
1083 3125 1180 3189 δίδως
1207 3147 1252 3202 τι,
1280 3127 1330 3190 καὶ

190 3235 308 3314 λάβοις.
352 3235 391 3299 ln
419 3235 532 3319 quibus
561 3235 615 3318 qui
642 3234 704 3298 duo
733 3238 809 3300 sunt
831 3257 970 3318 errores,
1001 3255 1109 3298 eorum
1137 3234 1219 3298 alter
1247 3256 1330 3298 ccm-

190 3347 295 3408 munis
317 3345 347 3408 ei
369 3349 417 3408 est
440 3365 511 3409 cum
526 3343 705 3428 Boeckhio,
729 3346 776 3409 sic
798 3345 986 3410 restituente
1008 3345 1110 3428 prael.
1127 3344 1167 3408 ad
1191 3343 1329 3408 Simonis

191 3451 346 3518 Socratici
368 3455 443 3518 dial.
468 3477 499 3538 p.
517 3454 689 3519 XXXVII:
712 3455 769 3520 δός
782 3477 822 3533 τι,
844 3457 894 3520 καί
915 3456 1028 3536 λάβοιό
1049 3475 1086 3520 τι.
1132 3453 1194 3518 Sed
1217 3455 1329 3535 λάβοιο

190 3585 314 3647 quoque
329 3585 420 3628 suum
435 3565 558 3648 pridem
574 3565 713 3628 arbitror
724 3563 918 3628 Boeckhium
929 3569 1135 3630 retractasse:
1151 3585 1212 3628 uec
1227 3561 1331 3647 magis

190 3675 290 3756 probo
312 3676 362 3759 (ut
376 3676 437 3738 hoc
452 3676 589 3738 strictim
605 3675 767 3760 adiciam),
791 3695 982 3759 quamquam
1004 3675 1038 3738 in
1053 3695 1171 3759 genere
1194 3672 1330 3754 diverso,

191 3785 327 3848 medium
350 3807 452 3870 genus
468 3786 578 3853 κτίζειν
593 3785 682 3849 verbi
697 3786 731 3849 in
748 3783 936 3868 Aeschyli
958 3807 1051 3848 versu
1067 3783 1170 3849 Chae
1176 3783 1329 3867 phoron

193 3895 283 3979 1056,
307 3896 354 3960 sic
376 3896 636 3961 reconciuuando
658 3895 751 3960 unius
775 3895 956 3960 accessione
978 3895 1153 3958 litterulae:

667 4031 782 4099 Λοξίου
804 4034 839 4096 δὲ
861 4033 1043 4111 προςθιγὼν

341 4144 512 4225 ἐλεύθερόν
536 4162 568 4208 te
590 4146 693 4208 τῶνδε
716 4143 869 4222 πημάτων
893 4143 1041 4208 κτίςεις.

191 4273 254 4341 Vbi
277 4278 437 4361 proditam
459 4281 553 4345 κτίςει
575 4278 712 4342 formam
734 4299 811 4342 num
833 4297 891 4360 pro
913 4276 1052 4341 secunda
1074 4297 1211 4360 persona
1233 4278 1329 4342 medii

190 4387 357 4471 quisquam
379 4388 528 4451 habuerit
550 4388 647 4472 (quod
669 4387 800 4451 minime
823 4391 871 4450 est
893 4386 1087 4469 absurdum),
1112 4389 1235 4452 nescio:
1257 4393 1329 4452 tan-
