<?xml version="1.0" encoding="UTF-8"?>
<!DOCTYPE html PUBLIC "-//W3C//DTD XHTML 1.0 Transitional//EN"
    "http://www.w3.org/TR/xhtml1/DTD/xhtml1-transitional.dtd">
<html xmlns="http://www.w3.org/1999/xhtml" xml:lang="en" lang="en">
 <head>
  <title>
</title>
<meta http-equiv="Content-Type" content="text/html;charset=utf-8" />
  <meta name='ocr-system' content='tesseract 3.04.00' />
  <meta name='ocr-capabilities' content='ocr_page ocr_carea ocr_par ocr_line ocrx_word'/>
</head>
<body>
  <div class='ocr_page' id='page_1' title='image "./fridericiritsch11wachgoog_0198.png"; bbox 0 0 3254 5092; ppageno 0'>
   <div class='ocr_carea' id='block_1_1' title="bbox 629 341 1375 420">
    <p class='ocr_par' dir='ltr' id='par_1_1' title="bbox 629 341 1375 420">
     <span class='ocr_line' id='line_1_1' title="bbox 629 341 1375 420; baseline 0 -15"><span class='ocrx_word' id='word_1_1' title='bbox 629 359 747 420; x_wconf 76' lang='lat' dir='ltr'>nuova</span> <span class='ocrx_word' id='word_1_2' title='bbox 770 359 986 408; x_wconf 75' lang='lat' dir='ltr'>homobono.</span> <span class='ocrx_word' id='word_1_3' title='bbox 1317 341 1375 405; x_wconf 87' lang='grc'>177</span> 
     </span>
    </p>
   </div>
   <div class='ocr_carea' id='block_1_2' title="bbox 234 512 1436 4311">
    <p class='ocr_par' dir='ltr' id='par_1_2' title="bbox 234 512 1378 3546">
     <span class='ocr_line' id='line_1_2' title="bbox 234 512 1376 595; baseline -0.003 -19"><span class='ocrx_word' id='word_1_4' title='bbox 234 514 310 577; x_wconf 87' lang='grc' dir='ltr'>τοὺε</span> <span class='ocrx_word' id='word_1_5' title='bbox 333 513 493 578; x_wconf 80' lang='grc' dir='ltr'>εωθένταε</span> <span class='ocrx_word' id='word_1_6' title='bbox 515 516 582 578; x_wconf 85' lang='grc' dir='ltr'>τῶν</span> <span class='ocrx_word' id='word_1_7' title='bbox 606 512 828 591; x_wconf 80' lang='grc' dir='ltr'>(υροικουείων</span> <span class='ocrx_word' id='word_1_8' title='bbox 849 513 885 576; x_wconf 88' lang='grc' dir='ltr'>ἐν</span> <span class='ocrx_word' id='word_1_9' title='bbox 907 517 944 594; x_wconf 85' lang='grc' dir='ltr'>τῇ</span> <span class='ocrx_word' id='word_1_10' title='bbox 967 512 1150 595; x_wconf 80' lang='grc' dir='ltr'>πολιορκίᾳ,</span> <span class='ocrx_word' id='word_1_11' title='bbox 1179 512 1309 590; x_wconf 77' lang='grc' dir='ltr'>γνώμα(</span> <span class='ocrx_word' id='word_1_12' title='bbox 1338 512 1376 574; x_wconf 76' lang='grc' dir='ltr'>δι’</span> 
     </span>
     <span class='ocr_line' id='line_1_3' title="bbox 235 618 1377 708; baseline -0.004 -22"><span class='ocrx_word' id='word_1_13' title='bbox 235 623 375 697; x_wconf 72' lang='grc' dir='ltr'>ἐλεγείοις</span> <span class='ocrx_word' id='word_1_14' title='bbox 398 623 442 687; x_wconf 81' lang='grc' dir='ltr'>εἰ(</span> <span class='ocrx_word' id='word_1_15' title='bbox 464 623 524 701; x_wconf 81' lang='grc' dir='ltr'>ἔπη</span> <span class='ocrx_word' id='word_1_16' title='bbox 546 619 619 708; x_wconf 43' lang='lat' dir='ltr'>‘flori</span> <span class='ocrx_word' id='word_1_17' title='bbox 656 620 747 684; x_wconf 88' lang='lat' dir='ltr'>Haec</span> <span class='ocrx_word' id='word_1_18' title='bbox 769 620 976 684; x_wconf 76' lang='lat' dir='ltr'>attuleramus</span> <span class='ocrx_word' id='word_1_19' title='bbox 998 619 1083 684; x_wconf 92' lang='lat' dir='ltr'>Bibl.</span> <span class='ocrx_word' id='word_1_20' title='bbox 1107 621 1159 683; x_wconf 83' lang='lat' dir='ltr'>Al.</span> <span class='ocrx_word' id='word_1_21' title='bbox 1176 643 1208 703; x_wconf 90' lang='lat' dir='ltr'>p.</span> <span class='ocrx_word' id='word_1_22' title='bbox 1225 621 1276 684; x_wconf 78' lang='grc'>92.</span> <span class='ocrx_word' id='word_1_23' title='bbox 1315 618 1377 684; x_wconf 80' lang='lat' dir='ltr'>Sed</span> 
     </span>
     <span class='ocr_line' id='line_1_4' title="bbox 235 729 1376 814; baseline 0 -21"><span class='ocrx_word' id='word_1_24' title='bbox 235 731 401 814; x_wconf 74' lang='lat' dir='ltr'>pertinent</span> <span class='ocrx_word' id='word_1_25' title='bbox 430 729 492 794; x_wconf 93' lang='lat' dir='ltr'>huc</span> <span class='ocrx_word' id='word_1_26' title='bbox 519 731 617 794; x_wconf 80' lang='lat' dir='ltr'>eiiam</span> <span class='ocrx_word' id='word_1_27' title='bbox 645 753 726 814; x_wconf 86' lang='lat' dir='ltr'>quae</span> <span class='ocrx_word' id='word_1_28' title='bbox 753 730 816 794; x_wconf 87' lang='lat' dir='ltr'>illis</span> <span class='ocrx_word' id='word_1_29' title='bbox 846 733 1033 794; x_wconf 73' lang='lat' dir='ltr'>nectuntur:</span> <span class='ocrx_word' id='word_1_30' title='bbox 1066 731 1116 793; x_wconf 88' lang='grc' dir='ltr'>καὶ</span> <span class='ocrx_word' id='word_1_31' title='bbox 1142 731 1224 808; x_wconf 73' lang='grc' dir='ltr'>πρὸ(</span> <span class='ocrx_word' id='word_1_32' title='bbox 1253 730 1376 808; x_wconf 87' lang='grc' dir='ltr'>Κύρνον</span> 
     </span>
     <span class='ocr_line' id='line_1_5' title="bbox 234 839 1376 921; baseline -0.003 -16"><span class='ocrx_word' id='word_1_33' title='bbox 234 843 293 905; x_wconf 93' lang='grc' dir='ltr'>τόν</span> <span class='ocrx_word' id='word_1_34' title='bbox 316 840 416 905; x_wconf 82' lang='grc' dir='ltr'>αὑτοῦ</span> <span class='ocrx_word' id='word_1_35' title='bbox 439 842 604 920; x_wconf 88' lang='grc' dir='ltr'>ἐρώμενον</span> <span class='ocrx_word' id='word_1_36' title='bbox 626 841 852 921; x_wconf 77' lang='grc' dir='ltr'>γνωμολογίαν</span> <span class='ocrx_word' id='word_1_37' title='bbox 874 843 913 906; x_wconf 56' lang='grc' dir='ltr'>δι)</span> <span class='ocrx_word' id='word_1_38' title='bbox 935 839 1086 916; x_wconf 84' lang='grc' dir='ltr'>ἐλεγείων</span> <span class='ocrx_word' id='word_1_39' title='bbox 1102 840 1151 903; x_wconf 90' lang='grc' dir='ltr'>καὶ</span> <span class='ocrx_word' id='word_1_40' title='bbox 1173 840 1282 918; x_wconf 76' lang='grc' dir='ltr'>ἑτέρα(</span> <span class='ocrx_word' id='word_1_41' title='bbox 1298 839 1376 902; x_wconf 92' lang='grc' dir='ltr'>ὑπο-</span> 
     </span>
     <span class='ocr_line' id='line_1_6' title="bbox 235 947 1377 1030; baseline -0.004 -16"><span class='ocrx_word' id='word_1_42' title='bbox 235 951 332 1028; x_wconf 84' lang='grc' dir='ltr'>θήκοε</span> <span class='ocrx_word' id='word_1_43' title='bbox 363 951 602 1030; x_wconf 85' lang='grc' dir='ltr'>παραινετικάε,</span> <span class='ocrx_word' id='word_1_44' title='bbox 634 953 674 1014; x_wconf 88' lang='grc' dir='ltr'>τὰ</span> <span class='ocrx_word' id='word_1_45' title='bbox 707 951 812 1015; x_wconf 88' lang='grc' dir='ltr'>πάντα</span> <span class='ocrx_word' id='word_1_46' title='bbox 843 951 1001 1015; x_wconf 77' lang='grc' dir='ltr'>ἐπικῶεε</span> <span class='ocrx_word' id='word_1_47' title='bbox 1035 948 1197 1012; x_wconf 86' lang='lat' dir='ltr'>verissime</span> <span class='ocrx_word' id='word_1_48' title='bbox 1230 947 1315 1010; x_wconf 85' lang='lat' dir='ltr'>enim</span> <span class='ocrx_word' id='word_1_49' title='bbox 1342 947 1377 1010; x_wconf 90' lang='lat' dir='ltr'>in</span> 
     </span>
     <span class='ocr_line' id='line_1_7' title="bbox 235 1056 1375 1140; baseline -0.004 -18"><span class='ocrx_word' id='word_1_50' title='bbox 235 1062 377 1122; x_wconf 67' lang='lat' dir='ltr'>extrema</span> <span class='ocrx_word' id='word_1_51' title='bbox 398 1081 476 1123; x_wconf 85' lang='lat' dir='ltr'>voce</span> <span class='ocrx_word' id='word_1_52' title='bbox 499 1059 577 1124; x_wconf 71' lang='lat' dir='ltr'>Otto</span> <span class='ocrx_word' id='word_1_53' title='bbox 599 1058 811 1124; x_wconf 82' lang='lat' dir='ltr'>Schneiderus</span> <span class='ocrx_word' id='word_1_54' title='bbox 834 1059 868 1122; x_wconf 88' lang='lat' dir='ltr'>in</span> <span class='ocrx_word' id='word_1_55' title='bbox 889 1057 1137 1122; x_wconf 85' lang='lat' dir='ltr'>Zimmcrmanni</span> <span class='ocrx_word' id='word_1_56' title='bbox 1151 1057 1241 1122; x_wconf 89' lang='lat' dir='ltr'>Diar.</span> <span class='ocrx_word' id='word_1_57' title='bbox 1265 1056 1375 1140; x_wconf 86' lang='lat' dir='ltr'>philol.</span> 
     </span>
     <span class='ocr_line' id='line_1_8' title="bbox 235 1165 1375 1251; baseline -0.004 -19"><span class='ocrx_word' id='word_1_58' title='bbox 235 1191 265 1232; x_wconf 87' lang='lat' dir='ltr'>a.</span> <span class='ocrx_word' id='word_1_59' title='bbox 296 1168 376 1233; x_wconf 87' lang='lat'>1838</span> <span class='ocrx_word' id='word_1_60' title='bbox 405 1191 437 1251; x_wconf 92' lang='lat' dir='ltr'>p.</span> <span class='ocrx_word' id='word_1_61' title='bbox 467 1168 527 1232; x_wconf 81' lang='grc'>937</span> <span class='ocrx_word' id='word_1_62' title='bbox 556 1168 637 1232; x_wconf 78' lang='lat' dir='ltr'>vidit</span> <span class='ocrx_word' id='word_1_63' title='bbox 664 1168 764 1231; x_wconf 79' lang='lat' dir='ltr'>labere</span> <span class='ocrx_word' id='word_1_64' title='bbox 792 1170 864 1247; x_wconf 82' lang='grc' dir='ltr'>ἔπη</span> <span class='ocrx_word' id='word_1_65' title='bbox 893 1189 964 1231; x_wconf 92' lang='lat' dir='ltr'>cum</span> <span class='ocrx_word' id='word_1_66' title='bbox 997 1167 1120 1231; x_wconf 88' lang='lat' dir='ltr'>numeri</span> <span class='ocrx_word' id='word_1_67' title='bbox 1152 1169 1230 1231; x_wconf 79' lang='lat' dir='ltr'>noba</span> <span class='ocrx_word' id='word_1_68' title='bbox 1258 1165 1375 1248; x_wconf 89' lang='lat' dir='ltr'>aliqua.</span> 
     </span>
     <span class='ocr_line' id='line_1_9' title="bbox 235 1275 1378 1362; baseline -0.002 -22"><span class='ocrx_word' id='word_1_69' title='bbox 235 1277 357 1342; x_wconf 83' lang='lat' dir='ltr'>Eadem</span> <span class='ocrx_word' id='word_1_70' title='bbox 379 1278 541 1341; x_wconf 77' lang='lat' dir='ltr'>sententia</span> <span class='ocrx_word' id='word_1_71' title='bbox 563 1276 695 1362; x_wconf 83' lang='lat' dir='ltr'>Bergkii</span> <span class='ocrx_word' id='word_1_72' title='bbox 718 1278 738 1340; x_wconf 95' lang='lat' dir='ltr'>l.</span> <span class='ocrx_word' id='word_1_73' title='bbox 764 1300 808 1341; x_wconf 79' lang='lat' dir='ltr'>e:</span> <span class='ocrx_word' id='word_1_74' title='bbox 836 1299 1026 1360; x_wconf 85' lang='lat' dir='ltr'>quamquam</span> <span class='ocrx_word' id='word_1_75' title='bbox 1048 1277 1076 1340; x_wconf 91' lang='lat' dir='ltr'>is</span> <span class='ocrx_word' id='word_1_76' title='bbox 1104 1275 1186 1360; x_wconf 88' lang='lat' dir='ltr'>quod</span> <span class='ocrx_word' id='word_1_77' title='bbox 1213 1275 1378 1360; x_wconf 78' lang='lat' dir='ltr'><strong>proposuit</strong></span> 
     </span>
     <span class='ocr_line' id='line_1_10' title="bbox 236 1383 1377 1472; baseline -0.004 -20"><span class='ocrx_word' id='word_1_78' title='bbox 236 1389 296 1466; x_wconf 89' lang='grc' dir='ltr'>ἔπη</span> <span class='ocrx_word' id='word_1_79' title='bbox 319 1387 385 1465; x_wconf 87' lang='grc' dir='ltr'>κω’,</span> <span class='ocrx_word' id='word_1_80' title='bbox 412 1387 539 1470; x_wconf 87' lang='lat' dir='ltr'>placere</span> <span class='ocrx_word' id='word_1_81' title='bbox 567 1409 643 1450; x_wconf 92' lang='lat' dir='ltr'>uon</span> <span class='ocrx_word' id='word_1_82' title='bbox 670 1409 785 1450; x_wconf 88' lang='lat' dir='ltr'>unam</span> <span class='ocrx_word' id='word_1_83' title='bbox 812 1387 853 1450; x_wconf 92' lang='lat' dir='ltr'>ob</span> <span class='ocrx_word' id='word_1_84' title='bbox 878 1408 1023 1450; x_wconf 80' lang='lat' dir='ltr'><strong>caussam</strong></span> <span class='ocrx_word' id='word_1_85' title='bbox 1043 1386 1164 1470; x_wconf 80' lang='lat' dir='ltr'>nequit.</span> <span class='ocrx_word' id='word_1_86' title='bbox 1211 1383 1313 1472; x_wconf 73' lang='lat' dir='ltr'>[Dixit</span> <span class='ocrx_word' id='word_1_87' title='bbox 1338 1385 1377 1448; x_wconf 91' lang='lat' dir='ltr'>de</span> 
     </span>
     <span class='ocr_line' id='line_1_11' title="bbox 237 1493 1378 1580; baseline -0.001 -21"><span class='ocrx_word' id='word_1_88' title='bbox 237 1496 296 1559; x_wconf 88' lang='lat' dir='ltr'>hoc</span> <span class='ocrx_word' id='word_1_89' title='bbox 311 1517 414 1580; x_wconf 80' lang='lat' dir='ltr'>nuper</span> <span class='ocrx_word' id='word_1_90' title='bbox 430 1496 609 1560; x_wconf 68' lang='lat' dir='ltr'>accuratius</span> <span class='ocrx_word' id='word_1_91' title='bbox 625 1495 660 1560; x_wconf 81' lang='lat' dir='ltr'>O.</span> <span class='ocrx_word' id='word_1_92' title='bbox 677 1495 846 1579; x_wconf 75' lang='lat' dir='ltr'>Diliheyus</span> <span class='ocrx_word' id='word_1_93' title='bbox 861 1495 964 1559; x_wconf 85' lang='lat' dir='ltr'>Musei</span> <span class='ocrx_word' id='word_1_94' title='bbox 979 1495 1084 1559; x_wconf 85' lang='lat' dir='ltr'>Rhen.</span> <span class='ocrx_word' id='word_1_95' title='bbox 1101 1499 1125 1558; x_wconf 79' lang='lat' dir='ltr'>t.</span> <span class='ocrx_word' id='word_1_96' title='bbox 1143 1493 1254 1558; x_wconf 82' lang='lat' dir='ltr'>XVIII</span> <span class='ocrx_word' id='word_1_97' title='bbox 1269 1517 1300 1578; x_wconf 90' lang='lat' dir='ltr'>p.</span> <span class='ocrx_word' id='word_1_98' title='bbox 1318 1495 1378 1558; x_wconf 85' lang='lat'>150</span> 
     </span>
     <span class='ocr_line' id='line_1_12' title="bbox 236 1604 1377 1693; baseline -0.001 -24"><span class='ocrx_word' id='word_1_99' title='bbox 236 1605 317 1693; x_wconf 84' lang='lat' dir='ltr'>sqq.]</span> <span class='ocrx_word' id='word_1_100' title='bbox 333 1643 375 1656; x_wconf 85' lang='lat'>—</span> <span class='ocrx_word' id='word_1_101' title='bbox 390 1606 445 1690; x_wconf 84' lang='lat'>91)</span> <span class='ocrx_word' id='word_1_102' title='bbox 468 1605 590 1669; x_wconf 81' lang='lat' dir='ltr'>Eodem</span> <span class='ocrx_word' id='word_1_103' title='bbox 605 1605 683 1668; x_wconf 75' lang='lat' dir='ltr'>vibio</span> <span class='ocrx_word' id='word_1_104' title='bbox 704 1605 818 1669; x_wconf 77' lang='lat' dir='ltr'>affecta</span> <span class='ocrx_word' id='word_1_105' title='bbox 835 1604 950 1670; x_wconf 85' lang='lat' dir='ltr'>Suidae</span> <span class='ocrx_word' id='word_1_106' title='bbox 965 1605 1063 1668; x_wconf 87' lang='lat' dir='ltr'>verba</span> <span class='ocrx_word' id='word_1_107' title='bbox 1085 1607 1160 1666; x_wconf 81' lang='lat' dir='ltr'>sunt</span> <span class='ocrx_word' id='word_1_108' title='bbox 1175 1604 1210 1667; x_wconf 89' lang='lat' dir='ltr'>in</span> <span class='ocrx_word' id='word_1_109' title='bbox 1223 1604 1377 1684; x_wconf 71' lang='grc' dir='ltr'>Ὀρφεύς·</span> 
     </span>
     <span class='ocr_line' id='line_1_13' title="bbox 236 1707 1377 1806; baseline -0.003 -27"><span class='ocrx_word' id='word_1_110' title='bbox 236 1716 359 1795; x_wconf 82' lang='grc' dir='ltr'>ἔγραψε</span> <span class='ocrx_word' id='word_1_111' title='bbox 382 1765 413 1781; x_wconf 92' lang='grc'>..</span> <span class='ocrx_word' id='word_1_112' title='bbox 430 1765 437 1780; x_wconf 90' lang='grc'><strong><em>.</em></strong></span> <span class='ocrx_word' id='word_1_113' title='bbox 454 1715 679 1794; x_wconf 86' lang='grc' dir='ltr'>Όνομαετικόν</span> <span class='ocrx_word' id='word_1_114' title='bbox 695 1715 767 1795; x_wconf 83' lang='grc' dir='ltr'>ἔπη</span> <span class='ocrx_word' id='word_1_115' title='bbox 790 1711 862 1806; x_wconf 75' lang='grc' dir='ltr'>με’,</span> <span class='ocrx_word' id='word_1_116' title='bbox 877 1715 1056 1791; x_wconf 88' lang='grc' dir='ltr'>Θεογονίαν</span> <span class='ocrx_word' id='word_1_117' title='bbox 1072 1715 1143 1793; x_wconf 90' lang='grc' dir='ltr'>ἔπη</span> <span class='ocrx_word' id='word_1_118' title='bbox 1166 1707 1238 1799; x_wconf 79' lang='grc' dir='ltr'>αι’,</span> <span class='ocrx_word' id='word_1_119' title='bbox 1254 1715 1377 1792; x_wconf 81' lang='grc' dir='ltr'>Ἀετρο-</span> 
     </span>
     <span class='ocr_line' id='line_1_14' title="bbox 235 1823 1377 1905; baseline -0.005 -15"><span class='ocrx_word' id='word_1_120' title='bbox 235 1826 360 1904; x_wconf 90' lang='grc' dir='ltr'>νομίαν,</span> <span class='ocrx_word' id='word_1_121' title='bbox 383 1823 594 1904; x_wconf 87' lang='grc' dir='ltr'>Ἀμοκοπίαν,</span> <span class='ocrx_word' id='word_1_122' title='bbox 618 1825 831 1905; x_wconf 86' lang='grc' dir='ltr'>Θυηπολικόν,</span> <span class='ocrx_word' id='word_1_123' title='bbox 853 1824 1020 1888; x_wconf 79' lang='grc' dir='ltr'>Ὠοθυτικά</span> <span class='ocrx_word' id='word_1_124' title='bbox 1041 1825 1060 1902; x_wconf 86' lang='grc' dir='ltr'>ἢ</span> <span class='ocrx_word' id='word_1_125' title='bbox 1083 1823 1271 1888; x_wconf 82' lang='grc' dir='ltr'>Ὠοεκοπικόι</span> <span class='ocrx_word' id='word_1_126' title='bbox 1293 1823 1377 1886; x_wconf 85' lang='grc' dir='ltr'>ἐπι-</span> 
     </span>
     <span class='ocr_line' id='line_1_15' title="bbox 236 1931 1376 2017; baseline -0.004 -19"><span class='ocrx_word' id='word_1_127' title='bbox 236 1937 328 2011; x_wconf 84' lang='grc' dir='ltr'>κῶε,</span> <span class='ocrx_word' id='word_1_128' title='bbox 351 1934 390 1996; x_wconf 90' lang='lat' dir='ltr'>de</span> <span class='ocrx_word' id='word_1_129' title='bbox 413 1955 474 2016; x_wconf 89' lang='lat' dir='ltr'>quo</span> <span class='ocrx_word' id='word_1_130' title='bbox 497 1933 646 1997; x_wconf 85' lang='lat' dir='ltr'>adverbio</span> <span class='ocrx_word' id='word_1_131' title='bbox 669 1932 844 1997; x_wconf 86' lang='lat' dir='ltr'>Lobeckius</span> <span class='ocrx_word' id='word_1_132' title='bbox 866 1932 1028 2017; x_wconf 85' lang='lat' dir='ltr'>Aglaoph.</span> <span class='ocrx_word' id='word_1_133' title='bbox 1052 1955 1083 2016; x_wconf 89' lang='lat' dir='ltr'>p.</span> <span class='ocrx_word' id='word_1_134' title='bbox 1100 1931 1178 1997; x_wconf 82' lang='lat'>355:</span> <span class='ocrx_word' id='word_1_135' title='bbox 1201 1937 1293 1996; x_wconf 73' lang='lat' dir='ltr'>‘latet</span> <span class='ocrx_word' id='word_1_136' title='bbox 1310 1935 1376 2010; x_wconf 84' lang='lat' dir='ltr'>sor-</span> 
     </span>
     <span class='ocr_line' id='line_1_16' title="bbox 237 2039 1376 2132; baseline -0.002 -26"><span class='ocrx_word' id='word_1_137' title='bbox 237 2055 316 2108; x_wconf 74' lang='lat' dir='ltr'>losse</span> <span class='ocrx_word' id='word_1_138' title='bbox 336 2039 399 2125; x_wconf 82' lang='grc' dir='ltr'>’έπη</span> <span class='ocrx_word' id='word_1_139' title='bbox 422 2056 450 2107; x_wconf 87' lang='lat' dir='ltr'>et</span> <span class='ocrx_word' id='word_1_140' title='bbox 472 2057 544 2108; x_wconf 80' lang='lat' dir='ltr'>noto</span> <span class='ocrx_word' id='word_1_141' title='bbox 558 2050 679 2132; x_wconf 80' lang='lat' dir='ltr'>numeri</span> <span class='ocrx_word' id='word_1_142' title='bbox 698 2051 864 2108; x_wconf 83' lang='lat' dir='ltr'>versuum&#39;.</span> <span class='ocrx_word' id='word_1_143' title='bbox 895 2041 996 2106; x_wconf 77' lang='lat' dir='ltr'>Recte</span> <span class='ocrx_word' id='word_1_144' title='bbox 1011 2041 1138 2125; x_wconf 89' lang='lat' dir='ltr'>quidem</span> <span class='ocrx_word' id='word_1_145' title='bbox 1151 2040 1219 2105; x_wconf 90' lang='lat' dir='ltr'>ille:</span> <span class='ocrx_word' id='word_1_146' title='bbox 1242 2041 1376 2104; x_wconf 77' lang='lat' dir='ltr'>multum</span> 
     </span>
     <span class='ocr_line' id='line_1_17' title="bbox 236 2150 1376 2235; baseline -0.002 -20"><span class='ocrx_word' id='word_1_147' title='bbox 236 2152 323 2216; x_wconf 88' lang='lat' dir='ltr'>enim</span> <span class='ocrx_word' id='word_1_148' title='bbox 337 2152 444 2215; x_wconf 81' lang='lat' dir='ltr'>differt</span> <span class='ocrx_word' id='word_1_149' title='bbox 455 2175 521 2216; x_wconf 91' lang='lat' dir='ltr'>non</span> <span class='ocrx_word' id='word_1_150' title='bbox 535 2152 758 2235; x_wconf 74' lang='lat' dir='ltr'>postpositum,</span> <span class='ocrx_word' id='word_1_151' title='bbox 775 2151 829 2216; x_wconf 87' lang='lat' dir='ltr'>sed</span> <span class='ocrx_word' id='word_1_152' title='bbox 844 2151 1053 2235; x_wconf 86' lang='lat' dir='ltr'>praemissum</span> <span class='ocrx_word' id='word_1_153' title='bbox 1064 2153 1181 2216; x_wconf 84' lang='grc' dir='ltr'>ἐπικῶε</span> <span class='ocrx_word' id='word_1_154' title='bbox 1193 2150 1376 2214; x_wconf 85' lang='lat' dir='ltr'>adverbium</span> 
     </span>
     <span class='ocr_line' id='line_1_18' title="bbox 236 2257 1375 2347; baseline -0.002 -23"><span class='ocrx_word' id='word_1_155' title='bbox 236 2261 283 2324; x_wconf 87' lang='lat' dir='ltr'>eis</span> <span class='ocrx_word' id='word_1_156' title='bbox 296 2261 460 2344; x_wconf 63' lang='lat' dir='ltr'>exemplis</span> <span class='ocrx_word' id='word_1_157' title='bbox 478 2283 558 2344; x_wconf 90' lang='lat' dir='ltr'>quae</span> <span class='ocrx_word' id='word_1_158' title='bbox 570 2261 735 2325; x_wconf 71' lang='lat' dir='ltr'>Bentleius</span> <span class='ocrx_word' id='word_1_159' title='bbox 746 2261 863 2344; x_wconf 86' lang='lat' dir='ltr'>Opusc.</span> <span class='ocrx_word' id='word_1_160' title='bbox 874 2283 905 2343; x_wconf 93' lang='lat' dir='ltr'>p.</span> <span class='ocrx_word' id='word_1_161' title='bbox 916 2261 980 2324; x_wconf 84' lang='lat'>364</span> <span class='ocrx_word' id='word_1_162' title='bbox 992 2259 1133 2347; x_wconf 80' lang='lat' dir='ltr'>[Phalar.</span> <span class='ocrx_word' id='word_1_163' title='bbox 1146 2283 1178 2343; x_wconf 93' lang='lat' dir='ltr'>p.</span> <span class='ocrx_word' id='word_1_164' title='bbox 1191 2259 1255 2324; x_wconf 87' lang='lat'>394</span> <span class='ocrx_word' id='word_1_165' title='bbox 1265 2257 1375 2346; x_wconf 79' lang='lat' dir='ltr'>Ribb]</span> 
     </span>
     <span class='ocr_line' id='line_1_19' title="bbox 236 2367 1376 2454; baseline -0.004 -20"><span class='ocrx_word' id='word_1_166' title='bbox 236 2371 370 2454; x_wconf 76' lang='lat' dir='ltr'>protulit</span> <span class='ocrx_word' id='word_1_167' title='bbox 381 2393 400 2434; x_wconf 91' lang='lat' dir='ltr'>a</span> <span class='ocrx_word' id='word_1_168' title='bbox 412 2370 571 2434; x_wconf 85' lang='lat' dir='ltr'>Lobeckio</span> <span class='ocrx_word' id='word_1_169' title='bbox 583 2373 856 2434; x_wconf 76' lang='lat' dir='ltr'>commemoratus</span> <span class='ocrx_word' id='word_1_170' title='bbox 878 2369 927 2433; x_wconf 91' lang='lat' dir='ltr'>De</span> <span class='ocrx_word' id='word_1_171' title='bbox 938 2367 1274 2453; x_wconf 82' lang='lat' dir='ltr'>TheogoniaOrphica</span> <span class='ocrx_word' id='word_1_172' title='bbox 1285 2369 1376 2431; x_wconf 75' lang='lat' dir='ltr'>besbi-</span> 
     </span>
     <span class='ocr_line' id='line_1_20' title="bbox 235 2477 1375 2560; baseline -0.003 -18"><span class='ocrx_word' id='word_1_173' title='bbox 235 2480 378 2543; x_wconf 91' lang='lat' dir='ltr'>monium</span> <span class='ocrx_word' id='word_1_174' title='bbox 412 2478 682 2543; x_wconf 76' lang='lat' dir='ltr'>stichomebricum</span> <span class='ocrx_word' id='word_1_175' title='bbox 714 2478 849 2544; x_wconf 69' lang='lat' dir='ltr'>accessst</span> <span class='ocrx_word' id='word_1_176' title='bbox 876 2501 893 2542; x_wconf 92' lang='lat' dir='ltr'>e</span> <span class='ocrx_word' id='word_1_177' title='bbox 921 2477 1036 2544; x_wconf 76' lang='lat' dir='ltr'>Siddae</span> <span class='ocrx_word' id='word_1_178' title='bbox 1063 2477 1210 2542; x_wconf 86' lang='lat' dir='ltr'>Parisino</span> <span class='ocrx_word' id='word_1_179' title='bbox 1239 2477 1375 2560; x_wconf 74' lang='lat' dir='ltr'>ophimo:</span> 
     </span>
     <span class='ocr_line' id='line_1_21' title="bbox 235 2585 1376 2668; baseline -0.007 -13"><span class='ocrx_word' id='word_1_180' title='bbox 235 2591 470 2668; x_wconf 83' lang='grc' dir='ltr'>Ὀνομαετικῶν</span> <span class='ocrx_word' id='word_1_181' title='bbox 486 2593 592 2653; x_wconf 74' lang='lat' dir='ltr'>autem</span> <span class='ocrx_word' id='word_1_182' title='bbox 604 2611 622 2652; x_wconf 89' lang='lat' dir='ltr'>a</span> <span class='ocrx_word' id='word_1_183' title='bbox 634 2589 794 2654; x_wconf 87' lang='lat' dir='ltr'>Lobeckio</span> <span class='ocrx_word' id='word_1_184' title='bbox 806 2588 1061 2653; x_wconf 76' lang='lat' dir='ltr'>commendabam</span> <span class='ocrx_word' id='word_1_185' title='bbox 1076 2586 1246 2650; x_wconf 89' lang='lat' dir='ltr'>abhorrere</span> <span class='ocrx_word' id='word_1_186' title='bbox 1262 2585 1303 2648; x_wconf 88' lang='lat' dir='ltr'>ab</span> <span class='ocrx_word' id='word_1_187' title='bbox 1317 2607 1376 2648; x_wconf 89' lang='lat' dir='ltr'>usu</span> 
     </span>
     <span class='ocr_line' id='line_1_22' title="bbox 235 2694 1376 2782; baseline -0.004 -21"><span class='ocrx_word' id='word_1_188' title='bbox 235 2698 386 2782; x_wconf 90' lang='lat' dir='ltr'>loquendi</span> <span class='ocrx_word' id='word_1_189' title='bbox 407 2698 549 2780; x_wconf 81' lang='lat' dir='ltr'>videtur,</span> <span class='ocrx_word' id='word_1_190' title='bbox 579 2699 632 2782; x_wconf 90' lang='lat' dir='ltr'>qui</span> <span class='ocrx_word' id='word_1_191' title='bbox 661 2701 765 2763; x_wconf 77' lang='lat' dir='ltr'>cerbus</span> <span class='ocrx_word' id='word_1_192' title='bbox 794 2702 842 2762; x_wconf 74' lang='lat' dir='ltr'>est</span> <span class='ocrx_word' id='word_1_193' title='bbox 870 2698 905 2760; x_wconf 90' lang='lat' dir='ltr'>in</span> <span class='ocrx_word' id='word_1_194' title='bbox 927 2697 987 2761; x_wconf 91' lang='lat' dir='ltr'>hoo</span> <span class='ocrx_word' id='word_1_195' title='bbox 1008 2718 1136 2781; x_wconf 84' lang='lat' dir='ltr'>genere.</span> <span class='ocrx_word' id='word_1_196' title='bbox 1160 2733 1202 2744; x_wconf 93' lang='lat'><em>-</em></span> <span class='ocrx_word' id='word_1_197' title='bbox 1224 2695 1279 2778; x_wconf 81' lang='lat'>92)</span> <span class='ocrx_word' id='word_1_198' title='bbox 1301 2694 1376 2758; x_wconf 90' lang='lat' dir='ltr'>Dio-</span> 
     </span>
     <span class='ocr_line' id='line_1_23' title="bbox 235 2805 1377 2892; baseline -0.001 -22"><span class='ocrx_word' id='word_1_199' title='bbox 235 2829 335 2892; x_wconf 82' lang='lat' dir='ltr'>genes</span> <span class='ocrx_word' id='word_1_200' title='bbox 357 2808 463 2872; x_wconf 82' lang='lat' dir='ltr'>Laert.</span> <span class='ocrx_word' id='word_1_201' title='bbox 487 2808 519 2890; x_wconf 90' lang='lat'>1,</span> <span class='ocrx_word' id='word_1_202' title='bbox 544 2807 585 2872; x_wconf 86' lang='grc'>68</span> <span class='ocrx_word' id='word_1_203' title='bbox 612 2808 651 2871; x_wconf 89' lang='lat' dir='ltr'>de</span> <span class='ocrx_word' id='word_1_204' title='bbox 675 2807 858 2873; x_wconf 78' lang='lat' dir='ltr'>Chilone:</span> <span class='ocrx_word' id='word_1_205' title='bbox 887 2806 984 2871; x_wconf 72' lang='grc' dir='ltr'>οὗτοι</span> <span class='ocrx_word' id='word_1_206' title='bbox 1005 2806 1152 2884; x_wconf 85' lang='grc' dir='ltr'>ἐποίηεεν</span> <span class='ocrx_word' id='word_1_207' title='bbox 1181 2805 1305 2880; x_wconf 78' lang='grc' dir='ltr'>ἐ’λεγεία</span> <span class='ocrx_word' id='word_1_208' title='bbox 1333 2805 1377 2870; x_wconf 80' lang='grc' dir='ltr'>εἰ(</span> 
     </span>
     <span class='ocr_line' id='line_1_24' title="bbox 235 2914 1377 3002; baseline -0.004 -20"><span class='ocrx_word' id='word_1_209' title='bbox 235 2918 308 2997; x_wconf 84' lang='grc' dir='ltr'>ἔπη</span> <span class='ocrx_word' id='word_1_210' title='bbox 337 2919 524 2983; x_wconf 85' lang='grc' dir='ltr'>διακόεια.</span> <span class='ocrx_word' id='word_1_211' title='bbox 546 2954 587 2965; x_wconf 84' lang='grc'>-</span> <span class='ocrx_word' id='word_1_212' title='bbox 609 2917 664 3002; x_wconf 87' lang='lat'>93)</span> <span class='ocrx_word' id='word_1_213' title='bbox 687 2916 776 2980; x_wconf 89' lang='lat' dir='ltr'>Idem</span> <span class='ocrx_word' id='word_1_214' title='bbox 804 2916 835 2999; x_wconf 79' lang='grc' dir='ltr'>Ι,</span> <span class='ocrx_word' id='word_1_215' title='bbox 866 2915 907 2981; x_wconf 88' lang='lat'>95</span> <span class='ocrx_word' id='word_1_216' title='bbox 934 2915 973 2978; x_wconf 92' lang='lat' dir='ltr'>de</span> <span class='ocrx_word' id='word_1_217' title='bbox 1001 2914 1160 2979; x_wconf 69' lang='lat' dir='ltr'>Biante:</span> <span class='ocrx_word' id='word_1_218' title='bbox 1188 2914 1316 2993; x_wconf 80' lang='grc' dir='ltr'>ἑποίηεε</span> <span class='ocrx_word' id='word_1_219' title='bbox 1341 2917 1377 2978; x_wconf 81' lang='grc' dir='ltr'>δὲ</span> 
     </span>
     <span class='ocr_line' id='line_1_25' title="bbox 235 3023 1376 3107; baseline -0.004 -16"><span class='ocrx_word' id='word_1_220' title='bbox 235 3028 308 3107; x_wconf 86' lang='grc' dir='ltr'>περὶ</span> <span class='ocrx_word' id='word_1_221' title='bbox 336 3027 470 3104; x_wconf 83' lang='grc' dir='ltr'>Ἰωνίαε,</span> <span class='ocrx_word' id='word_1_222' title='bbox 502 3028 573 3091; x_wconf 91' lang='grc' dir='ltr'>τίνα</span> <span class='ocrx_word' id='word_1_223' title='bbox 600 3027 746 3106; x_wconf 80' lang='grc' dir='ltr'>μάλιετα</span> <span class='ocrx_word' id='word_1_224' title='bbox 764 3027 803 3091; x_wconf 85' lang='grc' dir='ltr'>ἂν</span> <span class='ocrx_word' id='word_1_225' title='bbox 829 3026 954 3105; x_wconf 89' lang='grc' dir='ltr'>τρόπον</span> <span class='ocrx_word' id='word_1_226' title='bbox 983 3024 1199 3103; x_wconf 82' lang='grc' dir='ltr'>εὐδαιμονοίη,</span> <span class='ocrx_word' id='word_1_227' title='bbox 1234 3023 1277 3089; x_wconf 74' lang='grc' dir='ltr'>εἰ(</span> <span class='ocrx_word' id='word_1_228' title='bbox 1304 3025 1376 3101; x_wconf 81' lang='grc' dir='ltr'>ἔπη</span> 
     </span>
     <span class='ocr_line' id='line_1_26' title="bbox 236 3133 1377 3219; baseline -0.004 -19"><span class='ocrx_word' id='word_1_229' title='bbox 236 3137 419 3216; x_wconf 85' lang='grc' dir='ltr'>διεχίλια.</span> <span class='ocrx_word' id='word_1_230' title='bbox 440 3173 482 3184; x_wconf 87' lang='grc'>-</span> <span class='ocrx_word' id='word_1_231' title='bbox 504 3135 559 3219; x_wconf 88' lang='grc'>94)</span> <span class='ocrx_word' id='word_1_232' title='bbox 582 3135 716 3218; x_wconf 88' lang='lat' dir='ltr'>IdemI‚</span> <span class='ocrx_word' id='word_1_233' title='bbox 741 3136 780 3199; x_wconf 81' lang='lat'>97</span> <span class='ocrx_word' id='word_1_234' title='bbox 803 3135 843 3198; x_wconf 92' lang='lat' dir='ltr'>de</span> <span class='ocrx_word' id='word_1_235' title='bbox 870 3133 1105 3198; x_wconf 79' lang='lat' dir='ltr'>Periandro:</span> <span class='ocrx_word' id='word_1_236' title='bbox 1128 3133 1255 3212; x_wconf 83' lang='grc' dir='ltr'>ἐποίηεε</span> <span class='ocrx_word' id='word_1_237' title='bbox 1277 3135 1377 3199; x_wconf 79' lang='grc' dir='ltr'>δὲκαὶ</span> 
     </span>
     <span class='ocr_line' id='line_1_27' title="bbox 236 3223 1376 3324; baseline -0.003 -15"><span class='ocrx_word' id='word_1_238' title='bbox 236 3245 397 3324; x_wconf 87' lang='grc' dir='ltr'>ὑποθήκαε</span> <span class='ocrx_word' id='word_1_239' title='bbox 420 3245 463 3310; x_wconf 74' lang='grc' dir='ltr'>εἰ(</span> <span class='ocrx_word' id='word_1_240' title='bbox 486 3245 557 3322; x_wconf 85' lang='grc' dir='ltr'>ἔπη</span> <span class='ocrx_word' id='word_1_241' title='bbox 580 3245 756 3324; x_wconf 86' lang='grc' dir='ltr'>διεχίλιοι.</span> <span class='ocrx_word' id='word_1_242' title='bbox 799 3223 882 3308; x_wconf 76' lang='lat' dir='ltr'>Item</span> <span class='ocrx_word' id='word_1_243' title='bbox 905 3242 1018 3308; x_wconf 84' lang='lat' dir='ltr'>Suides</span> <span class='ocrx_word' id='word_1_244' title='bbox 1040 3264 1070 3305; x_wconf 88' lang='grc' dir='ltr'>ν.</span> <span class='ocrx_word' id='word_1_245' title='bbox 1093 3243 1308 3323; x_wconf 69' lang='grc' dir='ltr'>Περίανδρος·</span> <span class='ocrx_word' id='word_1_246' title='bbox 1324 3293 1330 3306; x_wconf 94' lang='grc'><strong>.</strong></span> <span class='ocrx_word' id='word_1_247' title='bbox 1347 3292 1376 3306; x_wconf 92' lang='grc'>..</span> 
     </span>
     <span class='ocr_line' id='line_1_28' title="bbox 235 3352 1374 3434; baseline -0.005 -14"><span class='ocrx_word' id='word_1_248' title='bbox 235 3355 379 3434; x_wconf 80' lang='grc' dir='ltr'>ἔγραψεν</span> <span class='ocrx_word' id='word_1_249' title='bbox 408 3355 569 3432; x_wconf 81' lang='grc' dir='ltr'>ὑποθήκαε</span> <span class='ocrx_word' id='word_1_250' title='bbox 596 3354 640 3418; x_wconf 74' lang='grc' dir='ltr'>εἰ(</span> <span class='ocrx_word' id='word_1_251' title='bbox 667 3355 725 3419; x_wconf 89' lang='grc' dir='ltr'>τόν</span> <span class='ocrx_word' id='word_1_252' title='bbox 753 3353 956 3433; x_wconf 85' lang='grc' dir='ltr'>ἀνθρώπειον</span> <span class='ocrx_word' id='word_1_253' title='bbox 990 3353 1061 3432; x_wconf 91' lang='grc' dir='ltr'>βίον</span> <span class='ocrx_word' id='word_1_254' title='bbox 1089 3352 1160 3430; x_wconf 80' lang='grc' dir='ltr'>ἔπη</span> <span class='ocrx_word' id='word_1_255' title='bbox 1191 3352 1374 3431; x_wconf 77' lang='grc' dir='ltr'>διεχίλιαι</span> 
     </span>
     <span class='ocr_line' id='line_1_29' title="bbox 235 3459 1228 3546; baseline -0.003 -20"><span class='ocrx_word' id='word_1_256' title='bbox 235 3463 291 3526; x_wconf 91' lang='lat' dir='ltr'>ubi</span> <span class='ocrx_word' id='word_1_257' title='bbox 313 3465 356 3528; x_wconf 81' lang='grc' dir='ltr'>εἰ(</span> <span class='ocrx_word' id='word_1_258' title='bbox 378 3464 438 3542; x_wconf 88' lang='grc' dir='ltr'>ἔπη</span> <span class='ocrx_word' id='word_1_259' title='bbox 461 3461 630 3546; x_wconf 85' lang='lat' dir='ltr'>Menagius</span> <span class='ocrx_word' id='word_1_260' title='bbox 652 3465 780 3546; x_wconf 75' lang='lat' dir='ltr'>praeter</span> <span class='ocrx_word' id='word_1_261' title='bbox 801 3461 1026 3526; x_wconf 75' lang='lat' dir='ltr'>necessitatem</span> <span class='ocrx_word' id='word_1_262' title='bbox 1048 3459 1228 3544; x_wconf 75' lang='lat' dir='ltr'>expetebat.</span> 
     </span>
    </p>

    <p class='ocr_par' dir='ltr' id='par_1_3' title="bbox 236 3568 1436 4311">
     <span class='ocr_line' id='line_1_30' title="bbox 320 3568 1377 3655; baseline -0.004 -21"><span class='ocrx_word' id='word_1_263' title='bbox 320 3574 350 3635; x_wconf 79' lang='lat'>2.</span> <span class='ocrx_word' id='word_1_264' title='bbox 374 3571 402 3635; x_wconf 87' lang='grc' dir='ltr'>Ε</span> <span class='ocrx_word' id='word_1_265' title='bbox 425 3592 538 3655; x_wconf 84' lang='lat' dir='ltr'>prosae</span> <span class='ocrx_word' id='word_1_266' title='bbox 561 3572 714 3635; x_wconf 77' lang='lat' dir='ltr'>orationis</span> <span class='ocrx_word' id='word_1_267' title='bbox 737 3571 943 3654; x_wconf 81' lang='lat' dir='ltr'>scriptoribus</span> <span class='ocrx_word' id='word_1_268' title='bbox 965 3570 1044 3634; x_wconf 88' lang='lat' dir='ltr'>haec</span> <span class='ocrx_word' id='word_1_269' title='bbox 1066 3568 1233 3652; x_wconf 76' lang='lat' dir='ltr'>habemus,</span> <span class='ocrx_word' id='word_1_270' title='bbox 1263 3568 1377 3651; x_wconf 86' lang='lat' dir='ltr'>quibus</span> 
     </span>
     <span class='ocr_line' id='line_1_31' title="bbox 236 3675 1377 3765; baseline -0.006 -19"><span class='ocrx_word' id='word_1_271' title='bbox 236 3682 313 3746; x_wconf 84' lang='lat' dir='ltr'>oiim</span> <span class='ocrx_word' id='word_1_272' title='bbox 346 3682 472 3765; x_wconf 79' lang='lat' dir='ltr'>prolata</span> <span class='ocrx_word' id='word_1_273' title='bbox 500 3682 715 3762; x_wconf 78' lang='grc' dir='ltr'>,ττιχομετρίαε</span> <span class='ocrx_word' id='word_1_274' title='bbox 748 3681 893 3764; x_wconf 85' lang='lat' dir='ltr'>exempla</span> <span class='ocrx_word' id='word_1_275' title='bbox 927 3701 1110 3764; x_wconf 82' lang='lat' dir='ltr'>augeamus.</span> <span class='ocrx_word' id='word_1_276' title='bbox 1161 3678 1215 3762; x_wconf 82' lang='lat'>95)</span> <span class='ocrx_word' id='word_1_277' title='bbox 1243 3675 1377 3740; x_wconf 79' lang='lat' dir='ltr'>Photius</span> 
     </span>
     <span class='ocr_line' id='line_1_32' title="bbox 237 3786 1376 3873; baseline -0.005 -19"><span class='ocrx_word' id='word_1_278' title='bbox 237 3790 456 3854; x_wconf 76' lang='lat' dir='ltr'>Bibliothecae</span> <span class='ocrx_word' id='word_1_279' title='bbox 480 3790 548 3854; x_wconf 91' lang='lat' dir='ltr'>cod.</span> <span class='ocrx_word' id='word_1_280' title='bbox 574 3789 635 3854; x_wconf 86' lang='grc'>176</span> <span class='ocrx_word' id='word_1_281' title='bbox 656 3813 688 3873; x_wconf 89' lang='lat' dir='ltr'>p.</span> <span class='ocrx_word' id='word_1_282' title='bbox 714 3790 822 3872; x_wconf 76' lang='grc'>1201),</span> <span class='ocrx_word' id='word_1_283' title='bbox 850 3789 892 3853; x_wconf 88' lang='lat'>30</span> <span class='ocrx_word' id='word_1_284' title='bbox 914 3787 1015 3852; x_wconf 83' lang='lat' dir='ltr'>Bekk.</span> <span class='ocrx_word' id='word_1_285' title='bbox 1044 3787 1083 3851; x_wconf 88' lang='lat' dir='ltr'>de</span> <span class='ocrx_word' id='word_1_286' title='bbox 1110 3786 1376 3869; x_wconf 87' lang='lat' dir='ltr'>Theopompo:</span> 
     </span>
     <span class='ocr_line' id='line_1_33' title="bbox 236 3895 1436 3981; baseline -0.006 -17"><span class='ocrx_word' id='word_1_287' title='bbox 236 3900 426 3980; x_wconf 85' lang='grc' dir='ltr'>ευνοικμὰεαι</span> <span class='ocrx_word' id='word_1_288' title='bbox 440 3902 476 3965; x_wconf 83' lang='grc' dir='ltr'>δὲ</span> <span class='ocrx_word' id='word_1_289' title='bbox 499 3900 582 3975; x_wconf 88' lang='grc' dir='ltr'>λέγει</span> <span class='ocrx_word' id='word_1_290' title='bbox 598 3900 695 3964; x_wconf 81' lang='grc' dir='ltr'>αὐτὸ(</span> <span class='ocrx_word' id='word_1_291' title='bbox 719 3899 834 3963; x_wconf 88' lang='grc' dir='ltr'>ἑαυτὸν</span> <span class='ocrx_word' id='word_1_292' title='bbox 850 3899 1013 3978; x_wconf 85' lang='grc' dir='ltr'>Ἰεοκράτει</span> <span class='ocrx_word' id='word_1_293' title='bbox 1034 3919 1068 3963; x_wconf 92' lang='grc' dir='ltr'>τε</span> <span class='ocrx_word' id='word_1_294' title='bbox 1086 3903 1133 3981; x_wconf 85' lang='grc' dir='ltr'>τῷ</span> <span class='ocrx_word' id='word_1_295' title='bbox 1156 3895 1311 3978; x_wconf 87' lang='grc' dir='ltr'>Ἀθηναίῳ</span> <span class='ocrx_word' id='word_1_296' title='bbox 1327 3895 1377 3958; x_wconf 87' lang='grc' dir='ltr'>καὶ</span> <span class='ocrx_word' id='word_1_297' title='bbox 1432 3917 1436 3926; x_wconf 93' lang='grc'><strong><em>·</em></strong></span> 
     </span>
     <span class='ocr_line' id='line_1_34' title="bbox 237 4004 1375 4095; baseline -0.006 -21"><span class='ocrx_word' id='word_1_298' title='bbox 237 4011 397 4095; x_wconf 83' lang='grc' dir='ltr'>Θεοδέκτῃ</span> <span class='ocrx_word' id='word_1_299' title='bbox 419 4015 465 4092; x_wconf 85' lang='grc' dir='ltr'>τῷ</span> <span class='ocrx_word' id='word_1_300' title='bbox 489 4009 646 4092; x_wconf 84' lang='grc' dir='ltr'>Φαιηλίτῃ</span> <span class='ocrx_word' id='word_1_301' title='bbox 669 4010 719 4072; x_wconf 85' lang='grc' dir='ltr'>καὶ</span> <span class='ocrx_word' id='word_1_302' title='bbox 742 4009 916 4087; x_wconf 86' lang='grc' dir='ltr'>Ναυκράτει</span> <span class='ocrx_word' id='word_1_303' title='bbox 940 4015 986 4091; x_wconf 83' lang='grc' dir='ltr'>τῷ</span> <span class='ocrx_word' id='word_1_304' title='bbox 1009 4006 1197 4089; x_wconf 83' lang='grc' dir='ltr'>Ἐρυθραίιμ,</span> <span class='ocrx_word' id='word_1_305' title='bbox 1225 4007 1275 4068; x_wconf 82' lang='grc' dir='ltr'>καὶ</span> <span class='ocrx_word' id='word_1_306' title='bbox 1302 4004 1375 4069; x_wconf 92' lang='grc' dir='ltr'>τού-</span> 
     </span>
     <span class='ocr_line' id='line_1_35' title="bbox 236 4113 1376 4202; baseline -0.005 -18"><span class='ocrx_word' id='word_1_307' title='bbox 236 4139 312 4184; x_wconf 77' lang='grc' dir='ltr'>του(</span> <span class='ocrx_word' id='word_1_308' title='bbox 341 4119 404 4199; x_wconf 86' lang='grc' dir='ltr'>ἅμα</span> <span class='ocrx_word' id='word_1_309' title='bbox 431 4119 519 4202; x_wconf 83' lang='grc' dir='ltr'>αὐτῷ</span> <span class='ocrx_word' id='word_1_310' title='bbox 548 4119 587 4183; x_wconf 87' lang='grc' dir='ltr'>τὰ</span> <span class='ocrx_word' id='word_1_311' title='bbox 613 4121 755 4198; x_wconf 86' lang='grc' dir='ltr'>πρωτεῖα</span> <span class='ocrx_word' id='word_1_312' title='bbox 781 4121 837 4195; x_wconf 87' lang='grc' dir='ltr'>τῆε</span> <span class='ocrx_word' id='word_1_313' title='bbox 865 4117 901 4182; x_wconf 90' lang='grc' dir='ltr'>ἐν</span> <span class='ocrx_word' id='word_1_314' title='bbox 928 4116 1037 4191; x_wconf 80' lang='grc' dir='ltr'>λόγοι(</span> <span class='ocrx_word' id='word_1_315' title='bbox 1065 4115 1208 4180; x_wconf 78' lang='grc' dir='ltr'>παιδεία(</span> <span class='ocrx_word' id='word_1_316' title='bbox 1233 4113 1376 4192; x_wconf 84' lang='grc' dir='ltr'>ἔχειν.ἐν</span> 
     </span>
     <span class='ocr_line' id='line_1_36' title="bbox 236 4223 1376 4311; baseline -0.006 -18"><span class='ocrx_word' id='word_1_317' title='bbox 236 4231 304 4293; x_wconf 84' lang='grc' dir='ltr'>τοῑε</span> <span class='ocrx_word' id='word_1_318' title='bbox 325 4230 487 4307; x_wconf 82' lang='grc' dir='ltr'>Ἓλλητιν,</span> <span class='ocrx_word' id='word_1_319' title='bbox 513 4230 545 4291; x_wconf 79' lang='lat' dir='ltr'>et</span> <span class='ocrx_word' id='word_1_320' title='bbox 566 4227 674 4311; x_wconf 90' lang='lat' dir='ltr'>paullo</span> <span class='ocrx_word' id='word_1_321' title='bbox 696 4229 783 4308; x_wconf 78' lang='lat' dir='ltr'>posi:</span> <span class='ocrx_word' id='word_1_322' title='bbox 811 4227 861 4290; x_wconf 86' lang='grc' dir='ltr'>καὶ</span> <span class='ocrx_word' id='word_1_323' title='bbox 883 4226 929 4289; x_wconf 82' lang='grc' dir='ltr'>ωε</span> <span class='ocrx_word' id='word_1_324' title='bbox 951 4225 1010 4290; x_wconf 89' lang='grc' dir='ltr'>οὐκ</span> <span class='ocrx_word' id='word_1_325' title='bbox 1032 4225 1071 4288; x_wconf 84' lang='grc' dir='ltr'>ἂν</span> <span class='ocrx_word' id='word_1_326' title='bbox 1093 4223 1142 4303; x_wconf 82' lang='grc' dir='ltr'>εἴη</span> <span class='ocrx_word' id='word_1_327' title='bbox 1165 4223 1253 4307; x_wconf 84' lang='grc' dir='ltr'>αὐτῷ</span> <span class='ocrx_word' id='word_1_328' title='bbox 1275 4223 1376 4301; x_wconf 89' lang='grc' dir='ltr'>παρό-</span> 
     </span>
    </p>
   </div>
   <div class='ocr_carea' id='block_1_3' title="bbox 239 4333 1375 4502">
    <p class='ocr_par' dir='ltr' id='par_1_4' title="bbox 239 4333 1375 4502">
     <span class='ocr_line' id='line_1_37' title="bbox 239 4333 1375 4420; baseline -0.001 -21"><span class='ocrx_word' id='word_1_329' title='bbox 239 4339 338 4411; x_wconf 92' lang='grc' dir='ltr'>λογον</span> <span class='ocrx_word' id='word_1_330' title='bbox 368 4337 622 4420; x_wconf 84' lang='grc' dir='ltr'>ἀντιποιουμένῳ</span> <span class='ocrx_word' id='word_1_331' title='bbox 655 4343 722 4400; x_wconf 82' lang='grc' dir='ltr'>τῶν</span> <span class='ocrx_word' id='word_1_332' title='bbox 750 4336 930 4413; x_wconf 86' lang='grc' dir='ltr'>πρωτείων,</span> <span class='ocrx_word' id='word_1_333' title='bbox 958 4335 1017 4398; x_wconf 89' lang='grc' dir='ltr'>οὐκ</span> <span class='ocrx_word' id='word_1_334' title='bbox 1050 4334 1233 4398; x_wconf 84' lang='grc' dir='ltr'>ἐλαττόνων</span> <span class='ocrx_word' id='word_1_335' title='bbox 1266 4335 1323 4412; x_wconf 83' lang='grc' dir='ltr'>μὲν</span> <span class='ocrx_word' id='word_1_336' title='bbox 1357 4333 1375 4412; x_wconf 87' lang='grc' dir='ltr'>ἢ</span> 
     </span>
     <span class='ocr_line' id='line_1_38' title="bbox 290 4435 1173 4502; baseline -0.005 -13"><span class='ocrx_word' id='word_1_337' title='bbox 290 4455 333 4490; x_wconf 75' lang='lat' dir='ltr'>ru.</span> <span class='ocrx_word' id='word_1_338' title='bbox 354 4455 517 4489; x_wconf 70' lang='lat' dir='ltr'>circensem</span> <span class='ocrx_word' id='word_1_339' title='bbox 537 4453 683 4488; x_wconf 78' lang='lat' dir='ltr'>orosoonn</span> <span class='ocrx_word' id='word_1_340' title='bbox 696 4455 717 4491; x_wconf 87' lang='lat'>1.</span> <span class='ocrx_word' id='word_1_341' title='bbox 1136 4435 1173 4502; x_wconf 76' lang='grc'>12</span> 
     </span>
    </p>
   </div>
   <div class='ocr_carea' id='block_1_4' title="bbox 0 0 1633 5092">
    <p class='ocr_par' dir='ltr' id='par_1_5' title="bbox 0 0 1633 5092">
     <span class='ocr_line' id='line_1_39' title="bbox 0 0 1633 5092; baseline 0 0"><span class='ocrx_word' id='word_1_342' title='bbox 0 0 1633 5092; x_wconf 95' lang='lat' dir='ltr'> </span> 
     </span>
    </p>
   </div>
  </div>
 </body>
</html>
