3254 5092
633 369 670 414 m
693 368 975 417 asianorusssn.
1312 353 1373 418 231

321 518 382 586 Sed
404 519 439 583 in
462 519 511 584 his
534 519 660 602 quidem
682 521 787 585 minor
812 523 861 584 est
887 542 1074 605 graecorum
1097 545 1115 584 a
1137 522 1247 586 latinis
1270 522 1374 585 verbis
1392 539 1440 588 251

236 629 425 694 differentia.
471 629 576 714 Magis
605 630 689 694 enim
717 631 870 694 recedunt
896 653 933 694 ea
961 653 1041 715 quae
1070 631 1109 694 ad
1133 630 1321 696 Callimachi
1344 635 1375 694 et

236 738 460 803 Eratosthenis
477 739 575 804 vitam
597 740 777 822 spectantia
799 741 906 823 posuit
920 741 1046 805 Tzetza.
1085 741 1133 804 De
1155 742 1268 824 quibus
1291 742 1375 806 hanc

236 849 297 913 sibi
324 849 418 912 finxit
445 850 654 933 sententiam,
684 850 774 914 libris
797 873 816 913 a
839 849 1016 933 Zenodoto,
1048 851 1247 933 Alexandro,
1276 852 1374 933 Lyco-

237 960 357 1041 phrona
379 959 546 1023 recensitis
570 962 601 1023 et
632 961 666 1023 in
689 981 761 1024 eum
787 961 841 1043 qui
865 961 1031 1024 videbatur
1052 960 1197 1025 ordinem
1224 961 1372 1044 redactis,

236 1067 467 1133 Callimachum
495 1073 590 1152 atque
612 1069 874 1154 Eratosthenem,
904 1071 958 1154 qui
986 1071 1116 1134 iuvenes
1143 1073 1221 1134 tunc
1243 1071 1277 1134 in
1301 1070 1374 1134 aula

235 1177 325 1261 regia
341 1181 560 1261 versarentur,
585 1201 657 1243 suas
673 1181 848 1263 suscepisse
871 1180 1068 1263 provincias,
1094 1181 1174 1244 alter
1194 1185 1230 1244 ut
1252 1180 1373 1244 indices

234 1287 387 1352 librorum
409 1292 629 1372 componeret,
660 1290 741 1354 alter
768 1294 804 1353 ut
833 1290 1045 1354 bibliothecae
1073 1294 1243 1373 praeesset.
1290 1289 1374 1354 Nam

235 1397 317 1481 quod
329 1397 576 1463 Eratosthenem
592 1421 714 1483 quoque
730 1400 764 1463 in
779 1399 869 1464 libris
881 1399 1084 1464 recensendis
1099 1400 1200 1464 tribus
1216 1421 1374 1485 gramma-

234 1507 307 1572 ticis
323 1507 450 1572 affirisse
472 1508 598 1572 dixerat
619 1510 653 1572 in
675 1509 781 1592 priore
796 1510 973 1592 prooemio,
997 1510 1178 1593 improbare
1192 1510 1318 1574 videtur
1339 1512 1373 1574 in

235 1616 335 1680 altero
358 1617 440 1684 ἀλλὰ
461 1620 500 1683 τὰ
522 1621 579 1697 μὲν
597 1619 797 1698 Καλλιμάχου
813 1640 880 1701 sqq.
921 1617 984 1682 Vix
999 1619 1104 1682 minus
1126 1619 1272 1682 fabulosa
1294 1619 1373 1684 haec

234 1725 337 1810 dicas,
372 1749 467 1810 quam
495 1749 575 1810 quae
603 1727 642 1791 de
671 1727 781 1792 eodem
814 1732 1004 1812 argumento
1038 1728 1207 1792 memoriae
1240 1728 1373 1792 tradidit

234 1835 399 1900 Vitruvius
420 1836 483 1900 Vll
511 1838 631 1920 praef,
662 1837 820 1921 castigata
847 1837 1039 1902 afllintono
1067 1837 1143 1902 fast.
1173 1838 1300 1903 Hellen.
1324 1838 1373 1902 III

234 1968 265 2028 p.
289 1946 362 2012 387.
407 1945 532 2030 Duplex
555 1948 641 2011 enim
667 1947 753 2010 inest
775 1968 877 2029 error,
906 1947 1044 2030 primum
1071 1947 1154 2031 quod
1177 1947 1372 2012 Zenodctum

235 2059 310 2120 ante
325 2055 572 2121 Eratosthenem
593 2057 806 2121 bibliothecae
821 2057 997 2140 praefuisse
1013 2055 1126 2122 Suidas
1142 2080 1171 2121 v.
1187 2059 1372 2137 Ζηνόδοτος

233 2166 348 2247 refert,
372 2165 486 2230 deinde
508 2166 591 2250 quod
613 2167 843 2230 Eratosthenes
870 2171 952 2230 teste
981 2166 1090 2231 eodem
1113 2168 1210 2233 Stude
1232 2191 1261 2231 v.
1287 2171 1371 2247 Ἐρα-

233 2277 383 2355 rotherus
398 2279 477 2358 tum,
494 2298 565 2340 cum
580 2276 808 2359 Philadelphus
823 2277 1049 2340 bibliothecam
1066 2277 1225 2360 conderet,
1242 2277 1371 2341 vixdum

233 2389 344 2467 natus,
368 2385 409 2448 ab
431 2385 593 2470 Euergeta
615 2386 741 2450 demum
764 2387 900 2449 Athenis
924 2386 1093 2450 arcessitus
1117 2391 1165 2449 est
1194 2389 1216 2470 ).

233 2612 351 2681 eogitari
368 2614 474 2682 potest:
498 2630 553 2680 qua
571 2614 708 2668 sententia
729 2613 804 2667 haud
822 2613 879 2668 scio
898 2630 933 2666 au
956 2613 1057 2668 rectius
1079 2615 1189 2678 hulme,
1213 2612 1287 2679 quod
1310 2613 1371 2667 aliis

233 2705 370 2773 placuisse
388 2705 481 2770 video,
505 2704 654 2772 scribatur,
679 2709 710 2759 ut
727 2705 763 2760 sit
782 2709 821 2761 rb<
839 2709 937 2762 aalma
957 2707 1055 2762 εἰπεῖν.
1091 2705 1216 2772 Denique
1234 2703 1371 2759 ascribam

234 2797 348 2852 Matteri
359 2799 446 2852 verba
458 2797 591 2852 ‘Histoire
610 2799 643 2852 de
661 2799 757 2853 l’ecole
775 2798 978 2852 d'Alexandrie’
991 2801 1010 2851 t.
1026 2805 1037 2852 1
1052 2817 1079 2868 p.
1095 2803 1142 2853 143
1155 2797 1197 2852 ed.
1211 2804 1238 2850 2:
1269 2798 1371 2852 ‘Notre

233 2889 368 2957 lnconnn,
387 2890 434 2958 qui
451 2907 468 2944 a
486 2909 523 2960 pu
542 2891 635 2960 copier
654 2909 688 2944 en
706 2893 750 2944 cet
768 2891 878 2945 endroit
894 2890 1064 2958 Callimaque
1081 2908 1118 2946 ou
1135 2909 1172 2944 un
1190 2891 1318 2945 scoliaste
1337 2891 1371 2946 de

232 2982 349 3038 l'auteur
372 2983 409 3036 du
426 2983 533 3048 Muses,
557 3001 591 3036 en
609 2987 714 3037 venant
735 2983 804 3038 faire
822 3001 876 3038 une
899 2983 1060 3037 distinction
1083 2983 1207 3038 formella
1229 2984 1307 3038 entre
1331 2984 1370 3038 les

233 3076 356 3130 volnmes
376 3076 501 3144 simplas,
525 3078 622 3142 ἀμιγᾶ,
646 3076 784 3130 volumina
802 3075 937 3145 simplicia
956 3077 984 3130 et
1002 3075 1125 3144 digesta,
1144 3079 1173 3130 et
1189 3077 1229 3130 les
1247 3077 1370 3130 volumes

235 3168 407 3235 commiades,
442 3175 573 3236 ευμμιγᾱ,
608 3168 712 3223 semble
745 3169 889 3238 expliquer
917 3169 943 3222 le
972 3171 1061 3223 terme
1092 3168 1126 3223 de
1160 3169 1248 3234 βιβλία
1277 3172 1372 3224 hatto

235 3261 398 3328 qu'emploie
415 3261 580 3328 Plutarque‚
604 3261 673 3315 dans
694 3262 721 3315 le
743 3279 805 3316 sens
828 3261 993 3329 d'cuvrages
1017 3261 1085 3315 dont
1107 3261 1133 3315 le
1156 3261 1372 3330 depouillement

234 3353 357 3418 satiust,
375 3353 444 3408 dont
459 3353 611 3422 l'integrite
629 3356 659 3408 et
674 3353 876 3408 l'authenticite
895 3355 958 3408 sont
975 3355 1110 3420 arretdes,
1135 3353 1204 3407 dont
1219 3356 1312 3408 tontes
1330 3355 1371 3408 les

233 3446 325 3514 pisces
342 3448 512 3501 faussement
530 3446 683 3501 attribuees
702 3449 719 3500 h
736 3448 853 3500 l'auteur
871 3449 920 3502 ont
938 3448 982 3500 ete
1001 3449 1123 3502 e'oartem
1145 3463 1197 3515 par
1218 3447 1259 3500 les
1278 3445 1371 3500 Chori-

233 3541 342 3604 zontes,
361 3557 394 3593 en
413 3557 450 3592 un
463 3541 534 3604 mot,
554 3539 600 3606 qui
613 3541 663 3594 ont
680 3543 762 3608 passe
776 3557 822 3592 sur
839 3540 868 3592 la
885 3539 1056 3608 planchette,
1076 3541 1123 3604 od,
1142 3539 1253 3591 suivant
1265 3538 1371 3604 (balian,

234 3649 268 3686 on
287 3632 416 3700 deposuit
438 3632 478 3685 les
496 3649 632 3700 ouvrages
651 3631 791 3686 examines
815 3635 845 3685 et
867 3632 935 3686 dont
953 3631 1026 3684 enfin
1048 3647 1083 3685 on
1105 3648 1139 3684 ne
1164 3630 1298 3699 comptait
1318 3649 1370 3699 pas

233 3723 272 3778 les
290 3724 426 3778 doubles’
463 3724 644 3792 Opinionibus
662 3724 752 3793 magis
771 3741 856 3791 quam
874 3723 1045 3792 argumentis
1068 3725 1149 3788 haec,
1173 3723 1243 3775 sicut
1264 3722 1371 3791 reliqua

234 3833 304 3884 quae
323 3817 357 3871 de
376 3818 429 3871 hoc
446 3820 612 3884 argumento
629 3816 703 3871 idem
723 3817 841 3886 scriptor
860 3817 1032 3871 commentus
1050 3819 1106 3880 est,
1123 3815 1256 3869 nituntur.

293 3911 318 3976 *t
328 3909 390 3963 Non
401 3911 461 3962 erat
471 3926 518 3962 cur
530 3908 609 3962 huius
621 3910 789 3964 namatioms
802 3909 884 3964 fidem
894 3911 1016 3964 elevaret
1025 3907 1219 3975 Bernhardyus
1228 3907 1368 3962 Eratosth.

233 4019 258 4070 p.
278 4001 342 4054 VlIl
361 4004 391 4055 et
410 4006 453 4068 16,
476 4004 626 4070 propterca
648 4001 722 4068 quod
740 4019 790 4070 per
807 4003 891 4057 breve
912 4003 1021 4056 tantum
1044 4004 1154 4070 tempus
1172 4001 1370 4056 Eratosthenes

233 4094 349 4148 Athenis
373 4097 559 4149 commoratus
583 4097 664 4148 esset.
704 4095 775 4148 Nam
799 4096 873 4162 quod
896 4095 975 4148 huius
999 4095 1153 4149 sententiae
1175 4097 1369 4162 argumentum

232 4187 338 4254 posuit,
356 4187 535 4242 Polemonem
553 4188 654 4240 librum
674 4192 737 4254 περὶ
755 4195 806 4254 τῆ(
821 4190 967 4255 Ἀθήνηειν
987 4187 1196 4254 Ἐρατοεθένουε
1215 4186 1370 4254 ἀποδημία(

232 4277 395 4349 inscriptum
415 4280 602 4349 composuisse
622 4279 717 4346 (schol.
736 4280 875 4349 Aristoph.
895 4283 944 4334 Av.
966 4285 1014 4344 11),
1033 4296 1087 4346 quo
1105 4297 1167 4333 eum
1186 4278 1296 4333 omnino
1314 4297 1370 4334 non

232 4370 317 4426 f'uisse
335 4371 365 4424 in
383 4371 430 4426 illa
448 4373 516 4426 urbe
535 4373 695 4428 ostenderet
713 4375 756 4440 (cf.
776 4371 878 4428 Strabo
895 4375 908 4426 Ι
926 4392 952 4442 p.
974 4376 1024 4440 15),
1041 4373 1070 4426 id
1093 4373 1133 4426 ita
1155 4372 1247 4443 potius
1269 4373 1369 4429 intelli·
