3226 5096
276 336 337 398 142
577 351 828 398 oououunmvu
850 351 1120 401 nrsrvrarrorus

358 504 533 568 Attulimus
556 525 593 567 eu
616 507 823 589 argumenta,
848 492 961 588 quibus¹
983 527 1046 570 non
1067 505 1268 569 mediocriter
1283 505 1418 590 infringi

273 614 364 678 istius
386 616 586 696 διορθώεεωε
608 615 704 678 fidem
726 636 808 679 unus
830 615 962 700 quisquc
985 616 1112 680 sentiet.
1158 615 1275 691 Quodsi
1298 615 1418 699 aliquid

273 725 371 789 etiam
385 725 420 789 in
436 727 496 789 hoo
511 747 628 810 genere
645 746 737 808 posse
750 725 971 789 Alexandrum
986 747 1057 790 eum
1069 726 1277 810 Lycophrona
1292 726 1417 809 pericli-

273 839 376 900 tatum
399 858 467 900 esse
490 836 636 900 nolumus
652 834 845 899 obstinatius
869 857 1046 920 pernegare
1061 835 1096 900 in
1117 836 1218 900 tantis
1240 835 1418 900 studiorum

273 946 399 1009 illorum
420 946 578 1010 tenebris:
602 945 705 1010 eidem
732 949 843 1010 tamen
871 946 1087 1032 intellegimus
1114 946 1229 1010 mirum
1262 951 1418 1030 quantum

273 1056 365 1120 huius
387 1057 558 1120 memoriae
581 1059 614 1120 et
640 1055 830 1120 tenuitatem
860 1060 892 1121 et
915 1057 1143 1120 obscuritatem
1170 1057 1300 1121 alterius
1328 1058 1416 1122 testi-

273 1166 372 1230 monii
395 1166 620 1230 commoditate
643 1169 738 1249 atque
761 1166 921 1230 evidentia
943 1167 1097 1250 superari.
1135 1167 1226 1231 Nihil
1248 1171 1297 1230 est
1319 1168 1414 1248 enim,

273 1277 354 1360 quod
383 1276 417 1340 in
445 1276 530 1342 illius
558 1276 674 1341 aetatis
701 1277 948 1360 grammaticum
975 1263 1079 1363 magis
1109 1277 1219 1358 cadat,
1255 1299 1350 1362 quam
1378 1301 1415 1342 ea

273 1387 343 1470 ipsa
370 1387 552 1470 provincia,
581 1407 676 1470 quam
704 1407 776 1450 oum
805 1386 967 1451 Zenodoto
994 1387 1214 1452 Alexandrum
1236 1387 1414 1472 Lycophro-

272 1518 407 1581 nemque
429 1497 616 1561 sustinuisse
637 1495 805 1560 Plautinus
827 1497 1000 1562 scholiasta
1022 1497 1171 1581 prodidit.
1207 1497 1355 1581 Etenim,
1380 1503 1416 1563 ut

272 1607 312 1670 ad
328 1607 449 1692 reliqua
471 1607 578 1671 officia
598 1600 801 1692 grammatici
817 1607 948 1670 transiri
962 1612 1085 1690 posset,
1103 1608 1163 1672 hoc
1179 1610 1227 1672 est
1242 1608 1283 1672 ad
1298 1609 1415 1672 iustam

271 1718 511 1802 legitimamque
538 1719 722 1798 titudinem,
756 1718 916 1798 ἐξήγηειν,
945 1717 1042 1796 rotor
1072 1721 1105 1782 et
1131 1719 1245 1798 τέχνην
1273 1740 1414 1800 γραμμα-

271 1831 374 1908 τικήν,
396 1831 524 1912 praeter
540 1833 645 1892 cetera
661 1828 835 1892 curandum
851 1828 1030 1910 illuderet,
1055 1831 1106 1910 ut,
1130 1850 1208 1912 quas
1225 1849 1414 1913 graecarum

272 1939 452 2002 litterarum
480 1938 603 2022 copias,
631 1939 748 2022 ubique
776 1943 933 2003 terrarum
960 1941 1058 2002 antea
1085 1937 1256 2020 dissipatas
1279 1940 1413 2003 necdum

271 2049 313 2112 ab
340 2071 404 2112 uuo
427 2049 555 2112 homine
583 2049 677 2132 plene
700 2071 849 2133 umquam
877 2048 1024 2133 cognitas
1047 2049 1096 2112 vel
1124 2048 1218 2112 simul
1244 2053 1411 2130 tractatas,

271 2159 325 2221 illo
347 2162 489 2242 tempore
511 2159 649 2242 primum
670 2159 760 2244 regia
782 2158 1003 2222 munificentia
1024 2179 1123 2222 unum
1145 2158 1180 2222 in
1207 2159 1311 2222 locum
1340 2180 1413 2223 con-

270 2273 430 2353 gesserat,
465 2291 520 2334 eae
553 2273 589 2333 ut
620 2291 745 2334 rursum
784 2291 822 2332 ex
856 2269 934 2332 artis
966 2267 1145 2332 rationibus
1179 2267 1411 2353 digererentur,

271 2379 457 2464 diligentius
480 2402 561 2464 quae
584 2379 754 2464 qualesque
778 2383 810 2442 et
832 2384 971 2462 quantae
993 2379 1124 2443 tandem
1140 2382 1247 2442 essent
1269 2379 1413 2462 explora-

270 2493 397 2573 rentur,
421 2491 592 2574 generibus
614 2489 802 2574 quibusdam
824 2493 857 2552 et
879 2489 1032 2553 classibus
1059 2492 1128 2552 tum
1155 2488 1410 2572 disposuerantur

269 2605 337 2664 tum
360 2600 636 2682 consociarentur,
660 2599 873 2682 perlustratae
896 2598 1048 2683 denique,
1073 2598 1281 2683 diiudicatae,
1309 2599 1411 2663 deter-

218 2727 251 2774 aa
269 2712 410 2775 minatae
439 2709 557 2774 chartis
585 2709 863 2794 consignarentur.
907 2708 956 2772 De
983 2730 1044 2793 quo
1073 2729 1138 2772 non
1165 2709 1290 2792 reperio
1318 2729 1412 2792 quem

269 2820 507 2904 intellegentius
530 2819 707 2902 disputasse
730 2841 826 2904 quam
847 2817 1052 2902 Rudolphum
1074 2817 1285 2882 Schmidtium
1306 2819 1411 2882 dicam

268 2929 506 2994 schediasmate
534 2929 573 2994 de
596 2927 886 2994 Alexandrinorum
913 2928 1125 3014 grammatica
1154 2928 1248 2992 Halis
1274 2949 1303 2992 a.
1330 2929 1409 2994 1837

268 3039 353 3103 edito
368 3061 400 3122 p.
420 3040 468 3104 17.
500 3040 550 3104 Ita
565 3040 715 3104 illaneta
737 3042 786 3103 est
808 3039 982 3103 historia
1004 3039 1252 3116 litterarum,
1275 3039 1331 3102 fax
1354 3038 1410 3102 illa

268 3151 499 3232 grammaticae
527 3153 560 3214 et
587 3149 767 3214 necessaria
795 3147 949 3231 adiutrix,
984 3169 1064 3232 quae
1092 3150 1134 3212 ab
1163 3149 1303 3213 externis
1331 3169 1409 3214 sane

268 3263 300 3324 et
321 3259 518 3324 secundariis
540 3259 718 3324 rationibus
741 3259 901 3343 profecta,
930 3259 1098 3342 paullatim
1120 3258 1176 3323 sed
1198 3281 1267 3324 sero
1290 3259 1324 3322 in
1347 3259 1409 3322 dis-

268 3369 407 3453 ciplinae
440 3369 577 3433 formam
605 3372 716 3434 evecta
743 3373 802 3433 est.
847 3369 926 3433 Eius
954 3367 1165 3432 fundamenta
1191 3369 1275 3434 iacta
1298 3390 1408 3434 essea

267 3479 463 3545 Callimacho
491 3480 617 3562 volunt,
646 3479 685 3543 de
714 3479 801 3544 cuius
832 3483 954 3544 Tabulis
987 3478 1199 3544 celeberrimis
1232 3480 1267 3544 in
1294 3480 1408 3564 vulgus

267 3593 403 3654 constat.
435 3589 595 3654 Successit
609 3588 840 3654 Eratosthenes
863 3589 957 3652 editis
973 3591 1044 3671 περὶ
1059 3591 1227 3674 κωμῳδία(
1250 3610 1407 3654 commen-

265 3701 366 3766 tariis.
398 3701 456 3766 Coi
478 3700 586 3765 nescio
609 3721 651 3764 an
673 3721 739 3764 non
761 3699 878 3764 iniuria
893 3699 1100 3783 Apollonium
1115 3697 1274 3763 Rhodium
1295 3699 1407 3784 iunga-

265 3833 350 3874 mus:
379 3833 455 3875 nam
482 3811 567 3875 huno
589 3810 695 3894 aliquo
717 3809 799 3874 libro
821 3816 859 3873 dc
878 3820 1040 3888 poetarum
1060 3831 1243 3888 praecorum
1265 3817 1407 3874 mensurno

265 3933 505 4000 vetustarumque
525 3928 693 3986 carminum
715 3927 817 3985 indole
838 3931 868 3984 et
888 3925 1065 3985 condicione
1091 3920 1220 3984 uberius
1249 3940 1406 3985 commen-

264 4035 368 4094 tatum
397 4051 480 4114 esse,
510 4031 594 4095 haud
622 4031 766 4115 profecto
794 4031 903 4114 inepte
930 4029 1129 4094 Muetzellius
1158 4030 1334 4112 disputavit
1366 4029 1406 4093 de

265 4141 388 4205 emend.
412 4141 576 4227 Theogon.
600 4140 730 4204 Hesiod.
754 4163 786 4224 p.
810 4140 884 4205 288.
929 4140 1045 4204 Acrius
1067 4143 1175 4204 autem
1196 4139 1281 4204 hanc
1304 4143 1405 4204 artem

264 4253 423 4316 excultam
445 4255 494 4335 et,
517 4254 673 4336 quantum
695 4251 821 4335 quidem
844 4249 891 4314 illi
915 4251 1014 4314 aetati
1036 4271 1236 4333 concessum,
1261 4271 1404 4314 consum-

263 4365 382 4424 matam
423 4362 593 4444 perhibent
629 4360 860 4424 immortalibus
898 4359 1123 4442 Aristiphanis
1160 4359 1403 4443 Aristarolrique
