3254 5086
533 387 688 434 1111111111
710 387 1060 436 nanrcnnnussansls.
1306 369 1369 433 489

231 539 484 623 ambiguitatem.
519 537 604 603 Nam
622 561 693 603 cum
714 540 898 623 saepissime
914 539 1055 620 haereas,
1073 540 1269 620 videaturne,
1287 538 1368 621 quod
1387 553 1419 601 27

232 649 315 733 apud
338 649 427 712 illum
450 649 578 733 legitur,
602 649 719 713 codicis
742 650 926 714 auctoritati
948 672 990 713 an
1012 649 1162 713 licentiae
1185 649 1369 732 interpretis

232 759 434 824 tribuendum
463 758 569 843 (modo
592 760 677 822 enim
704 759 941 844 religiosissime
967 781 1038 823 eum
1059 780 1246 844 graecorum
1275 759 1369 822 fidem

232 873 412 933 servantem
440 869 596 953 reperias,
625 869 720 933 modo
742 871 782 932 ab
804 869 859 932 illo
882 870 1026 952 exemplo
1053 869 1243 932 mirabiliter
1271 868 1369 932 disce·

232 981 390 1065 dentem):
424 983 608 1044 1111111111
631 983 680 1044 est
707 1001 815 1043 earum
838 1000 941 1043 rerum
963 979 1144 1061 multitudo,
1168 979 1313 1062 equibus
1334 979 1367 1042 in

233 1092 379 1154 neutram
402 1093 526 1173 purtem
548 1089 717 1173 quicquam
736 1090 813 1154 licet
835 1090 994 1174 colligere,
1018 1093 1159 1153 atcerte
1182 1089 1381 1152 continua·

233 1199 311 1281 [11ρί
335 1199 452 1269 codicis
469 1221 539 1264 cum
557 1200 687 1283 reliquis
702 1199 792 1264 libris
809 1199 1005 1282 comparatio
1022 1199 1147 1263 inst'tui
1167 1219 1295 1282 prorsus
1317 1220 1369 1262 ne·

233 1312 338 1394 queat.
368 1309 419 1378 nx
434 1309 494 1373 hoc
514 1329 632 1393 genere
655 1312 739 1392 sunt,
764 1331 978 1393 quaecumque
1000 1310 1050 1373 vel
1073 1309 1113 1372 ad
1129 1308 1369 1372 collocationem

234 1419 399 1483 verborum
428 1419 592 1502 pertinent
623 1419 674 1482 vel
708 1419 747 1482 ad
782 1423 884 1483 certas
917 1420 1102 1483 omissiones
1135 1418 1370 1482 accessionesve

234 1533 364 1612 propter
385 1529 603 1592 diversitatem
624 1529 786 1612 utriusque
809 1530 940 1613 linguae
966 1529 1172 1593 necessarias.
1210 1527 1371 1603 Quantum

234 1642 340 1701 autem
363 1638 502 1702 iudicare
525 1661 636 1721 reapse
658 1638 743 1721 licet,
768 1660 807 1702 ex
829 1638 938 1703 eodem
961 1639 1040 1722 Lapi
1064 1639 1162 1702 codex
1184 1638 1370 1722 111116111-

234 1748 342 1812 sianus
355 1748 557 1832 Vrbinasque
579 1749 669 1812 fonte
684 1747 786 1831 fluxit,
810 1748 948 1812 medium
971 1752 1077 1812 autem
1097 1748 1183 1812 inter
1204 1752 1371 1833 utrumque

235 1857 338 1920 locum
359 1861 464 1941 tenet,
495 1857 549 1920 sed
572 1855 724 1922 Chisiano
751 1858 858 1940 paullo
884 1879 979 1941 quam
1000 1857 1150 1922 Vrbinati
1179 1860 1369 1942 propiorem.

233 1967 344 2050 Longe
372 1967 471 2051 igitur
493 1967 640 2030 Parisino
668 1970 826 2050 praestat,
857 1989 991 2052 quocum
1019 1968 1218 2051 paucissimis
1246 1972 1371 2032 tantum

235 2076 268 2140 in
283 2077 361 2139 locis
384 2076 429 2138 ita
452 2077 481 2140 11
504 2077 654 2141 convenit
675 2079 758 2140 utet
775 2079 847 2140 Aet
863 2083 890 2140 B
912 2077 1114 2160 dissentiant,
1138 2079 1225 2141 velut
1247 2101 1278 2162 p.
1292 2080 1323 2161 4,
1340 2080 1370 2141 6.

235 2187 323 2268 ’1,13
346 2189 472 2249 servato
486 2188 548 2266 γὰρ
564 2189 596 2249 11
611 2187 698 2270 οὐδὲ,
722 2187 752 2268 5,
773 2187 811 2250 12
833 2187 981 2271 neglecto
1003 2189 1120 2268 ἑτέρας.
1153 2187 1272 2253 Contra
1290 2211 1372 2252 com-

234 2295 339 2358 munis
355 2294 383 2358 ei
400 2317 470 2359 eum
487 2301 549 2359 ΑΒ
563 2296 714 2380 vulgatae
737 2297 912 2379 scripturae
936 2298 1089 2361 correctio
1104 2300 1153 2361 est
1167 2319 1194 2360 e.
1212 2319 1238 2362 c.
1256 2320 1287 2381 p.
1308 2299 1335 2379 1,
1353 2300 1373 2362 9

235 2407 287 2470 ἐπὶ
308 2407 435 2484 ταύτην,
465 2406 553 2486 1,10
575 2406 685 2483 λόγον,
712 2408 742 2487 2,
759 2407 798 2468 21
823 2407 1029 2487 ἀμφοτέρων,
1051 2407 1082 2488 5,
1098 2407 1140 2470 26
1162 2408 1266 2486 αὐτῆς.
1311 2407 1371 2470 Sed

235 2515 437 2599 paucioribus
471 2515 623 2598 exemplis
652 2537 722 2579 cum
745 2519 773 2578 B
797 2517 956 2579 consentit
983 2515 1184 2598 discrepante
1206 2522 1248 2598 Α,
1277 2539 1371 2599 qnam

235 2625 436 2708 discrepante
467 2630 496 2688 B
524 2646 595 2688 cum
623 2631 659 2688 Α.
716 2625 806 2688 Illius
835 2625 920 2689 modi
956 2626 1036 2689 baec
1069 2628 1196 2688 tantum
1229 2628 1372 2689 exstant:

236 2757 266 2818 p.
284 2736 314 2816 ’1,
341 2735 380 2798 19
401 2736 552 2815 πρώτου,
581 2735 610 2816 8,
635 2735 655 2797 2
677 2738 726 2800 καὶ
749 2737 893 2812 Λεύκιος,
917 2736 1005 2818 8,15
1027 2735 1151 2812 adroic,
1175 2736 1205 2818 8,
1221 2735 1261 2798 21
1283 2738 1372 2816 φιλο-

235 2847 392 2924 θεώρους,
422 2845 452 2925 9,
476 2844 517 2908 29
538 2848 694 2926 γραφαῖς,
725 2838 773 2927 16,
798 2845 817 2908 8
840 2844 994 2924 εἰκοετῆε,
1025 2846 1060 2927 8,
1084 2843 1373 2910 26111111111111-

235 2954 401 3033 θρώπους,
427 2954 617 3016 1111111111
645 2955 704 3033 ἤδη
727 2954 757 3035 7,
783 2955 838 3036 11,
867 2955 949 3037 quod
971 2954 1100 3037 propius
1123 2975 1200 3017 sane
1223 2953 1262 3016 ad
1285 2955 1311 3019 εἰ
1333 2957 1371 3033 δὴ

235 3084 330 3145 quam
357 3063 398 3126 ad
426 3063 509 3129 εἰδὲ
537 3063 670 3126 accedit.
731 3062 836 3146 Atque
865 3063 976 3126 harum
1004 3063 1135 3126 dimidia
1167 3063 1266 3127 1111111
1299 3087 1373 3146 pars

236 3172 464 3255 scripturarum
485 3173 586 3256 proba
602 3176 660 3255 est,
680 3193 779 3256 prava
801 3173 912 3236 altera.
948 3172 1068 3237 Cuma
1091 3176 1197 3235 antem
1219 3173 1284 3236 sive
1307 3174 1373 3236 solo

236 3283 301 3345 sive
317 3282 500 3346 consociato
516 3303 587 3345 cum
601 3281 747 3345 Parisino
769 3282 804 3345 in
819 3282 869 3345 his
885 3282 914 3345 11
929 3283 1093 3345 convenit:
1116 3303 1147 3364 p.
1164 3283 1192 3363 1,
1206 3283 1226 3346 3
1242 3283 1280 3345 de
1295 3303 1372 3362 προ-

236 3395 347 3472 ειπεῖν,
379 3393 472 3473 1,16.
500 3391 594 3472 5,12
621 3391 660 3454 de
683 3391 799 3454 additis
827 3393 944 3458 aduret
973 3394 1089 3472 11111,
1119 3392 1149 3473 3,
1175 3391 1372 3469 161111111-

234 3503 386 3583 γάγοντο,
410 3501 497 3582 4,11
522 3501 723 3566 ὠκεανὶτιδο(
747 3521 773 3563 1.
791 3523 820 3583 q.
838 3523 881 3583 a,
905 3502 936 3578 5,
951 3502 989 3564 16
1004 3501 1154 3580 ἐτράπην,
1177 3499 1207 3581 5,
1224 3501 1261 3562 21
1287 3501 1372 3565 πάνυ

236 3613 295 3689 καὶ,
318 3611 349 3692 5,
366 3609 408 3674 26
422 3611 506 3685 τινὰ,
530 3609 560 3691 6,
584 3609 626 3672 24
647 3611 719 3690 περὶ
742 3609 872 3693 (omisso
895 3611 974 3694 καὶ),
1005 3610 1072 3691 ’12
1094 3610 1249 3688 ἡττόνων,
1273 3610 1301 3691 ’1,
1319 3610 1370 3671 21.

237 3720 277 3783 28
306 3719 344 3782 de
373 3719 533 3795 ἐπιγόνων
556 3721 589 3781 11
611 3719 691 3783 αὐτὰ
718 3721 1013 3798 nemorosaque
1043 3722 1123 3796 111,
1154 3719 1188 3799 8,
1212 3719 1251 3781 31
1275 3719 1370 3802 αὐτῇ,

238 3829 292 3910 16,
316 3828 358 3890 24
385 3829 642 3907 προειετάμεναιε
676 3830 771 3911 utrque
797 3829 909 3891 horum
938 3827 1019 3890 nihil
1047 3831 1110 3908 est,
1139 3827 1221 3910 qnod
1243 3849 1309 3890 non
1331 3828 1373 3890 sit

236 3959 354 4001 verum.
394 3935 525 3999 Maximi
548 3940 654 4000 1111111
675 3937 711 4000 11
731 3937 792 4001 hac
813 3957 846 3999 re
869 3938 1022 4000 momenti
1043 3937 1104 4000 hoc
1127 3939 1185 4018 est,
1209 3935 1291 4020 quod
1314 3935 1372 3999 eis-

236 4045 318 4129 dem,
342 4045 455 4128 quibus
478 4047 527 4110 vel
551 4069 621 4110 cum
641 4045 799 4110 Vrbinate
821 4047 880 4109 vel
903 4048 1007 4110 solus
1031 4046 1198 4111 Ghisianus
1222 4046 1372 4109 accessio-

237 4155 330 4217 nibus
358 4155 563 4237 gravissimas
590 4155 678 4238 illas,
703 4178 780 4239 quas
802 4177 859 4238 per
880 4177 989 4219 omnes
1013 4155 1249 4238 Antiquitatum
1276 4155 1373 4218 libros

237 4266 347 4344 patere
370 4284 466 4345 snpra
481 4264 721 4346 declaravimus„
738 4265 869 4328 lacunas
885 4265 1022 4348 supplet.
1054 4263 1225 4327 Praeterea
1245 4264 1373 4347 propria

237 4369 392 4456 quaedam
403 4373 493 4436 tenet
504 4373 623 4456 partim
635 4374 800 4456 praeclara
812 4374 930 4458 partim
946 4395 1011 4438 non
1023 4373 1257 4457 improbabilia.
1281 4373 1372 4438 Solus
