3254 5086
253 387 317 453 538
621 403 669 450 na
691 403 821 452 comcs
844 403 1020 451 uramara

254 556 340 639 ipsas
355 554 521 620 Vrbinatis
543 555 617 618 libri
633 558 828 620 correcturas
847 555 1000 619 habemus
1022 556 1076 640 qui
1097 577 1164 620 non
1178 577 1242 620 uno
1263 557 1393 620 nomine

254 686 448 730 excusemus.
493 665 537 728 Et
559 685 615 728 eae
637 664 779 748 quidem,
808 686 888 750 quae
911 665 1092 748 probabiles
1115 669 1190 730 sunt
1211 666 1262 730 vel
1283 687 1393 729 neces-

254 776 357 839 seriae
364 796 379 856 ,·
405 777 516 857 utpote
543 774 577 838 in
605 773 710 838 locum
738 777 847 858 aperte
875 775 1029 839 falsorum
1061 775 1267 838 substitutae:
1300 775 1393 838 modo

254 885 320 948 sint
342 904 398 948 eae
414 883 596 948 coniectura
618 883 786 967 inventae,
809 905 870 948 nec
891 885 997 967 potius
1012 885 1211 968 propagatae
1232 906 1272 948 ex
1288 905 1392 948 emen-

253 992 377 1058 datiore
400 993 590 1076 archetypo:
618 993 697 1056 satis
726 992 870 1076 seipsae
898 992 1087 1057 defendunt.
1132 992 1252 1056 Earum
1274 997 1391 1076 autem,

253 1123 334 1187 quae
361 1106 418 1166 aut
445 1123 700 1185 supervacaneae
728 1105 803 1165 sunt
835 1106 892 1165 aut
924 1103 988 1165 alia
1021 1101 1060 1164 de
1088 1123 1200 1166 caussa
1227 1105 1392 1184 suspectae

253 1216 309 1276 aut
330 1211 502 1276 manifesto
524 1211 642 1294 falsae,
666 1231 741 1294 pars
762 1211 890 1294 quidem
912 1233 978 1275 non
999 1211 1132 1276 obscure
1147 1211 1392 1296 grammaticum

252 1323 361 1407 arguit
382 1323 433 1385 vel
454 1343 553 1404 pravo
575 1320 756 1405 elegantiae
778 1323 811 1383 et
832 1321 940 1384 nescio
962 1321 1050 1384 cuius
1067 1320 1308 1385 convenientiae
1327 1323 1391 1384 stu-

251 1431 304 1495 dio
337 1430 558 1515 indulgentem
591 1433 756 1512 certasque
787 1429 937 1513 loquendi
975 1430 1240 1514 construendique
1271 1431 1392 1494 formas

251 1541 285 1604 in
309 1539 431 1604 deliciis
452 1539 636 1621 habentem,
660 1540 711 1602 vel
733 1539 830 1602 ctiam
845 1561 925 1602 sana
947 1541 980 1603 et
994 1540 1092 1621 plana
1113 1540 1196 1602 male
1216 1561 1283 1604 non
1301 1562 1390 1603 num-

251 1671 346 1734 quam
369 1649 611 1733 intellegentem
632 1669 875 1732 perversamque
903 1649 937 1712 in
959 1651 1085 1732 partem
1113 1648 1388 1732 interpretantem.

252 1757 370 1824 Verum
392 1759 489 1842 longe
511 1758 636 1822 diversa
658 1778 676 1821 e
699 1779 810 1821 caussa
828 1757 1002 1840 repetenda
1024 1757 1089 1822 alia
1109 1779 1184 1840 pars
1208 1761 1272 1842 est,
1296 1780 1390 1842 quam

252 1889 321 1933 esse
342 1867 557 1932 excusabilem
574 1867 765 1952 significavi.
798 1866 929 1930 Etenim
950 1866 1014 1930 nisi
1034 1867 1142 1931 omnia
1163 1866 1292 1950 fallunt,
1316 1867 1391 1932 talis

249 1979 314 2040 fuit
340 1976 406 2041 eius
436 1976 568 2059 codicis,
603 1997 664 2059 quo
697 1976 764 2040 sive
791 1976 1019 2060 grammaticus
1048 1975 1102 2039 ille
1130 1976 1196 2039 sive
1222 1974 1391 2040 Vrbinatis

250 2086 399 2150 librarius
421 2087 588 2168 utebatur,
617 2084 761 2149 condicio
783 2089 834 2167 ut,
865 2106 936 2149 cum
957 2088 1136 2168 temporum
1157 2085 1274 2148 iniuria
1296 2107 1390 2168 quae-

251 2195 325 2258 dam
346 2195 412 2278 legi
434 2215 500 2258 non
522 2198 670 2277 possent,
699 2194 834 2258 evanida
856 2194 1036 2258 litterarum
1057 2193 1194 2278 vestigia
1216 2193 1390 2258 divinando

250 2304 398 2368 rimanda
419 2307 452 2368 et
479 2304 575 2368 dubia
597 2304 783 2387 opinatione
810 2303 845 2367 in
874 2303 1013 2387 aliquam
1040 2323 1228 2386 graecorum
1254 2304 1389 2367 vocabu-

250 2414 354 2478 lorum
375 2413 514 2496 speciem
530 2413 711 2498 colligenda
726 2416 848 2496 essent,
872 2413 935 2477 nisi
957 2411 1039 2476 nihil
1056 2412 1252 2495 perscribere
1267 2413 1387 2476 mallet.

250 2521 335 2588 Nam
357 2523 419 2587 nisi
449 2525 494 2587 sic
522 2526 660 2605 statuas,
689 2523 742 2586 vix
769 2522 945 2606 perspicias
972 2521 1026 2604 qui
1054 2522 1184 2585 omnino
1211 2521 1288 2586 oriri
1309 2522 1390 2586 talia

250 2633 414 2716 potuerint
435 2633 528 2716 quale
550 2635 599 2695 est
619 2631 652 2714 I,
678 2632 766 2716 14ᾧ
794 2632 997 2697 δουλεύων
1025 2645 1084 2714 pro
1112 2631 1211 2696 ὁδοῦ
1240 2631 1311 2710 ὧν,
1338 2632 1389 2694 vel

250 2741 277 2825 I,
299 2741 342 2807 32
363 2764 405 2819 γε
427 2745 446 2806 ὃ
470 2743 531 2806 καί
553 2763 611 2824 pro
632 2743 757 2817 γένος.
801 2740 845 2804 m
868 2739 1036 2804 confirmat
1063 2739 1147 2803 hanc
1173 2722 1405 2805 coniecturam

199 2863 232 2911 23
250 2850 344 2932 illud,
373 2850 455 2933 quod
483 2855 551 2914 tam
577 2851 665 2914 miris
693 2849 859 2932 scripturis
887 2870 981 2932 saepe
1009 2849 1165 2912 finitimae
1198 2851 1275 2913 sunt
1307 2848 1389 2913 aliae

250 2960 465 3042 corruptelae,
489 2959 609 3043 quassi
625 2959 664 3022 ad
680 2959 855 3042 spatiorum
869 2979 1051 3022 mensuram
1066 2957 1257 3041 dimetiens,
1275 2979 1389 3042 aequa-

249 3068 332 3132 libus
364 3067 433 3132 fere
464 3069 642 3133 intervallis
674 3069 760 3132 inter
789 3089 823 3131 se
855 3067 1011 3131 distantes
1044 3068 1201 3151 reperias:
1233 3067 1318 3131 unde
1349 3069 1390 3131 de

250 3180 409 3242 communi
433 3179 616 3243 chartarum
643 3177 716 3241 labe
744 3177 851 3261 aliqua
879 3198 936 3260 per
959 3178 1134 3260 complures
1162 3197 1270 3241 versus
1292 3175 1388 3260 perti-

249 3290 346 3351 nente
368 3291 454 3352 recte
482 3286 615 3372 cogites.
659 3286 756 3350 Velut
784 3286 899 3369 capitis
925 3287 967 3351 32
995 3287 1093 3350 rerba
1119 3286 1176 3349 illa
1204 3286 1232 3350 si
1259 3285 1300 3350 ad
1328 3285 1390 3350 hoo

249 3396 428 3480 exemplum
449 3396 628 3480 perscripta
651 3395 758 3459 animo
783 3395 984 3460 informaris:

493 3577 618 3653 μαθεῖν·
661 3573 799 3649 καίτοιγε
842 3572 901 3637 οὐκ
943 3571 1103 3651 ἀμνήετου

493 3687 549 3762 τῆ(
572 3681 669 3746 οἰκία(
690 3682 806 3761 ταύτῃ(
828 3681 1000 3762 ἀφειμένη(
1028 3681 1102 3746 οὐδ’

493 3790 627 3870 ἀμοίρου
659 3796 757 3871 τιμῶν
790 3789 840 3855 ult
866 3791 905 3854 τὸ
937 3790 1102 3869 δαιμόνιον

492 3901 587 3977 γένοε
621 3900 681 3965 ὑπ’
712 3900 894 3979 ἀνθρώπων
926 3899 1103 3979 γεραίρεται

248 4075 343 4139 facile
370 4074 539 4160 intelleges
571 4097 633 4159 quo
667 4075 760 4140 modo
789 4096 828 4138 ex
854 4095 918 4138 uno
944 4059 1034 4138 tonte
1061 4094 1194 4138 manare
1225 4072 1392 4156 potuerint

249 4185 348 4251 ίίιείν
369 4206 427 4268 pro
449 4189 575 4264 μαθεῖν,
598 4185 692 4251 ἄνευ
713 4206 772 4269 pro
794 4184 928 4264 ἀμοίρου
951 4186 983 4247 et
1004 4205 1047 4260 γε
1069 4183 1088 4248 ὃ
1119 4186 1182 4248 καί
1202 4203 1260 4266 pro
1281 4184 1390 4260 γένος,

250 4315 328 4379 quas
350 4315 415 4356 non
437 4293 549 4357 dubias
572 4293 767 4377 corruptelas
789 4291 873 4356 solus
897 4297 926 4356 B
946 4295 1045 4356 tenet.
