3218 5094
511 441 772 489 ‹mononoorvn
793 441 1077 490 vmooaonnnsa.
1302 427 1365 490 579

225 616 256 676 p.
274 593 314 656 27
319 593 367 676 1);
390 592 468 656 item
484 593 676 656 Demetrii
698 599 764 658 τῶν
780 593 805 660 Z'
821 599 934 676 εοφῶν
958 596 1191 675 ἀποφθέγματα
1214 594 1290 657 ibid.
1310 595 1364 658 79:
1437 635 1447 652 .

224 693 321 766 latius
354 703 459 786 patuit
492 703 558 767 eius
592 703 766 784 industria,
801 705 854 788 qui
893 707 1020 788 praeter
1054 705 1365 784 ἀπομνημονεύματα

224 817 519 896 supramemorata
542 814 640 878 etiam
662 815 951 896 ἀποφθέγματα
981 815 1089 878 dedita
1111 837 1208 898 opera
1231 815 1365 879 collecta

225 923 341 1008 edidit,
365 923 511 1008 Lyncei
533 921 648 988 Samii:
672 925 760 988 cuim
784 924 974 1008 aliquotiens
997 926 1038 989 ab
1054 926 1222 989 Athenaeo
1244 926 1365 989 mentio

223 1035 321 1097 facta.
353 1033 422 1098 Nec
443 1039 554 1102 tamen
575 1035 609 1098 in
632 1034 693 1098 hae
714 1034 924 1118 inscriptione
941 1035 1021 1099 fines
1037 1035 1250 1100 substiterunt
1272 1035 1364 1098 huius

225 1145 370 1228 generis:
394 1144 550 1227 imprimis
566 1145 652 1208 enim
667 1143 728 1208 huc
744 1144 959 1228 pertinent-ei
981 1145 1066 1226 libri,
1091 1145 1204 1230 quibus
1228 1145 1365 1209 indicem

223 1255 369 1319 fecerunt
391 1260 527 1336 χρεῖαι.
572 1255 662 1329 Quod
685 1254 811 1338 quidem
837 1277 954 1318 nomen
976 1279 1038 1340 qno
1061 1256 1176 1338 valeat,
1202 1256 1364 1320 commode

223 1365 423 1449 intellegitur
445 1387 483 1428 ex
505 1363 720 1449 Hermogenis
743 1365 915 1450 Progymn.
940 1367 1004 1428 c.3
1026 1389 1057 1449 p.
1078 1367 1116 1430 13
1132 1366 1252 1430 Wala:
1276 1368 1365 1446 χρεία

223 1477 305 1541 ἐετὶν
329 1476 601 1554 ἀπομνημόνευμα
629 1476 729 1551 λόγου
756 1477 843 1540 τινὸε
866 1477 884 1555 ἢ
907 1477 1054 1556 πράξεωε
1076 1478 1094 1554 ἢ
1118 1479 1364 1558 ευναμφοτέρου

223 1587 380 1665 εόντομον
410 1587 488 1666 ἔχον
516 1588 668 1665 thamar:
706 1585 820 1669 quibus
854 1585 1050 1648 conveniunt
1080 1586 1260 1669 Aphthonii
1289 1585 1364 1650 Pro-

223 1718 332 1780 gymu.
357 1719 384 1760 c.
401 1697 421 1760 3
436 1719 469 1778 p.
486 1697 526 1759 62
549 1697 643 1760 haec:
666 1697 757 1776 χρεία
779 1696 1051 1775 ἀπομνημόνευμα
1073 1698 1231 1776 εύντομον
1256 1697 1363 1762 εὐετό-

221 1807 288 1886 χω(
317 1808 370 1871 ἐπί
397 1829 426 1871 τι
454 1807 631 1887 πρόεωπον
660 1805 884 1888 ἀναφέρουεα,
920 1806 1058 1890 itemque
1090 1806 1229 1870 Theonis
1266 1808 1363 1870 verba

223 1915 318 2000 Prog.
344 1939 371 1980 e.
393 1917 414 1980 5
436 1939 467 2000 p.
492 1917 570 1980 201:
597 1917 754 1982 εύντονοε
777 1917 937 1998 ἀπόφαειε
960 1919 978 1995 ἢ
1002 1920 1113 1996 nediu
1135 1918 1362 1998 ἀναφερομένη

221 2028 294 2104 μετ’
317 2027 479 2108 εάετοχίαε
507 2027 552 2092 εἴ(
574 2049 602 2091 τι
625 2028 801 2107 ὡριεμένον
830 2029 1007 2106 πρόεωπον
1029 2030 1048 2107 ἢ
1072 2029 1258 2105 ἀναλογοῦν
1286 2049 1363 2108 προ-

222 2140 329 2222 εώπῳ.
373 2136 445 2200 Nisi
467 2137 566 2220 quod,
596 2160 692 2220 quam
720 2138 897 2201 rhetoricae
920 2137 1068 2221 magistri
1091 2137 1176 2201 inter
1198 2138 1307 2218 χρείαν
1331 2142 1363 2200 ct

222 2248 415 2327 ἀπόφθεγμα
437 2247 634 2310 intercedere
650 2247 867 2310 diversitatem
889 2250 1046 2330 statuunt,
1071 2269 1108 2310 ea
1124 2248 1249 2330 quidem
1265 2248 1362 2310 solius

222 2358 301 2420 artis
324 2361 455 2420 estnec
478 2357 510 2420 in
535 2357 592 2420 hos
615 2361 721 2440 potest
744 2333 915 2441 scriptdrcs
931 2357 1174 2439 accommodari,
1199 2357 1251 2440 qui
1274 2358 1362 2420 nullo

221 2469 403 2553 argumenti
433 2467 615 2531 discrimine
646 2469 694 2531 rel
724 2469 957 2549 ἀποφθέγματα
979 2467 1028 2530 rel
1051 2468 1158 2548 χρείαε
1182 2489 1361 2550 composue-

220 2583 305 2641 rrmt.
351 2579 401 2641 Ac
428 2577 661 2641 nobilissimum
695 2579 730 2641 in
758 2578 818 2641 hoc
846 2599 964 2662 genere
997 2577 1172 2660 exemplum
1203 2578 1298 2650 ,novit
1330 2581 1362 2640 ct

220 2688 373 2752 tractavit
411 2688 616 2770 Athenaeus,
655 2688 800 2752 iambicis
836 2688 980 2752 versibus
1019 2688 1216 2770 conscriptas
1253 2687 1361 2766 χρεία(

221 2798 425 2862 Machouis
456 2799 568 2862 comici
597 2801 721 2882 poetae.
767 2798 874 2862 Secnti
904 2802 978 2861 sunt
1007 2797 1188 2881 philosophi
1212 2797 1359 2860 Aristo·

220 2910 324 2972 telas
340 2913 372 2972 et
389 2909 640 2992 Aristippus,
665 2931 798 2992 quorum
812 2908 904 2973 huius
927 2909 961 2971 in
985 2908 1111 2991 scriptis
1135 2908 1232 2970 etiam
1254 2909 1360 2988 χρεία(

220 3019 381 3104 Diogenes
404 3019 446 3100 ll,
471 3019 512 3083 85
533 3019 642 3098 refert,
666 3042 705 3081 απ
727 3019 812 3082 illius
836 3023 942 3081 autem
965 3019 1082 3099 χρείαιε
1106 3018 1247 3100 Gelonis,
1273 3020 1359 3082 Ana-

220 3127 341 3210 xarchi,
377 3129 518 3213 Gorgos,
548 3129 639 3210 Lasi,
672 3128 896 3192 Demosthenis
903 3179 911 3210 ,
947 3128 1100 3209 Zenonis,
1132 3128 1358 3210 Anacreontis,

220 3239 381 3320 Alexidis,
418 3239 557 3321 Gorgiae
587 3238 860 3323 apophthegmata
889 3238 1043 3302 Stobaeus
1076 3237 1219 3321 protulit.
1265 3237 1359 3301 Prac-

218 3352 307 3411 terea
328 3351 394 3410 tres
417 3352 488 3429 περὶ
511 3354 627 3428 χρειῶν
650 3351 820 3432 scriptores
843 3349 1009 3432 usurpavit
1024 3347 1185 3432 Diogenes
1202 3348 1357 3431 Laertius

221 3457 466 3522 Hecatonem
500 3457 657 3542 Stoicum,
692 3459 922 3522 hletroclem
955 3459 1125 3542 Cynicum,
1166 3457 1358 3521 Zenonem

220 3569 403 3634 Gitiensem.
441 3567 580 3642 erorum
604 3569 656 3632 hic
679 3569 833 3651 caretis,
864 3569 945 3632 alter
966 3568 1121 3652 Diogenis
1149 3567 1261 3650 Gynici
1284 3590 1358 3651 apo-

219 3678 396 3764 phthegma
423 3680 571 3762 praebuit
593 3679 655 3760 Vl,
684 3680 735 3742 al.
767 3680 823 3742 33:
861 3678 985 3742 Hecate
1009 3681 1115 3742 autem
1142 3677 1356 3760 Antisthenis,

218 3787 384 3873 Diogenis,
402 3789 574 3870 Metroelis,
598 3789 748 3870 Zenonis,
772 3788 937 3853 Cleanthis
953 3789 1007 3851 lib.
1030 3787 1082 3869 VI,
1098 3789 1129 3851 4.
1147 3789 1199 3852 32.
1217 3789 1267 3852 95.
1282 3787 1355 3870 Vll,
1370 3805 1407 3853 ld

217 3899 247 3962 2.
276 3900 328 3966 26.
361 3899 431 3964 172.
483 3898 602 3974 Quibus
631 3899 794 3962 addendae
828 3897 963 3981 denique
997 3919 1013 3960 e
1047 3897 1183 3962 Stobaeo
1217 3897 1357 3960 Dionis

217 4013 328 4089 χρεῖαι.
374 4007 442 4074 Νοο
468 4013 578 4074 tamen
605 4010 655 4074 rel
684 3999 823 4072 eiusdem
850 4007 935 4070 illius
963 4007 1139 4071 Hecatonis
1161 4008 1212 4072 vel
1235 4007 1357 4070 Aristo·

219 4119 275 4182 elis
298 4121 464 4199 παράδοξα
486 4119 549 4183 huc
577 4120 741 4202 pertinent
763 4139 780 4182 e
802 4118 948 4202 Diogene
971 4117 1050 4200 Vll,
1077 4117 1137 4180 124
1165 4121 1197 4180 et
1220 4117 1356 4182 Stobaeo

217 4227 332 4310 LXIV,
357 4229 408 4294 37.

303 4338 364 4402 Sed
392 4343 441 4402 est
468 4337 532 4403 alia
560 4343 725 4423 praeterea
753 4337 921 4422 inscriptio
949 4337 1122 4422 quaedam,
1152 4336 1256 4424 magis
1285 4359 1356 4402 cum
1402 4409 1409 4421 ,

217 4448 277 4512 hoc
299 4448 334 4512 iu
356 4470 418 4532 quo
439 4470 603 4513 versamur
626 4471 744 4534 genere
768 4449 948 4514 conimreta.
979 4448 1113 4512 Etenim
1126 4450 1356 4528 ὁμοιώματα

1090 4552 1155 4615 37*
