3254 5086
535 364 799 413 ononoooorvn
821 365 1105 415 vinnononnusn.
1329 351 1391 416 561

251 522 317 584 tem
343 518 488 584 relictum
516 539 583 582 esse
612 518 731 583 senties
762 515 903 583 nondum
935 518 1063 584 aliunde
1097 519 1270 604 cognitam.
1320 518 1392 586 Nisi

251 628 378 712 quidem
398 628 460 694 hoc
486 629 520 693 in
542 649 660 714 genere
683 628 838 713 quaedam
860 631 1003 693 nostram
1029 629 1095 693 sive
1118 630 1303 694 memoriam
1325 630 1391 694 sive

251 738 452 824 diligentiam
477 737 637 824 fugerint:
667 739 750 823 quod
778 737 995 824 intellegimus
1017 761 1114 824 quam
1134 739 1230 803 facile
1252 739 1392 824 potuerit

251 848 404 913 accidere.
455 848 602 914 Ceterum
630 848 788 913 noluimus
822 849 1019 934 corrigendis
1051 849 1100 913 vel
1129 849 1314 913 accentibus
1342 850 1392 913 vel
1479 921 1486 934 ,

251 957 501 1044 interpungendi
523 957 608 1023 notis
631 979 700 1022 esse
721 957 833 1042 putidi.

206 1095 213 1106 ·
335 1068 441 1133 Missis
463 1068 563 1154 igitur
584 1089 686 1152 nunc,
710 1090 790 1152 quae
812 1069 847 1133 in
869 1069 940 1152 ipso
962 1069 1055 1134 initio
1078 1069 1183 1153 posite
1204 1071 1280 1133 sunt
1301 1067 1391 1134 Orio-

250 1180 316 1258 nis²
344 1179 373 1243 si
399 1179 507 1257 modo,
535 1178 705 1244 sententiis
728 1178 868 1243 ordimur
891 1201 910 1242 a
932 1202 960 1242 v.
985 1179 1006 1242 4
1034 1180 1072 1244 οἱ
1099 1180 1233 1266 νόμοι]
1256 1177 1392 1244 2111110

250 1288 310 1353 hoc
332 1288 572 1374 apophthegma
593 1287 745 1353 tribuitur
767 1312 786 1352 1
809 1287 946 1354 Stobaeo
969 1289 1069 1355 Senn.
1086 1287 1185 1372 XLV,
1207 1289 1259 1372 25,
1283 1287 1393 1354 Soloni

250 1421 270 1462 1
290 1397 435 1484 Diogene
457 1398 585 1464 Laertio
606 1398 703 1483 1,58,
725 1398 940 1464 Α1111111111111
956 1421 975 1463 1
992 1399 1166 1464 Plutarcho
1187 1399 1222 1462 in
1243 1398 1311 1463 vite
1326 1397 1390 1465 Sol.

251 1531 277 1574 c.
294 1508 315 1574 5
335 1513 367 1572 et
389 1507 518 1573 Valerio
538 1508 680 1573 Maximo
695 1507 775 1592 Vll,
796 1509 827 1588 2,
850 1511 899 1574 11.
945 1509 1047 1574 Multo
1070 1511 1176 1574 eutem
1198 1530 1294 1593 quom
1322 1507 1391 1574 Sto-

250 1619 348 1684 11111
371 1619 567 1684 contractius
588 1617 702 1703 reliqui
725 1619 877 1702 efferunt3
900 1619 941 1684 ad
957 1618 1139 1701 Stobecum,
1164 1620 1218 1704 qui
1239 1619 1275 1684 in
1296 1619 1391 1684 levio·

249 1729 336 1794 ribus
357 1731 485 1793 tentum
512 1750 531 1792 e
553 1728 671 1793 nostris
694 1729 869 1814 discrepat,
897 1729 1028 1814 propius
1056 1729 1213 1794 accedunt
1235 1728 1392 1794 Gnomicu

250 1837 452 1904 Boissonodii
474 1838 597 1904 Anecd.
620 1837 670 1904 ΠΙ
691 1861 723 1922 p.
739 1839 813 1904 413.
859 1839 1007 1925 &irriges
1029 1843 1136 1904 eutem
1158 1841 1208 1906 καὶ
1229 1841 1292 1921 γὰρ
1313 1841 1391 1906 ἐκεί-

248 1970 319 2016 ναιτ
342 1949 399 2016 ἐὰν
421 1949 508 2034 (μὲν)
531 1950 648 2034 ἐμπέεῃ
672 1952 704 2013 et
725 1969 799 2013 mox
820 1949 878 2016 ἐὰν
900 1951 936 2014 δὲ
958 1951 1050 2030 corii.

143 2057 146 2064 ’
334 2061 352 2124 7
383 2063 526 2142 κρεῑετον
554 2059 677 2144 ἰεχνὸν]
704 2057 745 2122 Iu
768 2057 900 2124 Gnomis
928 2059 1080 2125 miscellis
1108 2060 1149 2124 ab
1170 2059 1297 2125 Welzio
1320 2081 1391 2124 cum

248 2169 386 2234 Arsenio
408 2169 502 2234 editis
525 2192 557 2254 p.
579 2169 654 2252 496,
677 2168 733 2232 ubi
754 2167 867 2233 vitiose
889 2168 1028 2251 ὶτχυρὸν,

333 2279 353 2344 9
382 2280 413 2345 οἱ
439 2281 497 2362 μὲν
519 2278 637 2370 ruguit]
661 2277 722 2343 Est
743 2277 828 2343 inter
849 2279 1032 2362 Demophili
1055 2281 1171 2361 Ὅμοια
1192 2302 1225 2363 p.
1249 2280 1269 2346 6
1291 2280 1352 2344 vol.
1375 2281 1389 2344 1

249 2389 346 2456 Orell.
374 2388 469 2454 Vnde
498 2389 721 2475 corrigendum
748 2393 874 2471 τραχεῖ(
899 2389 993 2455 ἵπποι
1021 2392 1054 2454 11
1078 2389 1162 2457 ὀξεῖ(
1183 2391 1284 2470 θυμοί.
1329 2388 1389 2456 Sed

248 2522 328 2586 quae
351 2522 423 2565 cum
445 2499 495 2564 his
519 2499 705 2565 coaluerunt
727 2499 843 2583 elapsis
860 2499 1048 2584 quibusdem
1062 2499 1191 2583 mediis,
1215 2499 1391 2576 ἀναγκαῖον
1504 2493 1507 2500 '

247 2613 305 2691 μὲν
326 2615 436 2690 κτῆμα,
460 2611 521 2692 οὐχ
541 2610 602 2691 ἡδὺ
625 2610 672 2689 δέ,
695 2609 735 2673 ed
756 2631 873 2674 novum
889 2609 1055 2694 pertinent
1073 2607 1278 2692 sententiam,
1303 2609 1390 2672 cuius

247 2720 370 2806 reliquo
391 2742 467 2804 pars
488 2719 664 2785 intercidit.

333 2831 372 2896 11
394 2830 465 2898 ῖεον
488 2830 566 2915 ἔχει]
589 2829 798 2894 Demostheni
819 2829 933 2894 tribuit
948 2829 1104 2894 Arrenius
1125 2851 1158 2914 p.
1181 2829 1253 2914 189,
1276 2827 1390 2894 Demo-

248 2941 345 3024 crito,
369 2940 425 3006 sed
446 2939 522 3005 huic
545 2961 616 3005 cum
638 2939 820 3005 accessione
843 2940 965 3024 aliqua,
989 2940 1073 3005 idem
1094 2963 1125 3024 p.
1151 2939 1211 3005 193
1234 2941 1267 3004 et
1288 2939 1390 3004 Maxi·

247 3071 316 3115 mus
338 3049 540 3116 Antoniusne
569 3049 668 3115 Serm.
692 3048 799 3114 LVIII
820 3072 851 3133 p.
875 3049 931 3134 95,
958 3052 995 3115 11
1026 3049 1101 3114 edit.
1130 3050 1240 3114 Aurei.
1264 3049 1388 3115 Allobr.

248 3181 276 3226 1.
293 3155 488 3232 diuinum.
519 3159 659 3225 Dimidio
680 3163 772 3244 porte
794 3159 977 3224 mutilatum
990 3160 1026 3224 in
1041 3158 1175 3224 Gnomis
1190 3159 1390 3243 Sapientium

247 3269 331 3354 apud
359 3269 603 3335 Boissonedium
630 3269 753 3336 Anecd.
782 3269 798 3334 I
825 3293 857 3354 p.
888 3269 947 3335 131
976 3273 1009 3333 et
1038 3269 1073 3334 in
1102 3269 1170 3335 cod.
1199 3267 1275 3334 Vat.
1305 3269 1389 3354 apud

246 3379 407 3444 Welzium
428 3379 525 3444 Rhet.
550 3402 598 3466 gr.
623 3379 639 3446 I
661 3403 692 3464 p.
716 3379 790 3463 442,
813 3379 869 3444 ubi
891 3379 1075 3445 Aristotelis
1096 3378 1208 3443 fertur.

333 3491 373 3554 12
399 3491 458 3559 τὸν
480 3490 713 3572 εὐεργετοῦντά
739 3490 786 3575 ce]
808 3489 876 3554 Nili
903 3491 1072 3578 (episcopi)
1101 3511 1169 3553 esse
1197 3489 1263 3552 sive
1289 3487 1390 3553 Maxi-

245 3622 321 3670 mus.
338 3600 404 3664 sive
432 3599 594 3665 Antonius
623 3601 704 3684 (non
732 3602 839 3684 potest
861 3601 945 3664 enim
969 3600 1030 3666 hoc
1052 3622 1091 3665 ex
1113 3620 1151 3663 eo
1178 3621 1240 3682 que
1268 3599 1318 3662 usi
1339 3620 1388 3664 su-

244 3732 314 3776 mus
337 3710 477 3775 editione
499 3710 663 3796 cognosci)
691 3713 829 3790 testetur
849 3733 882 3794 p.
906 3710 957 3793 94,
981 3712 1033 3776 53.

332 3822 371 3885 14
393 3825 459 3887 τῶν
482 3821 720 3905 εὐτυχούντων]
753 3819 937 3885 Aristotelis
969 3823 1051 3884 teste
1084 3819 1221 3884 Arsenio
1253 3841 1285 3902 p.
1317 3819 1385 3884 122.

244 3932 384 4016 [φθόνος
406 3953 465 4016 pro
486 3932 506 3995 ὁ
528 3931 655 4014 φθόνος
676 3929 856 3994 Meinelrius
877 3952 909 4013 p.
926 3930 999 4015 291,
1022 3930 1043 3993 2
1065 3933 1194 3994 auctore
1216 3927 1385 4018 1111111111]

331 4043 370 4106 111
402 4039 529 4128 παιδὸς]
553 4039 614 4105 Est
645 4039 730 4104 inter
762 4039 963 4105 Democretis
996 4040 1046 4105 vel
1076 4040 1183 4124 potius
1211 4038 1387 4104 Democriti

245 4151 368 4214 Aureus
384 4151 562 4215 sententies
584 4173 615 4235 p.
633 4149 675 4216 84
695 4149 793 4214 Orell.
816 4150 879 4214 vol.
894 4148 912 4213 1
926 4153 959 4214 et
980 4149 1015 4214 in
1036 4149 1202 4236 farragine
1216 4148 1387 4214 Walziana

269 4309 277 4324 .
299 4259 373 4324 499.

244 4281 266 4344 p
332 4369 370 4434 16
393 4370 584 4456 εὐγνώμων]
607 4369 782 4436 Democriti
805 4369 890 4456 opud
912 4369 1000 4438 Stob.
1016 4367 1122 4456 XVII,
1138 4368 1191 4454 26,
1214 4369 1298 4435 rmde
1320 4390 1386 4436 sus·
