3272 5088
568 359 573 364 ⁵
616 396 735 446 aauvu
762 395 1023 447 scurrronmvs.
1328 376 1390 442 461

248 550 374 614 narrari
402 549 499 614 facile
525 550 696 633 persuadet
722 549 875 614 historiae
902 549 991 614 fides.
1037 548 1194 633 Spectant
1221 548 1307 613 enim
1335 547 1392 612 illa

249 659 289 724 ad
317 661 434 745 olymp.
461 662 537 744 111,
559 661 596 742 2,
634 683 695 745 quo
729 683 814 724 anno
847 661 888 724 ab
921 660 1172 724 Atheniensibus
1209 659 1271 724 sibi
1307 658 1391 722 tradi

248 771 433 835 Alexander
470 791 542 835 cum
579 771 651 836 aliis
687 771 866 836 oratoribus
903 771 1151 836 Demosthenem
1189 770 1300 848 iussit,
1337 770 1392 854 qni

247 883 372 947 mortuo
392 880 543 965 Philippo
572 881 735 946 exsultans
757 881 970 946 defectionem
996 882 1149 946 suasisset
1174 880 1329 966 huiusque
1356 881 1392 944 in

247 991 484 1056 adulescentem
514 1013 728 1057 successorem
757 1013 828 1056 cum
856 992 920 1056 alia
944 992 1084 1057 convitia
1107 991 1295 1056 coniecisset
1322 992 1392 1054 tum

248 1102 457 1186 contemptim
480 1123 552 1166 eum
574 1103 736 1188 Μαργίτη(
765 1103 895 1167 nomine
918 1105 1076 1167 notasset:
1106 1101 1241 1166 testibus
1264 1100 1391 1186 quidem

246 1209 420 1276 Plutarcho
441 1213 476 1276 in
499 1213 566 1277 vita
588 1212 680 1276 Dem.
705 1234 732 1276 c.
749 1213 790 1277 23
814 1216 847 1276 et
868 1212 1029 1277 Aeschine
1052 1212 1123 1276 adv.
1148 1211 1391 1296 Ctesiphontem

246 1322 353 1402 §160
381 1345 413 1406 p.
436 1323 498 1387 547
521 1323 562 1388 R.
608 1322 864 1387 Reconciliatnm
891 1323 1111 1386 Alexandrum
1138 1321 1329 1387 Plutarchus
1358 1325 1395 1385 et

245 1431 403 1496 Diodorus
431 1432 543 1516 XVII,
569 1433 608 1498 16
636 1432 820 1497 aDemade
849 1433 1067 1516 tradiderunt,
1101 1436 1246 1497 tacentes
1275 1432 1322 1496 illi
1351 1430 1390 1495 de

245 1542 428 1626 Aristiona3
465 1543 521 1606 sed
556 1543 649 1608 huius
685 1543 784 1627 ipsius
821 1565 892 1608 eum
928 1543 978 1608 his
1015 1543 1154 1628 negotiis
1191 1542 1388 1625 societatem,

246 1673 438 1736 quamquam
474 1653 603 1718 silentio
640 1653 913 1737 Hephaestionem
949 1654 1224 1737 praetermittens,
1264 1653 1389 1736 copiose

245 1761 422 1827 Aeschines
445 1763 544 1844 §162
569 1767 753 1848 persecutus
776 1767 834 1828 est.
848 1765 879 1849 ³¹²)
930 1763 995 1828 Eas
1017 1764 1118 1848 igitur
1139 1785 1190 1828 res
1211 1766 1283 1827 uter
1304 1763 1388 1827 Mar-

245 1893 317 1956 syas
340 1873 394 1936 ubi
416 1873 567 1938 tractarit
588 1874 762 1958 quaeritur.
807 1872 919 1957 Neque
942 1877 1049 1938 autem
1071 1895 1181 1938 aarum
1202 1873 1388 1938 memoriam

244 1981 459 2066 Harpocratio
481 1987 588 2068 potest
609 1985 672 2049 nisi
695 1987 751 2048 aut
773 2005 811 2048 ex
829 1983 950 2048 Pellaei
972 1987 1028 2048 aut
1043 2006 1082 2048 ex
1096 1984 1314 2070 Philippensis
1332 1987 1388 2048 aut

244 2114 283 2156 ex
304 2093 448 2158 neutrius
470 2093 686 2159 Macedonicis
709 2095 864 2160 hausisse.
910 2094 1010 2178 Atqui
1032 2093 1179 2160 Pellaeus
1209 2095 1290 2160 libro
1318 2117 1387 2180 sep·
1523 2182 1527 2189 Ι

242 2202 322 2267 timo
343 2204 530 2268 versabatur
552 2205 586 2269 in
602 2205 800 2289 temporibus
815 2204 1015 2289 Philippicis.
1055 2203 1173 2280 Quodsi
1196 2206 1387 2291 largiremur

243 2312 277 2377 in
299 2313 339 2378 fr.
364 2313 411 2378 VI
440 2315 557 2400 ἑβδόμῃ
587 2318 772 2399 corruptum
798 2315 886 2379 velut
908 2335 925 2378 e
947 2318 1073 2399 πέμπτῃ
1102 2335 1186 2398 esse,
1215 2338 1294 2380 num
1323 2317 1386 2380 cui·

242 2445 336 2507 quam
359 2423 510 2488 credibile
532 2424 693 2490 videretur
715 2426 854 2510 quinque
876 2424 969 2489 libris
992 2425 1115 2509 aliquot
1136 2426 1264 2490 saecula
1287 2426 1434 2491 histo-11

242 2534 309 2598 riae
332 2533 559 2600 Macedonicae
581 2535 616 2598 in
639 2535 746 2619 eisque
767 2535 929 2620 integram
952 2535 1094 2619 Philippi
1117 2539 1271 2620 aetatem,
1296 2537 1387 2619 quin-

242 2665 302 2728 que
333 2647 440 2709 autem
470 2647 504 2708 et
533 2645 616 2728 quod
651 2645 790 2710 excurrit
826 2645 898 2709 aliis
935 2645 1079 2730 singulos
1112 2645 1251 2730 quinque
1285 2668 1386 2711 annos

245 2753 418 2818 Alexandri
441 2754 540 2818 fuisse
563 2755 831 2839 comprehensos?
863 2754 1062 2839 Quamquam
1084 2775 1125 2818 ne
1140 2757 1246 2839 potuit
1259 2755 1387 2841 quidem

241 2864 306 2928 1111
333 2863 427 2928 modo
448 2865 535 2948 fieri,
564 2869 601 2929 ut
622 2887 703 2950 quae
725 2869 758 2929 ct
780 2868 887 2930 essent
913 2868 945 2929 et
966 2865 1218 2930 inscriberentur
1239 2866 1385 2932 Macedo

241 2973 331 3058 nica,
356 2973 467 3038 eudem
489 2978 529 3041 τὰ
551 2978 623 3056 περὶ
644 2977 855 3056 Ἀλέξανδρον
878 2975 1076 3060 dicerentur,
1099 2975 1163 3044 nisi
1185 2977 1232 3041 sic
1252 2980 1289 3040 ut
1310 2999 1385 3061 pars
1429 3041 1434 3052 ,

155 3153 157 3156 ,
240 3085 368 3148 tantum
389 3083 517 3149 illorum
540 3106 577 3149 ea
598 3085 856 3178 significaretur,
871 3106 952 3170 qnae
975 3085 1142 3169 adipsum
1165 3086 1384 3151 Alexandrum

240 3193 426 3277 pertineret.
470 3194 516 3259 Vt
537 3195 638 3280 igitur
660 3195 807 3279 quintum
833 3195 951 3259 librum
981 3202 1049 3262 τῶν
1074 3198 1147 3276 περὶ
1172 3197 1384 3278 Ἀλέξανδρον

240 3307 362 3368 statuas
385 3304 542 3368 decimum
556 3305 654 3369 fuisse
670 3305 916 3390 Macedonicon,
939 3307 1071 3390 numqui
1093 3306 1197 3391 magis
1221 3307 1382 3390 credibile,

240 3417 391 3498 quattuor
412 3414 502 3480 libris
524 3437 623 3480 unum
630 3465 639 3498 ,
662 3437 727 3480 uno
742 3418 850 3479 autem
865 3419 1015 3499 quattuor
1029 3437 1131 3480 annos
1146 3415 1384 3499 pertractatus?

240 3522 338 3588 Misso
372 3524 473 3609 igitur
508 3523 636 3589 Pellaeo
671 3525 767 3590 facile
802 3525 961 3610 quispiam
998 3525 1136 3590 coniciet
1167 3524 1383 3609 Philippensis

240 3634 406 3718 scriptoris
429 3635 495 3698 sive
516 3637 620 3698 totum
643 3656 722 3720 opus
745 3636 811 3700 sive
833 3637 952 3720 primos
980 3636 1078 3700 libros
1104 3634 1270 3699 minimum
1292 3634 1382 3718 quin-

239 3764 299 3826 que
322 3744 428 3809 vocari
450 3745 490 3808 τὰ
504 3746 576 3827 περὶ
591 3747 803 3826 Ἀλέξανδρον
825 3745 1074 3810 accommodius
1096 3767 1199 3829 posse,
1223 3744 1306 3829 quod
1328 3744 1383 3808 ille

239 3853 403 3937 superiora
430 3853 641 3920 Macedonum
672 3858 817 3939 tempora
845 3877 887 3920 ne
915 3855 1061 3940 attigerit
1091 3855 1227 3939 quidem.
1281 3855 1382 3938 Atqui

238 3962 322 4028 idem
344 3985 394 4028 res
417 3964 458 4028 ad
480 3969 628 4050 quartum
651 3987 771 4030 annum
793 3965 878 4030 illius
901 3965 1091 4049 olympiadis
1116 3966 1174 4029 111
1198 3963 1381 4028 referendas

237 4071 303 4135 iam
330 4073 413 4138 libro
441 4075 546 4160 primo
573 4078 771 4140 tractaverat
793 4075 847 4160 (fr.
864 4074 920 4160 X).
964 4073 1103 4139 Rursum
1131 4076 1237 4138 autem
1264 4073 1381 4159 largia-

305 4322 330 4394 *)
352 4325 486 4394 [Alteram
504 4328 627 4396 aliquam
644 4327 815 4398 legationem
832 4327 1018 4398 posteriorem
1036 4326 1218 4382 coniectando
1237 4327 1381 4382 substituit

237 4414 271 4472 Η.
285 4415 424 4488 Sauppius
441 4421 580 4490 Philologi
597 4424 617 4476 t.
632 4422 671 4474 111
688 4439 714 4490 p.
730 4427 792 4476 647:
811 4423 846 4477 de
859 4439 914 4490 qua
931 4420 999 4474 nihil
1017 4420 1167 4476 memoriae
1185 4421 1345 4491 proditum]

1113 4507 1178 4571 30*
