3184 5100
592 385 752 434 sononia
775 385 950 434 carnola.
1284 372 1346 436 739

200 540 324 619 ψάλτηε
357 539 454 602 verba
487 537 689 622 appositione
720 539 933 622 grammatica
966 539 1075 604 iuncta
1108 544 1184 604 sunt
1215 542 1345 606 Φαίδων

200 648 333 712 nomini.
361 687 404 699 -·
437 647 536 712 Porro
568 648 603 712 in
637 648 886 714 scholiastae
918 648 1022 713 verbis
1056 649 1096 712 ad
1130 649 1344 734 Sophoclis

200 759 360 822 Aiacem
388 782 418 822 ν.
442 759 484 824 55
500 759 612 823 vitium
635 759 733 822 miror
753 759 901 824 relictum
922 758 956 822 in
980 761 1093 843 ἐπῄει
1114 781 1207 842 νοαο;
1240 783 1344 844 neque

200 868 286 932 enim
316 868 457 933 dubitari
486 872 606 952 potest,
643 869 720 952 quin
747 872 861 952 poetae
888 870 1001 951 verba,
1037 891 1117 954 quae
1144 873 1219 934 sunt
1245 872 1344 951 ἔκειρε

200 981 391 1059 πολοκὲριον
415 980 523 1061 φόνον
546 978 718 1043 scholiasta
741 979 902 1058 Mediceus
924 980 970 1044 sio
993 981 1176 1064 explicarit:
1199 981 1269 1046 ἀντὶ
1286 986 1344 1047 τοῦ

200 1091 314 1169 κείρων
338 1091 475 1155 ἐποίει,
520 1089 671 1153 Eiusdem
694 1090 790 1153 liceat
817 1089 877 1154 hoo
904 1091 974 1154 loco
1002 1091 1162 1176 corrigere
1190 1091 1344 1155 adnotata

200 1199 292 1263 adv.
316 1200 394 1264 285:
423 1205 561 1266 εανετῶε
591 1201 627 1265 δὲ
655 1201 705 1265 καὶ
732 1200 773 1266 οὐ
800 1201 879 1266 κατὰ
906 1201 1115 1280 μαινόμενον·
1145 1203 1195 1266 καὶ
1222 1203 1283 1282 γὰρ
1311 1202 1344 1266 ἐκ

198 1313 254 1387 τῆε
281 1313 340 1375 τοῦ
363 1314 474 1389 καιροῦ
501 1310 629 1375 ἐννοίαε
661 1311 931 1390 ἐπιβουλεύοντόε
959 1313 1056 1394 ἐετιν,
1086 1313 1243 1377 ἐπιθέεθαι
1273 1314 1344 1392 περὶ

199 1425 332 1500 πρῶτον
348 1419 453 1486 ὕπνον
468 1443 530 1501 -3
549 1419 611 1483 nisi
628 1423 786 1518 praestat:
811 1425 948 1487 ευνετῶε
964 1423 999 1486 δὲ
1020 1423 1071 1486 καὶ
1086 1422 1126 1486 οὐ
1140 1423 1220 1487 κατὰ
1237 1425 1343 1500 μαινό-

198 1551 297 1609 μενον
331 1531 382 1595 καὶ
414 1531 449 1594 ἐκ
481 1534 536 1609 τῆε
568 1535 627 1595 τοῦ
661 1534 772 1609 καιροῦ
807 1531 948 1596 ἐννοίαε·
982 1532 1251 1611 ἐπιβουλεύοντος
1282 1533 1343 1612 γάρ

171 1613 181 1634 ⁰
199 1641 292 1720 ἐετιν,
316 1641 475 1705 ἐπιθέεθαι
496 1663 522 1704 κ.
538 1662 563 1705 τ.
580 1642 606 1704 λ.
623 1679 664 1688 -
679 1639 801 1703 Eadem
816 1641 940 1704 ratione
956 1641 1073 1719 αὑτῆε
1097 1646 1279 1726 corruptum
1296 1647 1344 1706 cst

198 1750 232 1812 iu
247 1749 335 1814 αὖθι(
351 1750 385 1813 in
401 1771 492 1813 versu
514 1750 649 1833 quodam
667 1749 895 1833 Sophoclio‚
917 1773 1011 1834 quem
1034 1751 1067 1814 in
1090 1751 1341 1834 fragmentomm

198 1853 566 1924 uumcrum'ssnmckius
589 1861 714 1923 rettulit
736 1881 773 1923 cr
802 1860 1009 1925 Plutarchi
1037 1861 1286 1950 vitaDomctrii
1315 1885 1341 1926 c.

197 1970 240 2033 45
267 1992 298 2052 p.
323 1971 382 2033 911
418 1969 549 2052 chh.,
585 1970 634 2034 oui
669 1992 739 2034 cnm
773 1970 972 2034 Gaisfordius
1007 1971 1180 2034 addidisset
1212 1971 1341 2046 (hraest.

198 2100 276 2144 rom.
307 2101 334 2144 c.
359 2081 399 2144 ’16
422 2103 453 2164 p.
477 2080 540 2144 282
563 2085 599 2162 Α,
624 2101 684 2165 ego
707 2078 908 2144 adiciendum
931 2101 999 2145 esse
1020 2081 1084 2144 vidi
1112 2080 1247 2145 cundem
1269 2082 1342 2145 Plu-
1371 2145 1377 2170 ,

198 2189 344 2254 tar-chum
377 2189 415 2254 de
450 2191 634 2255 curiositate
662 2213 689 2254 c.
719 2191 740 2256 5
768 2213 799 2274 p.
823 2192 885 2256 517
914 2197 942 2255 I)
976 2190 1028 2275 [fr.
1053 2192 1114 2256 713
1148 2192 1244 2255 Dind.
1281 2193 1340 2258 787

199 2297 355 2386 Nauckl:
378 2300 432 2363 ubi
456 2301 681 2386 corrigendum
703 2306 752 2364 est
773 2301 990 2384 importunum
1014 2301 1220 2380 εὐγενεετὰτη
1245 2302 1305 2366 sic:

350 2462 520 2540 χῶτανπερ
543 2461 659 2540 αὑτῆε
682 2463 941 2540 ἐντελεετὰτη
963 2469 1063 2545 φανῇ.

199 2627 300 2691 Nihili
323 2629 408 2692 enim
432 2634 645 2694 commentum
668 2634 717 2694 cst
739 2631 972 2713 superterram,
1002 2631 1082 2714 quod
1113 2631 1163 2694 cui
1188 2628 1342 2694 debeatur

198 2759 285 2801 nunc
307 2761 372 2802 uon
395 2743 490 2803 vacat
512 2741 682 2824 inquirere.
728 2741 925 2824 Quamquam
952 2742 1053 2825 possit
1080 2741 1177 2804 etiam
1206 2743 1340 2822 εὐπρε-

197 2849 367 2928 πεετάτη
400 2849 527 2932 placere
555 2850 651 2934 [quod
680 2850 783 2934 ipsum
812 2873 897 2914 nunc
925 2849 1016 2914 video
1044 2851 1169 2914 illorum
1200 2851 1341 2914 locorum

196 2958 292 3023 tertio
308 2958 517 3022 Didotianam
533 2959 681 3044 habere]:
698 2983 779 3044 quae
794 2983 855 3024 vor
871 2960 904 3024 in
921 2961 1052 3039 εὐγενής
1064 2961 1195 3024 transiit
1211 2961 1244 3023 in
1261 2961 1339 3024 cius-

197 3067 269 3132 ‹lcm
296 3091 389 3133 versu
413 3069 622 3153 Sophoclis
650 3071 786 3154 quodam
815 3071 869 3154 [fr.
899 3071 961 3135 742
983 3070 1080 3134 Dind.
1111 3070 1171 3134 779
1200 3069 1339 3155 Nauck]

197 3177 281 3260 apud
304 3179 438 3242 eundem
457 3178 664 3242 Plutarchum
693 3179 732 3243 dc
753 3179 838 3244 dicto
861 3181 943 3245 Λάθε
971 3183 1085 3261 βιώεαε
1109 3202 1135 3243 c.
1159 3181 1181 3243 4
1202 3203 1234 3263 p.
1261 3182 1340 3244 1129

198 3291 222 3348 (J
243 3288 313 3351 coll.
343 3287 382 3351 de
404 3310 438 3352 re
461 3289 590 3372 publica
618 3291 686 3353 seni
710 3290 851 3374 gerenda
880 3290 919 3373 [c.
944 3290 963 3353 8
987 3313 1018 3373 p.
1045 3289 1105 3355 788
1129 3289 1222 3376 Bet]
1248 3312 1274 3352 c.
1301 3292 1340 3353 15

197 3419 228 3478 p.
258 3397 319 3460 792
353 3405 389 3461 Α.
440 3397 603 3482 Loquendi
632 3421 750 3484 genus,
785 3397 868 3483 quod
897 3400 1038 3464 cernitur
1074 3400 1108 3463 in
1136 3399 1234 3478 αὑτῆε
1268 3421 1339 3483 pro·

197 3506 341 3588 nominc,
377 3507 500 3571 affatim
538 3509 739 3572 illustrarunt
776 3513 849 3592 post
888 3507 1051 3574 Budacum
1084 3507 1126 3572 H.
1158 3507 1339 3592 Stephanus

197 3617 282 3699 App.
306 3614 345 3680 dc
368 3616 443 3681 dial.
468 3620 526 3681 att.
554 3640 587 3701 p.
611 3619 651 3682 41
674 3640 732 3702 sq.,
762 3617 942 3682 Gatakerus
969 3618 1009 3682 de
1036 3619 1111 3683 novi
1134 3618 1338 3683 instrumenti

196 3727 279 3809 stylo
303 3747 329 3790 c.
352 3726 395 3792 25
417 3749 448 3810 p.
475 3727 545 3810 133,
569 3728 763 3792 Abreschius
780 3729 912 3792 Ohserv.
930 3728 1077 3812 Aeschyl.
1100 3728 1162 3812 lp.
1179 3729 1239 3793 631
1256 3751 1336 3812 sqq.,

196 3833 429 3921 Wesselingius
452 3837 491 3900 ad
514 3836 668 3902 Herodoti
691 3837 717 3921 I,
749 3838 819 3920 193,
842 3836 1075 3902 Valckenarius
1103 3838 1144 3902 ad
1166 3838 1222 3902 lib.
1246 3837 1388 3920 V111,4‘2

195 3945 247 4010 86.
282 3946 372 4022 Quod
394 3950 501 4012 autem
523 3947 628 4031 priore
650 3947 706 4011 illo
729 3970 827 4012 versu
843 3949 940 4028 αὐτῆ(
968 3948 1042 4012 inde
1065 3949 1106 4012 ab
1129 3947 1212 4012 Aldo
1240 3949 1338 4031 scrip-

195 4059 263 4120 trun
291 4058 417 4122 notavit
444 4057 714 4142 Wytteubachius
743 4057 817 4141 (vol.
847 4058 880 4122 ll
908 4081 939 4142 p.
972 4059 1062 4144 153),
1092 4059 1125 4121 id
1152 4057 1262 4122 codem
1290 4061 1338 4122 cst

195 4165 273 4229 vitio
296 4169 445 4232 affectum
467 4171 562 4252 atque
578 4167 823 4232 scholiastae
845 4168 942 4232 verba
957 4168 997 4232 ad
1019 4168 1210 4252 Aeschyli
1230 4167 1335 4232 Pers.

198 4277 251 4339 161
274 4276 350 4359 [163
365 4299 396 4360 ρ.
412 4277 486 4359 436,
510 4278 552 4343 23
566 4277 696 4367 Dind.],
720 4299 801 4363 quac
824 4279 870 4342 sic
892 4280 1121 4344 emaculamus:
1144 4279 1175 4343 ol
1190 4279 1336 4360 strenue,

195 4387 325 4467 ἔχοντε(
354 4389 412 4467 μὲν
435 4389 522 4469 ἰεχὺν
545 4392 604 4470 τὴν
626 4389 776 4473 αὐτῶν,
805 4391 975 4470 χρημάτων
1008 4391 1048 4454 δὲ
1077 4389 1336 4469 ἀπολειπόμενοι.

1070 4491 1136 4556 47*
