3218 5094
278 363 341 428 656
663 381 710 427 nu
733 382 803 430 ono
827 382 871 428 ur
894 381 1036 430 01110111.
1138 351 1144 368 '

277 533 474 609 τράχηλος
497 554 528 614 p.
554 531 631 614 764,
655 533 706 595 46.
731 570 772 580 —-
801 533 950 598 Ceterum
972 533 1060 596 vides
1082 534 1256 618 diligenter
1278 536 1421 614 notatas,

279 641 306 704 si
332 640 460 722 quando
493 641 572 704 alias
605 649 799 722 affectionum
832 642 952 706 formas
981 642 1064 708 Orus
1097 644 1261 727 usurparit
1292 647 1424 726 praeter

279 749 488 812 usitatissima
509 752 566 814 illa
588 773 708 836 genera
730 774 762 835 p.
783 753 821 816 61
847 774 866 815 a
889 752 981 816 nobis
1003 755 1118 836 posita.
1148 753 1326 836 inquibus
1349 774 1422 816 cum

280 860 471 943 aliquotiens
495 884 553 925 usn
576 863 685 926 veniat
707 865 850 943 (υετολή,
874 865 983 925 tamen
1006 863 1064 925 has
1087 862 1213 945 quidem
1236 863 1420 926 notationes

280 969 360 1048 (ἀκή,
384 972 492 1050 ἕδνον,
515 972 652 1050 μητίετα,
676 971 790 1055 quibus
812 971 893 1034 adde
909 975 1007 1054 φῦλα)
1032 993 1089 1035 eur
1110 973 1305 1035 noluerimus
1327 993 1420 1056 prop-

278 1083 368 1143 terca
394 1081 428 1143 in
456 1083 660 1161 διχρόνοιε
689 1082 840 1144 continuo
869 1081 996 1163 afferre,
1026 1081 1121 1145 facile
1149 1083 1203 1164 qui
1227 1082 1419 1166 ,diligentius

281 1189 492 1254 considerant
513 1191 696 1274 perspiciat.

803 1387 823 1465 0
845 1385 898 1450 25.

365 1522 392 1584 1.
423 1519 573 1583 Nondum
595 1519 797 1582 exhausimus
820 1519 1022 1583 notationum
1044 1520 1284 1585 multitudinem
1307 1542 1345 1584 ex
1361 1519 1416 1584 Ori

278 1629 395 1694 Milesii
417 1631 544 1716 scriptis
567 1629 603 1692 in
618 1629 842 1713 Etymologica
865 1633 1127 1714 propagatarum.
1158 1630 1298 1694 Restant
1321 1631 1414 1711 enim,

278 1741 393 1824 quibus
421 1762 493 1803 cum
525 1739 771 1823 orthographia,
806 1739 960 1820 ethnicis,
995 1741 1105 1805 πάθεα
1138 1739 1219 1804 nihil
1248 1742 1416 1824 quicquam

280 1872 446 1914 commune
473 1850 523 1912 vel
551 1849 652 1932 possit
680 1871 748 1912 esse
776 1849 827 1912 vel
851 1869 920 1912 esse
942 1849 1098 1912 videatur.
1143 1849 1229 1913 Nam
1251 1871 1329 1913 sane
1350 1850 1417 1912 iure

279 1959 414 2022 iurando
447 1959 602 2022 affirmari
629 1957 756 2041 nequit,
789 1979 854 2022 non
882 1961 1039 2022 tractatas
1073 1959 1161 2022 velut
1193 1959 1228 2022 in
1256 1961 1417 2040 διχρόνοι(

269 2069 393 2158 luisse,
423 2089 638 2151 quaecumque
665 2089 758 2130 voces
786 2089 842 2149 per
871 2089 881 2130 1
909 2068 959 2130 vel
989 2090 1008 2132 υ
1035 2071 1086 2132 vel
1114 2069 1355 2145 ascribuntur,
1381 2073 1418 2131 ut

162 2187 163 2192 ’
279 2180 336 2244 tic
359 2177 466 2261 Etym.
491 2177 536 2240 M.
560 2200 591 2261 p.
615 2177 689 2256 452,
714 2178 763 2252 17,
785 2177 869 2256 truc
898 2181 918 2258 ξ
945 2177 998 2260 10,
1022 2179 1201 2244 κίναιδος
1223 2201 1256 2261 p.
1279 2179 1353 2258 514,
1378 2179 1416 2242 17

280 2309 351 2352 cum
373 2287 446 2351 Par.
471 2311 501 2371 p.
527 2288 598 2370 920,
623 2287 701 2351 Zon.
725 2309 756 2370 p.
783 2287 875 2367 1208,
901 2286 982 2350 Gud.
1006 2311 1038 2370 p.
1062 2287 1135 2370 322,
1162 2290 1211 2370 ll,
1236 2293 1418 2367 εταμῑνεε

279 2398 387 2482 Etym.
411 2398 455 2461 M.
479 2421 511 2482 p.
536 2397 613 2479 724,
644 2397 686 2461 56
714 2401 845 2480 propter
872 2395 1078 2460 Homericum
1106 2398 1293 2479 (ταμίνεεει,
1323 2398 1416 2460 aliae.

279 2508 426 2583 Qualium
449 2529 526 2572 cave
548 2529 589 2571 nc
612 2508 751 2591 potuisse
780 2507 877 2570 ctiam
899 2508 933 2570 in
961 2507 1192 2592 orthographia
1220 2507 1326 2571 sedem
1350 2529 1418 2570 esse

280 2619 412 2703 colligas
440 2640 457 2681 e
484 2617 680 2701 Theognosti
716 2616 924 2685 similitudine
956 2618 1006 2680 vel
1037 2616 1168 2701 Georgii
1196 2617 1417 2698 Choerobosci,

280 2728 368 2792 cuius
391 2728 518 2812 quidem
540 2735 579 2790 dc
601 2717 821 2805 orthographia
845 2737 994 2791 tractatus
1021 2727 1062 2790 ab
1084 2727 1134 2790 his
1156 2727 1298 2810 incipere
1320 2726 1419 2790 tradi-

278 2841 332 2901 tur
353 2839 388 2901 in
405 2837 507 2902 Catal.
533 2836 622 2900 codd.
646 2857 721 2900 mss.
746 2833 830 2898 Bibl.
855 2835 936 2920 Reg.
962 2858 994 2898 n.
1018 2836 1117 2900 2554:
1141 2838 1238 2902 Ἀκτίε
1260 2839 1313 2902 διὰ
1333 2841 1419 2902 rosit

281 2946 380 3034 [nune
406 2947 442 3009 in
465 2947 606 3010 Crameri
629 2945 751 3009 Aneed.
781 2947 840 3009 Ox.
865 2945 950 3028 Hp.
978 2947 1036 3010 167
1060 2945 1158 3034 sqq.]:
1195 2946 1313 3030 quippe
1335 2946 1418 3030 quod

229 3069 262 3118 68
281 3055 527 3121 condonandum
550 3059 598 3119 est
620 3055 745 3120 saeculo
760 3056 882 3139 quintu,
906 3077 972 3118 non
995 3057 1071 3119 licet
1091 3056 1165 3120 ilico
1187 3057 1362 3120 transferre
1383 3056 1418 3120 iu

279 3167 426 3230 alterum.
472 3165 521 3251 Of.
546 3165 715 3230 Villoisoni
738 3165 860 3228 Anecd.
885 3165 917 3228 ΙΙ
940 3187 971 3248 ρ.
998 3166 1074 3247 103,
1104 3167 1229 3230 Osanni
1257 3166 1360 3251 praef.
1383 3166 1419 3229 in

279 3277 413 3341 Philem.
438 3301 470 3360 p.
494 3275 588 3358 XIV,
622 3275 814 3359 Goettliugii
842 3273 943 3358 praef.
974 3275 1008 3338 in
1037 3275 1249 3340 Theodosium
1270 3299 1302 3360 p.
1327 3275 1417 3339 Xlll.

279 3387 450 3452 Praeterea
465 3377 639 3450 verendum
659 3388 709 3448 est
729 3407 770 3448 ne
784 3384 936 3447 hariolari
951 3384 1124 3468 iudicetur,
1148 3388 1201 3470 qui
1223 3387 1258 3449 in
1274 3386 1330 3450 Ori
1346 3388 1418 3465 περὶ

280 3500 472 3578 πολυεήμων
494 3499 614 3562 λέξεων
636 3494 756 3576 1110110,
781 3495 870 3558 cuius
886 3494 981 3558 fidem
996 3515 1064 3558 esse
1078 3496 1324 3560 incertissimam
1340 3494 1419 3559 vidi-

279 3630 359 3690 mus,
376 3608 573 3691 disputatum
589 3627 657 3670 esse
677 3605 815 3669 coniciet
830 3605 869 3668 de
884 3605 998 3670 πίναξ
1013 3625 1090 3669 voce
1106 3605 1159 3668 Et.
1177 3605 1221 3669 M.
1234 3629 1265 3690 p.
1278 3606 1351 3686 672,
1364 3605 1417 3686 27,

280 3718 318 3781 de
340 3719 543 3798 προῦργου
566 3739 597 3800 p.
614 3701 692 3798 691,
714 3715 766 3796 32,
791 3715 867 3778 Fau.
884 3713 954 3778 Ecl.
979 3738 1010 3798 p.
1028 3715 1100 3796 385,
1123 3717 1175 3798 34,
1199 3716 1238 3779 de
1261 3716 1419 3795 rotetur

194 3840 196 3856 ¹
280 3831 300 3908 ξ
322 3827 374 3909 24,
395 3829 416 3891 3
439 3805 656 3910 similibusque
679 3826 760 3888 aliis.
792 3823 867 3888 Non
889 3827 937 3886 cst
958 3828 1065 3887 autem
1086 3824 1417 3908 praetermittendum,

278 3959 345 4002 non
366 3937 460 4000 modo
482 3936 635 4001 librorum
651 3937 692 4000 ab
708 3935 772 3999 Oro
796 3934 996 3998 conditorum
1010 3934 1144 4017 nullum,
1169 3935 1223 3997 sed
1246 3956 1288 4000 ne
1310 3955 1419 3998 eorum

279 4047 401 4111 indices
424 4047 549 4131 quidem
573 4047 612 4110 ad
635 4050 778 4110 nostram
804 4044 991 4107 memoriam
1014 4047 1145 4107 cunctos
1174 4067 1242 4108 esse
1264 4044 1418 4128 proditos,

279 4179 412 4242 quorum
435 4180 532 4240 unus,
562 4179 626 4220 uno
648 4157 737 4220 tenui
760 4155 896 4238 vestigio
920 4157 1140 4236 conservatus,
1170 4156 1221 4219 ἐπὶ
1243 4159 1341 4233 ξυροῦ
1365 4154 1419 4218 ἀκ-

279 4273 338 4347 μῆε
360 4271 431 4330 erat
450 4270 488 4330 ut
509 4270 586 4332 item
608 4267 797 4330 aboleretur.
831 4264 987 4326 Auferte
1008 4253 1126 4329 πίνακα
1147 4269 1213 4330 τῶν
1237 4266 1354 4329 ἑαυτοῦ
1377 4264 1420 4327 ab

281 4377 344 4442 Oro
368 4379 577 4461 compositius
599 4379 696 4440 trium
719 4376 878 4440 indicibus
900 4373 1052 4436 librorum
1068 4375 1249 4438 constitisse
1263 4371 1395 4458 putabis
1403 4373 1427 4472 ‘t
