3254 5092
236 335 300 398 214
584 345 741 394 azaram
764 346 1024 394 riconaaonam

237 507 405 585 utrumque
427 501 462 564 in
485 501 590 584 aliqua
612 521 717 562 rerum
744 521 824 583 quae
852 501 1026 562 narrantur
1054 498 1238 561 diversitate
1267 500 1376 559 tamen

239 612 375 676 eundem
402 611 542 694 sequitur
570 609 753 694 argumenti
779 611 939 690 tenorem,
970 610 1007 670 ut
1033 607 1127 670 initio
1155 629 1174 669 a
1201 605 1378 669 Ptolemaei

177 729 190 754 ⁹
241 721 323 785 curis
345 720 432 784 facto
454 741 511 803 per
533 718 739 782 adumbratas
762 717 942 782 comoediae
966 721 1088 781 aetates
1112 716 1151 779 ad
1180 714 1377 778 definiendas

145 865 148 870 ·
238 831 419 894 fabularum
453 831 560 912 partes
592 827 755 910 decurrat,
795 849 866 890 oum
899 827 934 890 in
967 826 1115 890 Parisino
1149 823 1379 890 commentario

239 940 350 1024 primis
373 939 531 1021 capitibus
553 939 630 1000 ordo
652 937 799 1000 turbatus
821 937 874 1000 su,
906 937 1023 1002 Obstat
1044 933 1175 1016 deinde,
1200 934 1280 1018 quod
1297 933 1379 996 nihil

239 1049 373 1114 istarum
399 1047 675 1128 adhortationum,
710 1047 822 1129 quibus
850 1045 1014 1110 admoneri
1046 1045 1208 1130 legentem
1236 1047 1268 1106 et
1301 1043 1376 1106 scri-

240 1158 340 1240 ptoris
368 1157 501 1220 inventa
524 1155 681 1219 venditari
704 1155 861 1236 videmus,
890 1155 942 1219 hic
971 1155 1117 1238 legimns.
1163 1155 1303 1218 Obstant
1325 1152 1375 1216 de·

241 1267 336 1350 nique
352 1265 603 1329 adversariorum
619 1265 799 1328 sententiae
814 1286 880 1328 non
895 1264 997 1328 solum
1012 1264 1080 1328 sine
1103 1264 1167 1327 ulla
1182 1263 1377 1326 refutatione

241 1377 380 1458 positae,
410 1374 465 1438 sed
495 1374 593 1437 etiam
625 1375 687 1456 ita,
720 1378 756 1436 ut
788 1395 829 1438 ne
860 1397 879 1437 a
907 1374 1022 1438 Tzetza
1057 1374 1184 1457 quidem
1206 1372 1379 1454 expectari

242 1487 385 1569 poterat,
409 1484 618 1548 obtruncatae
641 1487 674 1548 et
695 1483 780 1547 inter
802 1505 835 1548 se
858 1485 1057 1548 commixtae.
1095 1482 1199 1558 Quare
1222 1503 1294 1546 eum
1315 1503 1382 1544 non

242 1595 405 1678 integmm
432 1593 567 1656 Taetzae
596 1593 876 1676 commentarium,
910 1593 965 1656 sed
994 1596 1179 1675 excerptum
1206 1611 1245 1654 ex
1273 1590 1334 1654 hoe
1362 1613 1381 1654 a

243 1704 418 1768 recentiore
440 1702 576 1785 quodam
607 1701 817 1787 grammatico
840 1702 932 1766 nobis
955 1702 1097 1765 oblatum
1120 1722 1189 1764 esse
1211 1702 1381 1783 appareat:

244 1811 334 1896 (nam
350 1812 389 1874 ad
405 1811 554 1874 Taetzam
576 1811 656 1875 haec
678 1833 800 1895 quoque
821 1812 989 1876 referenda
1011 1833 1095 1892 esse,
1119 1809 1263 1892 quamvis
1279 1809 1382 1872 haesi-

243 1920 322 1983 tarit
338 1919 505 1984 Cramerus
521 1920 643 1984 Anecd.
661 1920 764 1985 Oxou.
781 1920 796 1984 I
819 1943 850 2003 p.
867 1922 916 2002 13,
940 1924 1014 2004 post
1035 1919 1241 1983 Ambrosiani
1264 1917 1382 1982 codicis

243 2029 462 2092 testimonium
484 2050 578 2092 nemo
592 2030 727 2114 negabit
735 2031 757 2114 :)
781 2051 817 2092 eo
832 2051 930 2112 usque
951 2028 1100 2113 progredi
1115 2050 1181 2092 non
1197 2028 1324 2110 dubito,
1347 2031 1383 2091 ut

244 2140 372 2220 praeter
398 2138 502 2221 prima
525 2138 632 2222 capita
659 2139 781 2222 reliqna
804 2138 911 2202 omnia
933 2143 989 2202 aut
1015 2161 1053 2202 ex
1076 2139 1145 2221 ipso
1168 2138 1382 2202 Ambrosiano

244 2247 327 2310 libro
343 2250 398 2310 aut
413 2267 451 2310 ex
466 2247 579 2310 iisdem
595 2251 680 2310 certe
702 2248 953 2332 prolegomeniS,
977 2247 1121 2330 quamvis
1136 2267 1175 2310 ex
1196 2247 1259 2310 alio
1275 2246 1382 2310 codiee

245 2356 348 2439 petita
370 2356 505 2438 fuerint,
529 2356 625 2419 ducta
648 2377 715 2420 esse
739 2356 941 2420 contendam.

329 2463 414 2529 Nam
441 2465 467 2528 si
496 2465 663 2530 recesseris
692 2467 733 2529 ab
760 2466 814 2548 iia,
849 2487 929 2549 quae
958 2469 1033 2529 ante
1062 2466 1310 2548 disputationem
1344 2466 1382 2528 de

245 2575 474 2638 Alexandrinis
497 2574 697 2639 bibliothecis
724 2575 907 2640 institutam
933 2575 1038 2658 posita
1066 2578 1156 2656 sunt,
1186 2575 1307 2658 reliqna
1336 2575 1383 2638 ita

246 2687 430 2768 comparata
458 2706 525 2747 esse
554 2684 691 2765 videbis,
721 2688 772 2768 ut,
802 2684 1065 2768 quemadmodum
1088 2706 1125 2748 ex
1153 2685 1284 2767 utroque
1307 2686 1382 2747 Am-

245 2793 386 2856 brosiani
402 2792 518 2857 codicis
535 2794 778 2876 commentario,
803 2795 874 2878 aliis¹
889 2794 1029 2875 omissis,
1054 2793 1126 2856 aliis
1141 2794 1272 2858 mutatis
1288 2797 1383 2877 atque

244 2903 280 2965 in
301 2902 427 2965 brevius
451 2903 638 2986 contractis,
664 2903 802 2968 conflata
824 2903 905 2986 sint,
935 2904 1031 2967 facilc
1055 2923 1239 2986 cognoscas
1285 2903 1383 2966 Initio

246 3011 332 3074 eninr
354 3033 373 3073 a
394 3011 500 3094 priore
523 3013 751 3076 commentario
773 3012 861 3076 facto
883 3035 956 3075 mox
978 3012 1032 3076 nbi
1055 3034 1121 3075 rem
1147 3012 1185 3075 de
1208 3012 1383 3076 Ptolemaei

245 3119 357 3184 studiis
379 3119 432 3184 hic
446 3119 622 3184 indicatam
644 3122 749 3204 potius
777 3143 872 3204 quam
894 3122 1087 3205 explicatam
1108 3120 1188 3184 vidit
1210 3121 1381 3204 breviator,

246 3229 286 3292 ad
309 3228 443 3292 alterum
465 3230 582 3314 pergit.
621 3229 690 3305 Qua
712 3231 747 3293 in
768 3253 802 3294 re
825 3231 908 3315 quod
930 3231 1033 3313 ipsam
1055 3230 1145 3294 illam
1167 3230 1205 3294 de
1221 3231 1382 3294 Pisistrati

246 3338 329 3402 curis
345 3337 522 3403 Homericis
545 3340 696 3404 fabellam
719 3341 836 3404 acriter
851 3362 870 3403 a
885 3341 1001 3404 Taetza
1020 3341 1242 3424 impugnatam
1264 3343 1382 3404 temere

246 3448 374 3530 ascivit,
398 3449 631 3532 imprudentiae
647 3453 679 3513 et
694 3450 914 3534 negligentiae
936 3449 1075 3514 hominis
1090 3450 1221 3513 omnino
1242 3449 1382 3513 tribuen-

245 3557 320 3620 dum
343 3561 391 3621 est
414 3580 483 3621 cum
506 3557 683 3622 Ritschelio
705 3558 858 3622 Corollar.
879 3581 910 3642 p.
928 3560 963 3641 63
986 3559 1175 3642 praesertim
1192 3581 1262 3622 curn
1278 3559 1382 3621 admo·

179 3677 227 3726 126
245 3665 319 3730 dum
341 3667 507 3750 probabile
529 3668 586 3750 sit,
614 3689 741 3731 omnem
763 3668 847 3732 hanc
869 3668 908 3732 de
931 3668 1158 3732 Alexandrinis
1182 3666 1382 3731 bibliothecis

246 3779 278 3838 et
300 3775 338 3838 de
361 3776 473 3840 studiis
495 3776 691 3840 Pisistratcis
713 3778 947 3860 narrationem,
978 3800 1074 3861 quam
1096 3779 1130 3840 in
1156 3778 1383 3861 prolegomena

245 3885 483 3967 Aristophanes
510 3884 649 3950 delatam
677 3907 745 3948 esse
777 3886 845 3950 iure
872 3887 1005 3950 miratus
1037 3891 1085 3950 est
1117 3886 1310 3950 ltitsehelius
1344 3885 1383 3950 de

246 3993 366 4057 scholio
388 3993 492 4058 Plaut.
516 4017 548 4076 p.
573 3995 630 4076 37,
654 4015 691 4058 ea
714 3995 781 4058 sola
804 3995 842 4058 de
866 4017 961 4060 cansa
988 3999 1055 4060 tem
1083 3995 1209 4078 copiose
1231 3996 1291 4060 hoe
1313 3996 1383 4060 loco

246 4125 265 4164 a
280 4102 397 4166 Taetaa
419 4102 595 4185 expositam
618 4123 701 4184 esse,
726 4106 761 4166 ut
776 4105 887 4186 quavis
903 4106 1069 4170 occasione
1091 4107 1218 4186 arrepta
1234 4104 1383 4169 Heliodo-

246 4233 332 4294 rum,
357 4210 444 4276 cuius
466 4212 616 4294 opinione
638 4233 672 4275 se
694 4212 728 4275 in
751 4234 890 4276 errorem
911 4214 1075 4276 inductum
1093 4234 1161 4275 esse
1175 4214 1269 4277 modo
1291 4215 1383 4278 intel-

246 4319 384 4400 lexerat,
408 4319 614 4405 redargueret
635 4342 786 4406 suumque
808 4321 907 4404 ipsius
930 4342 1069 4386 errorem
1092 4321 1275 4404 corrigeret.
1322 4323 1382 4386 lte-
1478 4331 1481 4334 ’
