3254 5086
236 331 312 406 Ἰ489
516 347 563 393 uu
586 343 814 394 ununusums
838 345 1130 405 nurrqurn'nsvs

334 497 398 562 Vix
421 520 499 582 opus
521 499 619 562 fuerit
641 499 679 562 de
700 519 822 561 summa
845 519 958 562 norma
980 499 1084 563 critici
1106 499 1140 562 in
1162 499 1307 582 Dionysii
1323 501 1390 564 An·

250 608 452 692 tiquitatibus
479 609 603 692 negotii
629 608 773 690 pluribus
802 628 970 691 exponere.
1021 607 1123 683 Quam
1151 609 1229 673 satis
1257 615 1392 694 apparet

250 718 335 782 hane
356 718 470 782 debere
493 740 571 800 esse,
595 721 631 780 ut
648 739 666 780 a
684 717 826 784 (lhisiani
849 721 941 800 parte
963 721 1081 782 stemus
1104 719 1271 802 quamdiu
1291 721 1390 803 possi-

251 851 330 912 mus,
355 850 414 892 neo
435 834 546 892 tamen
567 849 732 891 vereamur
755 828 795 891 ad
811 826 978 892 Vrbinatis
1000 828 1095 893 fidem
1116 830 1300 914 confugere,
1322 832 1390 894 ubi-

252 961 384 1022 cumque
400 939 432 1002 id
448 939 519 1022 ipsa
541 937 624 1002 ratio
640 938 689 1002 vel
705 940 818 1020 poscat
832 938 881 1001 vel
897 960 963 1002 non
978 961 1151 1022 numquam
1172 943 1299 1004 tantum
1321 963 1390 1005 sua·

251 1047 335 1112 deat.
387 1049 476 1113 Idem
498 1049 604 1112 valere
626 1047 664 1111 de
686 1047 833 1112 Romano
862 1047 969 1112 codice
997 1048 1160 1134 Sylburgii
1188 1051 1260 1114 volo
1287 1073 1325 1115 ac
1352 1051 1391 1115 de

249 1159 354 1222 latina
376 1157 457 1240 Lapi
479 1158 755 1240 interpretatione,
772 1161 825 1240 ut,
849 1157 950 1221 sicubi
973 1179 1011 1221 ex
1028 1159 1083 1222 illo
1106 1159 1259 1242 prodatur
1281 1161 1330 1224 vel
1353 1183 1391 1224 ex

251 1269 311 1332 hoc
331 1271 383 1332 sat
405 1271 491 1331 certo
514 1268 699 1352 colligatur,
724 1269 812 1332 cuius
835 1271 946 1350 aperta
968 1269 1011 1331 sit
1032 1268 1135 1332 maior
1156 1292 1251 1353 quam
1270 1270 1391 1335 Chisia-

251 1400 313 1442 nae
328 1377 567 1462 Vaticanaeque
590 1377 761 1442 memoriae
783 1377 1009 1461 probabilitas,
1034 1379 1067 1443 id
1089 1379 1158 1442 sine
1180 1380 1245 1444 ulla
1267 1381 1391 1444 dubita-

251 1489 339 1552 tione
368 1488 557 1572 recipiatur,
586 1509 646 1552 nec
667 1491 831 1572 tamquam
855 1488 1037 1558 coniectura
1063 1493 1223 1573 repertum
1255 1494 1393 1574 (constat

253 1599 339 1662 enim
361 1599 411 1662 vel
434 1598 469 1662 in
489 1597 676 1662 deterrimos
699 1597 859 1662 interdum
881 1599 1005 1662 codices
1029 1620 1104 1662 casu
1125 1600 1289 1682 irrepsisse
1311 1601 1392 1684 opti·

252 1731 320 1771 mas
348 1707 537 1791 scripturas,
566 1729 699 1791 quarum
721 1709 853 1772 nonsit
879 1707 948 1771 alio·
973 1729 1011 1772 ao
1039 1709 1158 1791 probae
1192 1711 1392 1774 coniecturae

253 1818 463 1902 auotoritas),
492 1817 547 1881 sed
568 1820 732 1900 tamquam
755 1839 793 1881 ex
815 1818 871 1882 illo
897 1816 1004 1882 codice
1027 1817 1155 1882 ductum
1178 1841 1273 1902 quem
1293 1821 1319 1884 Ω
1342 1820 1391 1882 lit-

253 1931 323 1990 tera
350 1926 558 2010 signavimus.
614 1926 710 1990 Hunc
739 1929 853 1991 autem
878 1927 1018 1991 codicem
1052 1929 1109 1991 etsi
1143 1930 1392 1993 emendatiorem

255 2037 378 2100 cunetis
400 2037 536 2100 diximus
558 2037 611 2120 qui
634 2036 727 2100 hodie
750 2039 892 2119 exstent,
922 2041 1031 2100 tamen
1054 2059 1110 2102 sua
1133 2042 1246 2121 sponte
1270 2039 1392 2103 intelle-

254 2147 341 2232 gitur
364 2146 482 2230 aliquid
505 2147 586 2210 labis
608 2147 760 2229 temporis
782 2146 952 2230 iniquitate
975 2147 1079 2229 ipsum
1101 2148 1164 2210 iam
1185 2149 1391 2232 contraxisse,

255 2279 271 2321 e
294 2279 355 2340 quo
383 2257 585 2340 consequitur
612 2277 812 2340 nequequam
841 2277 948 2320 carere
970 2256 1117 2340 Dionysii
1140 2258 1293 2322 editorem
1315 2258 1393 2322 divi-

254 2367 354 2430 nandi
381 2366 537 2430 facultate
560 2369 592 2429 et
615 2366 816 2430 coniectandi
844 2387 941 2449 opera
968 2367 1172 2450 supersedere
1197 2389 1298 2451 posse.
1344 2369 1394 2432 Ac

255 2477 410 2560 ‹prriedom
434 2499 470 2540 eo
492 2477 526 2540 in
548 2497 666 2560 genere
693 2478 826 2558 peccata
854 2474 940 2538 haud
962 2476 1028 2540 scio
1050 2498 1092 2540 an
1114 2499 1179 2540 non
1202 2477 1280 2540 satis
1307 2481 1394 2542 reete

257 2587 462 2668 correxerim,
479 2585 635 2669 quaedam
654 2585 790 2649 fortasse
813 2585 957 2670 cupidius
978 2587 1104 2649 tentavi
1127 2587 1228 2671 (velut
1249 2577 1394 2652 dubitare

257 2697 346 2780 coepi
363 2697 402 2760 de
425 2700 491 2762 τῶν
515 2696 649 2759 articulo
666 2717 698 2779 p.
716 2695 752 2778 5,
767 2695 810 2759 30
824 2695 993 2778 reposito):
1019 2717 1085 2759 non
1102 2695 1270 2760 admodum
1289 2718 1394 2761 emen-

256 2807 342 2890 data,
359 2805 484 2868 etiarnsi
499 2827 564 2869 non
578 2805 816 2888 corruptissima
828 2804 931 2868 forma
943 2804 1090 2888 Dionysii
1109 2827 1186 2888 opus
1199 2807 1238 2869 ad
1251 2811 1394 2870 nostram

256 2919 394 2978 aetatem
411 2915 459 2978 vel
476 2937 533 2998 per
547 2915 684 2998 optimos
707 2913 1006 2998 antiquissimasque
1028 2914 1125 2978 libros
1145 2915 1305 2998 proditum
1326 2939 1394 2980 esse

256 3046 327 3088 cum
349 3024 404 3087 alii
426 3025 520 3087 naevi
542 3024 671 3107 plurimi
693 3023 866 3088 ostendunt
888 3045 946 3107 per
960 3024 1063 3106 ipsam
1085 3046 1190 3088 rerum
1207 3047 1225 3088 a
1240 3023 1394 3090 Romanis

255 3137 419 3218 gestamm
449 3133 667 3197 narrationem
689 3132 838 3216 dispersi,
867 3136 936 3196 tum
958 3133 1111 3217 prooemii
1133 3137 1295 3198 testantur
1316 3135 1395 3199 haec

257 3244 417 3327 exempla:
440 3266 471 3327 p.
488 3244 519 3326 2,
539 3245 576 3308 17
593 3245 680 3322 οὐδὲ,
703 3243 734 3325 3,
750 3243 792 3306 29
811 3246 945 3321 πολλῆς,
968 3243 999 3326 4,
1018 3244 1056 3307 13
1073 3243 1158 3326 οὔτε,
1182 3244 1213 3326 5,
1233 3243 1271 3308 15
1285 3245 1394 3327 πάλαι,

257 3355 288 3433 9,
306 3356 322 3416 1
338 3355 503 3433 ἐχομένης,
525 3355 556 3436 6,
577 3353 613 3415 12
627 3356 696 3432 τὴν,
719 3353 749 3434 9,
769 3352 808 3416 19
823 3354 977 3434 πολιτῶν,
1001 3352 1032 3434 6,
1048 3353 1089 3417 28
1104 3354 1187 3430 τότε,
1209 3355 1238 3437 7,
1251 3354 1293 3418 29
1308 3355 1395 3433 οὐδὲ,

257 3465 288 3546 8,
313 3463 354 3526 29
381 3463 436 3541 ἦν,
470 3463 844 3545 9,(111ποεεευρκότων,
875 3462 906 3544 9,
931 3463 969 3526 18
988 3463 1181 3541 γραμμάτων
1203 3464 1395 3544 ἐπιχωρίων,

258 3572 345 3652 9,19
367 3574 473 3656 τούτῳ
495 3573 620 3657 χρόνῳ,
650 3571 700 3652 19,
724 3571 765 3634 22
788 3574 957 3651 χρονικαῖς.
1006 3572 1056 3634 Ac
1078 3571 1215 3635 solorum
1244 3572 1396 3636 librorum

258 3703 317 3764 ope
345 3703 410 3744 non
443 3701 534 3764 posse
561 3683 595 3744 iu
623 3680 794 3763 pristinum
827 3680 964 3743 nitorem
998 3679 1146 3762 Dionysii
1178 3681 1396 3765 antiquitates

259 3791 399 3855 revocari
423 3790 506 3853 solus
530 3810 595 3853 non
615 3790 786 3872 perspexit,
811 3789 865 3872 qui
880 3811 920 3854 ne
935 3789 1093 3854 Vrbinatc
1116 3790 1242 3872 quidem
1264 3790 1319 3854 illo
1340 3813 1397 3855 suo

259 3901 304 3964 uti
328 3900 392 3964 ullo
414 3902 510 3982 pacto
532 3899 642 3981 sciret,
667 3899 854 3982 HudsouuS,
883 3887 981 3982 proloe
1003 3903 1233 3982 perspexenmt
1254 3900 1335 3964 bene
1357 3900 1396 3963 de

259 4011 413 4092 Dionysio
435 4009 540 4072 meriti
564 4009 780 4092 Casaubonus,
805 4008 1002 4093 Sylburgius,
1026 4007 1175 4072 Reiskius
1196 4012 1319 4072 etanta
1339 4011 1396 4072 hos

259 4119 417 4183 Robertus
440 4117 631 4202 Stephanus

343 4227 451 4291 Vnum
473 4231 589 4310 restat,
613 4233 649 4291 ut
670 4229 709 4292 dc
730 4227 818 4310 Lapo
840 4248 942 4312 pauca
965 4226 1133 4309 addantur,
1157 4239 1250 4310 quern
1273 4227 1313 4290 ab
1336 4226 1396 4290 hae

260 4337 370 4401 ultima
395 4337 610 4420 disputatione
632 4359 767 4424 prorsus
783 4337 906 4400 seiunxi
930 4339 1059 4418 propter
1081 4336 1213 4400 nimium
1235 4335 1397 4400 iudicandi
