3272 5088
229 369 293 438 462
404 387 407 392 ’
507 360 509 366 ’
699 390 746 438 uu
769 391 917 440 nnnsrrs

316 542 405 628 (XV)
443 541 664 626 Amphipolim
696 544 963 609 commemorandi
992 543 1053 607 etsi
1079 543 1143 606 fuit
1171 564 1249 607 sane
1277 541 1376 607 etiam

231 653 360 716 Pellaeo
382 653 530 737 Marsyae
552 653 734 739 largissima
757 659 790 719 et
811 654 1035 738 opportunitas
1058 657 1091 717 et
1106 675 1180 717 vero
1200 654 1375 718 necessitas

232 763 307 826 inde
330 764 371 827 ab
387 763 567 847 olympiade
590 765 646 847 78,
680 768 789 828 tamen
818 765 975 848 imprimis
1004 764 1164 847 copiosam
1194 764 1260 828 eius
1288 763 1376 826 urbis

232 873 479 956 descriptionem
512 874 672 938 exstitisse
703 875 738 938 in
766 873 983 958 Philippensis
1012 873 1229 939 Macedonicis
1260 874 1377 938 docent

233 983 353 1048 scholia
368 983 530 1048 Vaticana
553 983 587 1048 in
603 984 766 1067 Euripidis
788 983 931 1048 Rhesum
952 1007 981 1048 v.
999 985 1061 1049 346
1083 985 1189 1049 verbis
1210 984 1245 1048 in
1268 982 1375 1048 codice

234 1093 489 1179 comptissimis,
513 1095 559 1159 sic
582 1098 689 1158 autem
710 1093 939 1179 redintegratis
955 1096 996 1160 ab
1010 1094 1199 1160 Hermanno
1215 1091 1376 1179 Opuch

232 1227 265 1288 p.
284 1204 346 1269 190
356 1227 420 1288 sq.:
444 1205 502 1270 οὐκ
525 1205 629 1286 εἴρηκε
644 1207 732 1270 τίνα(
749 1207 889 1271 Μουτῶν
905 1206 924 1271 ὁ
940 1207 1050 1285 Ῥῆεοτ
1071 1205 1119 1286 εἴη
1135 1210 1219 1271 παῖε.
1246 1207 1376 1271 Κλειοῦτ

233 1316 341 1395 μέντοι
369 1316 515 1392 λέγουτιν
544 1315 643 1381 αὐτὸν
672 1315 770 1393 εἶναι,
799 1317 942 1396 καθάπερ
965 1317 1149 1397 Μαρεύαε
1175 1317 1193 1381 ὁ
1217 1317 1376 1396 νεώτερα(

233 1425 269 1491 ἐν
291 1428 360 1491 rote
384 1428 615 1493 Μακεδονικοῖς
638 1426 688 1510 (ἐν
711 1429 822 1490 rav.
847 1426 979 1506 οἰκοδομ
1001 1433 1079 1489 Ar.
1104 1425 1187 1512 cod.)
1215 1427 1287 1507 περὶ
1309 1430 1375 1491 τῶν

233 1537 423 1617 κακομόρων
445 1536 584 1617 γράφων
607 1536 725 1601 οὕτως·
750 1535 824 1600 «etri
846 1538 881 1601 δὲ
904 1537 936 1601 οἳ
958 1538 1008 1600 καὶ
1034 1537 1107 1616 περὶ
1133 1536 1251 1601 τούτου
1281 1536 1374 1601 είπον

233 1650 330 1711 τοῦτο
359 1645 490 1731 (τοῦτον
515 1645 613 1730 cod.)·
652 1647 750 1711 Κλειὼ
779 1648 837 1726 τὴν
866 1647 942 1712 θεὸν
971 1647 1035 1711 ὑπὸ
1058 1651 1115 1711 τοῦ
1138 1647 1320 1727 (τρυμόνοτ
1342 1646 1376 1711 ἐκ

234 1760 292 1822 rob
320 1761 422 1837 χοροῦ
452 1755 594 1841 (χρόνου
618 1755 702 1843 cod.)
724 1763 790 1821 τῶν
814 1758 955 1822 Μουτῶν
978 1759 1196 1838 νυμφευθῆναι
1223 1755 1377 1823 τεκνῶεαί

235 1857 321 1975 (rsit
345 1891 429 1977 cod.)
456 1913 490 1957 re
513 1894 570 1959 τὸν
593 1894 729 1973 Ῥῆτον.»
760 1893 809 1959 καί
830 1895 900 1974 μετ’
923 1893 1049 1970 ὀλίγον’
1074 1891 1177 1958 κέετιν
1204 1892 1293 1972 ἱερὸν
1321 1897 1376 1972 τῆ(

237 2002 367 2067 Κλειοῦε
390 2001 425 2066 ἐν
446 2002 633 2082 Ἀμφιπόλει
660 2003 786 2082 ἱδρυθὲν
815 2002 970 2068 ἀπέναντι
998 2007 1057 2068 τοῦ
1085 2003 1197 2082 Ῥήτου
1225 2003 1376 2083 μνημείου

201 2130 217 2179 9
235 2111 287 2176 ἐπὶ
310 2112 418 2191 λόφου
437 2112 547 2177 τινός.»
571 2110 711 2187 Quarum
734 2112 992 2176 emendationum
1015 2134 1086 2176 cum
1101 2112 1270 2196 pleraeque
1286 2115 1375 2175 extra

237 2221 484 2284 controversiam
506 2221 629 2305 positae
652 2221 728 2305 sint,
752 2222 790 2286 de
805 2244 869 2286 uno
886 2224 959 2303 περὶ
975 2227 1041 2287 τῶν
1056 2223 1246 2303 κακομόρων
1268 2221 1377 2285 nescio

236 2353 279 2394 an
300 2330 446 2395 dubitare
468 2332 579 2415 liceat,
610 2331 813 2415 quantumvis
836 2331 915 2396 scite
943 2331 1126 2416 excogitato
1153 2354 1211 2416 pro
1234 2331 1376 2415 eoquod
1414 2381 1415 2386 .

236 2440 367 2505 affertur
389 2463 406 2505 e
429 2441 536 2505 codice
558 2445 625 2508 τῶν
647 2447 785 2523 κακοβρῑ.
836 2441 1034 2525 Quamquam
1060 2463 1163 2526 apage
1184 2442 1272 2506 velut
1292 2441 1376 2528 hano

236 2551 508 2615 halucinationem
534 2553 570 2617 ἐν
592 2556 659 2617 τῶν
683 2554 912 2618 Μακεδονικῶν
943 2551 998 2617 Γωι
1020 2553 1069 2616 καὶ
1092 2553 1134 2616 κῳ
1159 2553 1266 2637 βιβλίῳ
1295 2551 1327 2615 h.
1348 2573 1375 2614 e.

235 2662 330 2746 τρίτῳ
359 2663 409 2727 καί
437 2663 581 2746 εἰκοττῷι
616 2684 696 2745 quae
729 2684 842 2746 parum
874 2662 993 2726 usitata
1021 2661 1063 2726 sit
1091 2661 1211 2726 citandi
1243 2661 1336 2726 ratio.
1349 2661 1375 2744 *λ

237 2908 382 2974 corruptas
401 2923 461 2961 esse
480 2923 495 2960 c
513 2905 687 2974 Thucydidio
706 2905 767 2974 (iv,
787 2911 848 2974 102)
872 2908 891 2960 Κ
898 2901 1051 2974 ράδεμνα
1073 2906 1183 2962 nomine
1202 2905 1376 2976 suspicatur]

237 2997 331 3052 Simile
349 2999 464 3052 lacunae
482 2998 631 3068 vestigium
647 2998 676 3051 in
688 2997 802 3065 reliquis
820 2997 897 3051 libris
916 2999 1083 3054 obscuratae
1100 2999 1175 3054 idem
1194 2999 1280 3054 codex
1291 2999 1378 3054 habet

236 3109 261 3144 v.
282 3093 415 3156 ἀγυιᾶς·
496 3094 605 3158 βέλτιον
622 3093 653 3145 δέ
664 3097 802 3160 περιεπᾱν
815 3093 854 3146 ὼε
871 3093 993 3146 ἀπὸτοῦ
1011 3093 1121 3158 ἀγυιέαε
1141 3092 1234 3161 [immo
1247 3091 1377 3161 οιγυιεύτ]Ι

236 3185 348 3249 ἀγυιεὺτ
370 3186 399 3238 δέ
422 3185 478 3240 ἐετι
500 3185 570 3239 κίων
594 3187 649 3254 (pr.
668 3203 704 3239 m.
725 3177 820 3253 κύων)
845 3185 884 3239 εἰ(
908 3187 957 3240 ὀξὺ
980 3186 1127 3251 ἀπολίγων
1145 3187 1179 3238 ὃν
1197 3185 1314 3240 ίετᾶειν·
1338 3186 1377 3239 ibt

236 3279 322 3345 (αφὲε
340 3281 467 3332 ποιοῡειν
485 3279 675 3346 ἀριετοφάνητ
692 3295 724 3332 τε
741 3279 772 3332 ἐν
784 3281 866 3346 conti
885 3281 929 3331 καί
948 3280 1062 3333 εὔπολιτ
1080 3279 1111 3332 ἐν
1129 3280 1186 3346 πρὸ
1203 3283 1264 3332 τῶν
1282 3281 1377 3345 θυρῶν

237 3371 322 3425 ἰδίου(
345 3373 375 3424 δὲ
398 3387 421 3424 ο.
436 3387 462 3437 q.
477 3389 498 3425 s.
518 3370 625 3426 Scribe:
649 3372 760 3436 ἀγυιεὺε
783 3372 813 3424 δέ
836 3372 891 3425 ἐττι
920 3371 990 3426 κίων
1013 3371 1052 3426 εἰ(
1076 3371 1125 3426 ὀξὺ
1149 3373 1318 3438 ἀπολήγων,
1343 3372 1377 3425 ὃν

236 3465 322 3517 ίετᾶει
340 3466 397 3531 πρὸ
409 3470 470 3518 τῶν
482 3469 585 3532 θυρῶν,
604 3465 644 3518 ὡ(
662 3465 746 3530 εαφὲε
765 3468 891 3518 ποιοῠειν
910 3464 1111 3532 Ἀριττοφάνη(
1128 3482 1160 3518 τε
1176 3465 1207 3518 ὲν
1225 3465 1312 3531 (φηξί
1332 3466 1377 3516 καί

236 3557 382 3610 Εὔπολις
404 3559 439 3610 ἐν
457 3581 501 3612 ιι.
522 3558 607 3611 ἰδίου(
625 3558 704 3610 δὲ-.
729 3555 858 3610 Ceterum
876 3556 911 3609 de
929 3561 1053 3624 μαμοῦτα
1071 3558 1100 3610 ct
1112 3560 1304 3621 μακεδονικαῑε
1322 3573 1377 3610 που

238 3649 398 3720 discrepant
416 3649 495 3704 Cant.
516 3652 545 3704 ct
563 3651 637 3714 Gal.;
657 3649 706 3704 sed
722 3649 817 3718 paullo
836 3649 901 3704 ante
919 3665 975 3704 non
992 3666 1089 3703 verum
1106 3648 1195 3703 estin
1207 3649 1376 3719 Angelicanc

238 3760 299 3798 esse
318 3743 434 3812 ληναίου
453 3746 555 3812 φόρου,
574 3741 622 3810 qui
638 3741 726 3796 habet
743 3743 850 3796 λιναίου
868 3743 973 3810 φόρους
991 3741 1132 3796 Parisinus
1151 3743 1257 3809 autem,
1276 3741 1376 3808 dequo

168 3849 176 3862 ·
237 3839 358 3903 tacetur,
382 3853 444 3890 eum
463 3836 541 3891 Cant.
562 3837 591 3890 et
609 3835 669 3890 Gal.
693 3835 772 3889 tenet
794 3835 919 3904 ληναίων
937 3838 1038 3904 φόρου.
1081 3834 1158 3900 Quae
1175 3837 1207 3890 ut
1225 3836 1290 3889 sunt
1311 3852 1377 3888 sane

237 3931 321 3996 levia,
339 3932 435 3986 tamen
451 3929 567 3982 nimiam
584 3928 760 3998 diligentiam
777 3945 833 3982 non
850 3931 997 3983 testantur.
1036 3927 1190 3997 [Similiter‚
1208 3929 1257 3983 sed
1275 3928 1378 3982 omissa

236 4025 286 4078 illa
302 4026 333 4078 ἐν
350 4021 558 4094 praepositione
577 4025 671 4090 (quam
689 4041 707 4077 a
723 4021 866 4077 Dindorfio
884 4039 910 4091 p.
925 4027 941 4076 8
959 4025 1083 4091 spretam
1100 4022 1209 4090 miror),
1232 4021 1377 4076 Dobraeus

237 4116 466 4172 adversariorum
484 4117 495 4169 Ι
514 4132 540 4184 p.
555 4117 624 4184 584]
1060 4114 1063 4120 “

291 4213 316 4278 *λ
335 4213 413 4279 [περί
431 4215 492 4264 τῶν
510 4210 582 4264 κατὰ
600 4211 652 4263 τὸν
671 4209 768 4277 Ῥῆεον
785 4208 830 4262 vel
843 4212 907 4277 περί
920 4214 980 4264 τῶν
992 4211 1101 4262 τοκέων
1114 4209 1212 4274 ‘aaron
1229 4205 1378 4262 Muellcnrs

237 4322 264 4373 p.
277 4309 323 4368 45,
342 4302 418 4358 haud
435 4319 502 4357 sane
519 4301 710 4371 probabiliter.
746 4301 839 4355 Etiam
856 4299 1067 4370 improbabilius
1085 4317 1136 4369 pro
1155 4299 1194 4354 eis
1213 4316 1284 4366 quae
1303 4303 1379 4355 ante·

238 4396 341 4452 cedant
358 4396 472 4451 Geicrus
490 4413 516 4464 p.
533 4399 582 4449 338
603 4395 779 4463 proponebat
796 4395 827 4448 ἐν
844 4401 904 4449 τοῖς
922 4395 1075 4463 Metanoia]
