<?xml version="1.0" encoding="UTF-8"?>
<!DOCTYPE html PUBLIC "-//W3C//DTD XHTML 1.0 Transitional//EN"
    "http://www.w3.org/TR/xhtml1/DTD/xhtml1-transitional.dtd">
<html xmlns="http://www.w3.org/1999/xhtml" xml:lang="en" lang="en">
 <head>
  <title>
</title>
<meta http-equiv="Content-Type" content="text/html;charset=utf-8" />
  <meta name='ocr-system' content='tesseract 3.04.00' />
  <meta name='ocr-capabilities' content='ocr_page ocr_carea ocr_par ocr_line ocrx_word'/>
</head>
<body>
  <div class='ocr_page' id='page_1' title='image "./fridericiritsch11wachgoog_0445.png"; bbox 0 0 3272 5088; ppageno 0'>
   <div class='ocr_carea' id='block_1_1' title="bbox 256 361 962 425">
    <p class='ocr_par' dir='ltr' id='par_1_1' title="bbox 256 361 962 425">
     <span class='ocr_line' id='line_1_1' title="bbox 256 361 962 425; baseline -0.003 0"><span class='ocrx_word' id='word_1_1' title='bbox 256 361 320 425; x_wconf 75' lang='lat'>422</span> <span class='ocrx_word' id='word_1_2' title='bbox 691 377 739 423; x_wconf 79' lang='lat' dir='ltr'>ma</span> <span class='ocrx_word' id='word_1_3' title='bbox 762 374 962 423; x_wconf 78' lang='lat' dir='ltr'>acaraosrs</span> 
     </span>
    </p>
   </div>
   <div class='ocr_carea' id='block_1_2' title="bbox 259 527 1409 2914">
    <p class='ocr_par' dir='ltr' id='par_1_2' title="bbox 259 527 1409 2914">
     <span class='ocr_line' id='line_1_2' title="bbox 343 527 1399 612; baseline -0.005 -18"><span class='ocrx_word' id='word_1_4' title='bbox 343 529 438 594; x_wconf 90' lang='lat' dir='ltr'>Nunc</span> <span class='ocrx_word' id='word_1_5' title='bbox 465 533 571 594; x_wconf 88' lang='lat' dir='ltr'>autem</span> <span class='ocrx_word' id='word_1_6' title='bbox 593 529 719 612; x_wconf 80' lang='lat' dir='ltr'>accipe,</span> <span class='ocrx_word' id='word_1_7' title='bbox 752 528 802 592; x_wconf 88' lang='lat' dir='ltr'>cui</span> <span class='ocrx_word' id='word_1_8' title='bbox 830 528 900 592; x_wconf 77' lang='lat' dir='ltr'>usui</span> <span class='ocrx_word' id='word_1_9' title='bbox 922 529 1001 592; x_wconf 89' lang='lat' dir='ltr'>haec</span> <span class='ocrx_word' id='word_1_10' title='bbox 1023 533 1091 592; x_wconf 91' lang='lat' dir='ltr'>tam</span> <span class='ocrx_word' id='word_1_11' title='bbox 1117 549 1250 612; x_wconf 84' lang='lat' dir='ltr'>operosa</span> <span class='ocrx_word' id='word_1_12' title='bbox 1271 527 1399 590; x_wconf 89' lang='lat' dir='ltr'>demon-</span> 
     </span>
     <span class='ocr_line' id='line_1_3' title="bbox 259 635 1398 721; baseline -0.004 -18"><span class='ocrx_word' id='word_1_13' title='bbox 259 640 373 703; x_wconf 82' lang='lat' dir='ltr'>stratio</span> <span class='ocrx_word' id='word_1_14' title='bbox 396 639 543 703; x_wconf 84' lang='lat' dir='ltr'>instituta</span> <span class='ocrx_word' id='word_1_15' title='bbox 566 639 617 702; x_wconf 88' lang='lat' dir='ltr'>sit.</span> <span class='ocrx_word' id='word_1_16' title='bbox 647 638 686 702; x_wconf 94' lang='lat' dir='ltr'>In</span> <span class='ocrx_word' id='word_1_17' title='bbox 709 641 930 721; x_wconf 77' lang='lat' dir='ltr'>excerptorum</span> <span class='ocrx_word' id='word_1_18' title='bbox 952 638 1037 703; x_wconf 91' lang='lat' dir='ltr'>enim</span> <span class='ocrx_word' id='word_1_19' title='bbox 1059 638 1186 702; x_wconf 88' lang='lat' dir='ltr'>illorum</span> <span class='ocrx_word' id='word_1_20' title='bbox 1200 639 1263 700; x_wconf 92' lang='lat' dir='ltr'>fine</span> <span class='ocrx_word' id='word_1_21' title='bbox 1278 659 1310 719; x_wconf 92' lang='lat' dir='ltr'>p.</span> <span class='ocrx_word' id='word_1_22' title='bbox 1325 635 1398 718; x_wconf 82' lang='lat'><strong>324,</strong></span> 
     </span>
     <span class='ocr_line' id='line_1_4' title="bbox 259 745 1400 832; baseline -0.004 -19"><span class='ocrx_word' id='word_1_23' title='bbox 259 752 280 813; x_wconf 82' lang='lat'>5</span> <span class='ocrx_word' id='word_1_24' title='bbox 307 770 430 812; x_wconf 90' lang='lat' dir='ltr'>summa</span> <span class='ocrx_word' id='word_1_25' title='bbox 457 769 629 830; x_wconf 89' lang='lat' dir='ltr'>annorum,</span> <span class='ocrx_word' id='word_1_26' title='bbox 664 769 742 831; x_wconf 87' lang='lat' dir='ltr'>quos</span> <span class='ocrx_word' id='word_1_27' title='bbox 770 748 936 832; x_wconf 81' lang='lat' dir='ltr'>regnando</span> <span class='ocrx_word' id='word_1_28' title='bbox 965 747 1162 832; x_wconf 82' lang='lat' dir='ltr'>expleverint</span> <span class='ocrx_word' id='word_1_29' title='bbox 1190 745 1400 810; x_wconf 78' lang='lat' dir='ltr'>Macedonum</span> 
     </span>
     <span class='ocr_line' id='line_1_5' title="bbox 260 854 1401 943; baseline -0.005 -21"><span class='ocrx_word' id='word_1_30' title='bbox 260 879 352 943; x_wconf 84' lang='lat' dir='ltr'>reges</span> <span class='ocrx_word' id='word_1_31' title='bbox 374 858 449 921; x_wconf 89' lang='lat' dir='ltr'>inde</span> <span class='ocrx_word' id='word_1_32' title='bbox 472 879 491 921; x_wconf 90' lang='lat' dir='ltr'>a</span> <span class='ocrx_word' id='word_1_33' title='bbox 515 856 641 922; x_wconf 85' lang='lat' dir='ltr'>Carano</span> <span class='ocrx_word' id='word_1_34' title='bbox 663 879 762 941; x_wconf 87' lang='lat' dir='ltr'>usque</span> <span class='ocrx_word' id='word_1_35' title='bbox 785 857 826 921; x_wconf 87' lang='lat' dir='ltr'>ad</span> <span class='ocrx_word' id='word_1_36' title='bbox 847 857 1067 922; x_wconf 80' lang='lat' dir='ltr'>Alexandrum</span> <span class='ocrx_word' id='word_1_37' title='bbox 1089 857 1260 941; x_wconf 87' lang='lat' dir='ltr'>Magnum,</span> <span class='ocrx_word' id='word_1_38' title='bbox 1284 854 1401 918; x_wconf 87' lang='lat' dir='ltr'>dieitur</span> 
     </span>
     <span class='ocr_line' id='line_1_6' title="bbox 260 966 1400 1050; baseline -0.005 -18"><span class='ocrx_word' id='word_1_39' title='bbox 260 967 358 1032; x_wconf 83' lang='lat' dir='ltr'>fuisse</span> <span class='ocrx_word' id='word_1_40' title='bbox 381 967 571 1033; x_wconf 71' lang='lat' dir='ltr'>doceam.</span> <span class='ocrx_word' id='word_1_41' title='bbox 616 966 717 1042; x_wconf 86' lang='lat' dir='ltr'>Quem</span> <span class='ocrx_word' id='word_1_42' title='bbox 739 988 906 1030; x_wconf 90' lang='lat' dir='ltr'>numerum</span> <span class='ocrx_word' id='word_1_43' title='bbox 926 967 1009 1032; x_wconf 83' lang='lat' dir='ltr'>nihil</span> <span class='ocrx_word' id='word_1_44' title='bbox 1031 989 1158 1050; x_wconf 84' lang='lat' dir='ltr'>prorsus</span> <span class='ocrx_word' id='word_1_45' title='bbox 1189 985 1318 1030; x_wconf 81' lang='lat' dir='ltr'>caussae</span> <span class='ocrx_word' id='word_1_46' title='bbox 1341 968 1400 1045; x_wconf 87' lang='lat' dir='ltr'>est,</span> 
     </span>
     <span class='ocr_line' id='line_1_7' title="bbox 261 1075 1402 1160; baseline -0.004 -19"><span class='ocrx_word' id='word_1_47' title='bbox 261 1078 378 1142; x_wconf 87' lang='lat' dir='ltr'>nedum</span> <span class='ocrx_word' id='word_1_48' title='bbox 410 1077 560 1158; x_wconf 87' lang='lat' dir='ltr'>rationis,</span> <span class='ocrx_word' id='word_1_49' title='bbox 596 1097 651 1140; x_wconf 87' lang='lat' dir='ltr'>eur</span> <span class='ocrx_word' id='word_1_50' title='bbox 685 1080 867 1159; x_wconf 88' lang='lat' dir='ltr'>corruptum</span> <span class='ocrx_word' id='word_1_51' title='bbox 896 1077 1036 1160; x_wconf 84' lang='lat' dir='ltr'>opinare.</span> <span class='ocrx_word' id='word_1_52' title='bbox 1080 1076 1270 1140; x_wconf 82' lang='lat' dir='ltr'>Emendatis</span> <span class='ocrx_word' id='word_1_53' title='bbox 1303 1075 1402 1160; x_wconf 81' lang='lat' dir='ltr'>igitur</span> 
     </span>
     <span class='ocr_line' id='line_1_8' title="bbox 262 1184 1402 1269; baseline -0.004 -19"><span class='ocrx_word' id='word_1_54' title='bbox 262 1208 419 1252; x_wconf 89' lang='lat' dir='ltr'>annorum</span> <span class='ocrx_word' id='word_1_55' title='bbox 440 1187 580 1251; x_wconf 89' lang='lat' dir='ltr'>numeris</span> <span class='ocrx_word' id='word_1_56' title='bbox 603 1185 774 1249; x_wconf 87' lang='lat' dir='ltr'>Perdiccae</span> <span class='ocrx_word' id='word_1_57' title='bbox 793 1185 829 1266; x_wconf 82' lang='grc' dir='ltr'><strong><em>Η</em></strong></span> <span class='ocrx_word' id='word_1_58' title='bbox 851 1189 884 1249; x_wconf 86' lang='lat' dir='ltr'>et</span> <span class='ocrx_word' id='word_1_59' title='bbox 905 1186 970 1269; x_wconf 77' lang='grc' dir='ltr'>ΙΙΙ,</span> <span class='ocrx_word' id='word_1_60' title='bbox 1000 1187 1055 1250; x_wconf 92' lang='lat' dir='ltr'>ubi</span> <span class='ocrx_word' id='word_1_61' title='bbox 1078 1187 1234 1250; x_wconf 87' lang='lat' dir='ltr'>calculum</span> <span class='ocrx_word' id='word_1_62' title='bbox 1262 1185 1309 1249; x_wconf 90' lang='lat' dir='ltr'>ita</span> <span class='ocrx_word' id='word_1_63' title='bbox 1331 1184 1402 1248; x_wconf 77' lang='lat' dir='ltr'>sub-</span> 
     </span>
     <span class='ocr_line' id='line_1_9' title="bbox 262 1293 1403 1380; baseline -0.004 -20"><span class='ocrx_word' id='word_1_64' title='bbox 262 1297 405 1380; x_wconf 86' lang='lat' dir='ltr'>duxeris,</span> <span class='ocrx_word' id='word_1_65' title='bbox 435 1299 471 1359; x_wconf 86' lang='lat' dir='ltr'>ut</span> <span class='ocrx_word' id='word_1_66' title='bbox 497 1295 627 1360; x_wconf 85' lang='lat' dir='ltr'>interim</span> <span class='ocrx_word' id='word_1_67' title='bbox 654 1295 800 1359; x_wconf 88' lang='lat' dir='ltr'>dematur</span> <span class='ocrx_word' id='word_1_68' title='bbox 827 1294 979 1359; x_wconf 81' lang='lat' dir='ltr'>Archelai</span> <span class='ocrx_word' id='word_1_69' title='bbox 1000 1296 1183 1380; x_wconf 84' lang='lat' dir='ltr'>imperium,</span> <span class='ocrx_word' id='word_1_70' title='bbox 1213 1295 1300 1359; x_wconf 87' lang='lat' dir='ltr'>cuius</span> <span class='ocrx_word' id='word_1_71' title='bbox 1328 1293 1403 1357; x_wconf 91' lang='lat' dir='ltr'>defi·</span> 
     </span>
     <span class='ocr_line' id='line_1_10' title="bbox 262 1404 1404 1489; baseline -0.004 -18"><span class='ocrx_word' id='word_1_72' title='bbox 262 1406 373 1471; x_wconf 91' lang='lat' dir='ltr'>niendi</span> <span class='ocrx_word' id='word_1_73' title='bbox 415 1427 526 1471; x_wconf 83' lang='lat' dir='ltr'>caussa</span> <span class='ocrx_word' id='word_1_74' title='bbox 562 1405 642 1469; x_wconf 89' lang='lat' dir='ltr'>haec</span> <span class='ocrx_word' id='word_1_75' title='bbox 682 1404 790 1469; x_wconf 87' lang='lat' dir='ltr'>omnia</span> <span class='ocrx_word' id='word_1_76' title='bbox 831 1405 1056 1489; x_wconf 85' lang='lat' dir='ltr'>disputantur,</span> <span class='ocrx_word' id='word_1_77' title='bbox 1099 1405 1178 1470; x_wconf 91' lang='lat' dir='ltr'>anni</span> <span class='ocrx_word' id='word_1_78' title='bbox 1222 1404 1404 1468; x_wconf 85' lang='lat' dir='ltr'>efficiuntur</span> 
     </span>
     <span class='ocr_line' id='line_1_11' title="bbox 264 1512 1404 1599; baseline -0.007 -17"><span class='ocrx_word' id='word_1_79' title='bbox 264 1514 461 1598; x_wconf 74' lang='lat' dir='ltr'>OOOOX1V3</span> <span class='ocrx_word' id='word_1_80' title='bbox 498 1515 611 1598; x_wconf 83' lang='lat' dir='ltr'>quibus</span> <span class='ocrx_word' id='word_1_81' title='bbox 644 1512 724 1578; x_wconf 88' lang='lat' dir='ltr'>adde</span> <span class='ocrx_word' id='word_1_82' title='bbox 750 1513 863 1579; x_wconf 85' lang='lat' dir='ltr'>XXIV</span> <span class='ocrx_word' id='word_1_83' title='bbox 893 1517 1055 1599; x_wconf 87' lang='lat' dir='ltr'>Amyntae</span> <span class='ocrx_word' id='word_1_84' title='bbox 1089 1536 1207 1598; x_wconf 87' lang='lat' dir='ltr'>annos,</span> <span class='ocrx_word' id='word_1_85' title='bbox 1245 1533 1404 1595; x_wconf 88' lang='lat' dir='ltr'>unumque</span> 
     </span>
     <span class='ocr_line' id='line_1_12' title="bbox 264 1624 1403 1710; baseline -0.004 -21"><span class='ocrx_word' id='word_1_86' title='bbox 264 1625 458 1707; x_wconf 81' lang='lat' dir='ltr'>Alexandri,</span> <span class='ocrx_word' id='word_1_87' title='bbox 503 1646 635 1710; x_wconf 87' lang='lat' dir='ltr'>quorum</span> <span class='ocrx_word' id='word_1_88' title='bbox 671 1625 803 1688; x_wconf 90' lang='lat' dir='ltr'>nomina</span> <span class='ocrx_word' id='word_1_89' title='bbox 840 1624 1091 1689; x_wconf 86' lang='lat' dir='ltr'>interciderunt:</span> <span class='ocrx_word' id='word_1_90' title='bbox 1132 1624 1265 1689; x_wconf 87' lang='lat' dir='ltr'>habebis</span> <span class='ocrx_word' id='word_1_91' title='bbox 1302 1643 1403 1686; x_wconf 86' lang='lat' dir='ltr'>annos</span> 
     </span>
     <span class='ocr_line' id='line_1_13' title="bbox 265 1731 1403 1802; baseline -0.005 -2"><span class='ocrx_word' id='word_1_92' title='bbox 265 1734 520 1802; x_wconf 75' lang='lat' dir='ltr'>CCCCXXXIX.</span> <span class='ocrx_word' id='word_1_93' title='bbox 551 1733 612 1798; x_wconf 87' lang='lat' dir='ltr'>His</span> <span class='ocrx_word' id='word_1_94' title='bbox 634 1755 721 1798; x_wconf 90' lang='lat' dir='ltr'>nunc</span> <span class='ocrx_word' id='word_1_95' title='bbox 743 1734 870 1798; x_wconf 90' lang='lat' dir='ltr'>demum</span> <span class='ocrx_word' id='word_1_96' title='bbox 892 1734 982 1798; x_wconf 87' lang='lat' dir='ltr'>adice</span> <span class='ocrx_word' id='word_1_97' title='bbox 997 1734 1149 1799; x_wconf 84' lang='lat' dir='ltr'>Archelai</span> <span class='ocrx_word' id='word_1_98' title='bbox 1172 1755 1274 1798; x_wconf 87' lang='lat' dir='ltr'>annos</span> <span class='ocrx_word' id='word_1_99' title='bbox 1295 1731 1403 1796; x_wconf 85' lang='lat' dir='ltr'>XVII:</span> 
     </span>
     <span class='ocr_line' id='line_1_14' title="bbox 264 1843 1406 1928; baseline -0.005 -19"><span class='ocrx_word' id='word_1_100' title='bbox 264 1843 511 1909; x_wconf 90' lang='lat' dir='ltr'>redundantiam</span> <span class='ocrx_word' id='word_1_101' title='bbox 539 1844 626 1908; x_wconf 85' lang='lat' dir='ltr'>vides</span> <span class='ocrx_word' id='word_1_102' title='bbox 661 1865 728 1907; x_wconf 86' lang='lat' dir='ltr'>esse</span> <span class='ocrx_word' id='word_1_103' title='bbox 757 1845 854 1907; x_wconf 89' lang='lat' dir='ltr'>trium</span> <span class='ocrx_word' id='word_1_104' title='bbox 888 1845 1055 1908; x_wconf 85' lang='lat' dir='ltr'>annorum.</span> <span class='ocrx_word' id='word_1_105' title='bbox 1105 1844 1155 1908; x_wconf 79' lang='lat' dir='ltr'>Ex</span> <span class='ocrx_word' id='word_1_106' title='bbox 1183 1865 1244 1928; x_wconf 90' lang='lat' dir='ltr'>quo</span> <span class='ocrx_word' id='word_1_107' title='bbox 1272 1844 1406 1926; x_wconf 87' lang='lat' dir='ltr'>apparet</span> 
     </span>
     <span class='ocr_line' id='line_1_15' title="bbox 266 1950 1405 2038; baseline -0.004 -20"><span class='ocrx_word' id='word_1_108' title='bbox 266 1954 399 2018; x_wconf 88' lang='lat' dir='ltr'>totidem</span> <span class='ocrx_word' id='word_1_109' title='bbox 421 1975 523 2018; x_wconf 87' lang='lat' dir='ltr'>annos</span> <span class='ocrx_word' id='word_1_110' title='bbox 545 1953 697 2017; x_wconf 87' lang='lat' dir='ltr'>Archelai</span> <span class='ocrx_word' id='word_1_111' title='bbox 720 1953 842 2017; x_wconf 90' lang='lat' dir='ltr'>nomini</span> <span class='ocrx_word' id='word_1_112' title='bbox 863 1954 1049 2038; x_wconf 66' lang='lat' dir='ltr'>,adscriptos</span> <span class='ocrx_word' id='word_1_113' title='bbox 1071 1953 1169 2018; x_wconf 75' lang='lat' dir='ltr'>fuisse</span> <span class='ocrx_word' id='word_1_114' title='bbox 1190 1953 1226 2017; x_wconf 90' lang='lat' dir='ltr'>in</span> <span class='ocrx_word' id='word_1_115' title='bbox 1249 1950 1405 2034; x_wconf 79' lang='lat' dir='ltr'>excerptis</span> 
     </span>
     <span class='ocr_line' id='line_1_16' title="bbox 267 2048 1406 2148; baseline -0.004 -21"><span class='ocrx_word' id='word_1_116' title='bbox 267 2064 393 2147; x_wconf 82' lang='lat' dir='ltr'>saepius</span> <span class='ocrx_word' id='word_1_117' title='bbox 419 2063 529 2145; x_wconf 81' lang='lat' dir='ltr'>dictis,</span> <span class='ocrx_word' id='word_1_118' title='bbox 567 2065 644 2147; x_wconf 80' lang='lat' dir='ltr'>quot</span> <span class='ocrx_word' id='word_1_119' title='bbox 676 2063 705 2126; x_wconf 89' lang='lat' dir='ltr'>ei</span> <span class='ocrx_word' id='word_1_120' title='bbox 731 2062 830 2126; x_wconf 90' lang='lat' dir='ltr'>tribui</span> <span class='ocrx_word' id='word_1_121' title='bbox 857 2063 992 2127; x_wconf 85' lang='lat' dir='ltr'>vidimus</span> <span class='ocrx_word' id='word_1_122' title='bbox 1020 2087 1039 2127; x_wconf 97' lang='lat' dir='ltr'>a</span> <span class='ocrx_word' id='word_1_123' title='bbox 1067 2063 1231 2148; x_wconf 83' lang='lat' dir='ltr'>Syncel10,</span> <span class='ocrx_word' id='word_1_124' title='bbox 1268 2063 1329 2126; x_wconf 93' lang='lat' dir='ltr'>hoc</span> <span class='ocrx_word' id='word_1_125' title='bbox 1344 2048 1406 2124; x_wconf 60' lang='lat' dir='ltr'>&#39;est</span> 
     </span>
     <span class='ocr_line' id='line_1_17' title="bbox 267 2171 1406 2257; baseline -0.003 -20"><span class='ocrx_word' id='word_1_126' title='bbox 267 2173 361 2255; x_wconf 85' lang='lat' dir='ltr'>XIV,</span> <span class='ocrx_word' id='word_1_127' title='bbox 394 2193 525 2257; x_wconf 90' lang='lat' dir='ltr'>eumque</span> <span class='ocrx_word' id='word_1_128' title='bbox 553 2193 720 2236; x_wconf 89' lang='lat' dir='ltr'>numerum</span> <span class='ocrx_word' id='word_1_129' title='bbox 746 2171 825 2236; x_wconf 86' lang='lat' dir='ltr'>vitio</span> <span class='ocrx_word' id='word_1_130' title='bbox 854 2193 921 2236; x_wconf 89' lang='lat' dir='ltr'>esse</span> <span class='ocrx_word' id='word_1_131' title='bbox 949 2173 1098 2238; x_wconf 88' lang='lat' dir='ltr'>affectum</span> <span class='ocrx_word' id='word_1_132' title='bbox 1126 2196 1145 2236; x_wconf 93' lang='lat' dir='ltr'>a</span> <span class='ocrx_word' id='word_1_133' title='bbox 1172 2172 1312 2236; x_wconf 86' lang='lat' dir='ltr'>librariis</span> <span class='ocrx_word' id='word_1_134' title='bbox 1340 2171 1406 2235; x_wconf 86' lang='lat' dir='ltr'>sive</span> 
     </span>
     <span class='ocr_line' id='line_1_18' title="bbox 269 2281 1404 2366; baseline -0.004 -17"><span class='ocrx_word' id='word_1_135' title='bbox 269 2283 401 2349; x_wconf 84' lang='lat' dir='ltr'>Graecis</span> <span class='ocrx_word' id='word_1_136' title='bbox 424 2282 490 2348; x_wconf 85' lang='lat' dir='ltr'>sive</span> <span class='ocrx_word' id='word_1_137' title='bbox 506 2281 679 2346; x_wconf 89' lang='lat' dir='ltr'>Armeniis.</span> <span class='ocrx_word' id='word_1_138' title='bbox 724 2281 775 2346; x_wconf 80' lang='lat' dir='ltr'>Ex</span> <span class='ocrx_word' id='word_1_139' title='bbox 797 2303 859 2366; x_wconf 90' lang='lat' dir='ltr'>quo</span> <span class='ocrx_word' id='word_1_140' title='bbox 881 2304 987 2348; x_wconf 84' lang='lat' dir='ltr'>rursus</span> <span class='ocrx_word' id='word_1_141' title='bbox 1011 2283 1242 2348; x_wconf 76' lang='lat' dir='ltr'>consectarium</span> <span class='ocrx_word' id='word_1_142' title='bbox 1263 2282 1324 2346; x_wconf 92' lang='lat' dir='ltr'>hoc</span> <span class='ocrx_word' id='word_1_143' title='bbox 1346 2282 1404 2361; x_wconf 85' lang='lat' dir='ltr'>est,</span> 
     </span>
     <span class='ocr_line' id='line_1_19' title="bbox 268 2389 1407 2475; baseline -0.004 -17"><span class='ocrx_word' id='word_1_144' title='bbox 268 2393 435 2458; x_wconf 89' lang='lat' dir='ltr'>Diodori</span> <span class='ocrx_word' id='word_1_145' title='bbox 457 2391 554 2456; x_wconf 84' lang='lat' dir='ltr'>verba</span> <span class='ocrx_word' id='word_1_146' title='bbox 577 2390 665 2475; x_wconf 86' lang='lat' dir='ltr'>XIV,</span> <span class='ocrx_word' id='word_1_147' title='bbox 689 2392 728 2456; x_wconf 79' lang='lat'>37</span> <span class='ocrx_word' id='word_1_148' title='bbox 757 2392 827 2455; x_wconf 89' lang='lat' dir='ltr'>sine</span> <span class='ocrx_word' id='word_1_149' title='bbox 848 2392 913 2456; x_wconf 89' lang='lat' dir='ltr'>ulla</span> <span class='ocrx_word' id='word_1_150' title='bbox 936 2391 1150 2457; x_wconf 87' lang='lat' dir='ltr'>haesitatione</span> <span class='ocrx_word' id='word_1_151' title='bbox 1173 2393 1219 2457; x_wconf 87' lang='lat' dir='ltr'>sic</span> <span class='ocrx_word' id='word_1_152' title='bbox 1241 2412 1309 2455; x_wconf 86' lang='lat' dir='ltr'>esse</span> <span class='ocrx_word' id='word_1_153' title='bbox 1332 2389 1407 2455; x_wconf 89' lang='lat' dir='ltr'>scri·</span> 
     </span>
     <span class='ocr_line' id='line_1_20' title="bbox 268 2500 1407 2583; baseline -0.002 -17"><span class='ocrx_word' id='word_1_154' title='bbox 268 2502 388 2567; x_wconf 88' lang='lat' dir='ltr'>benda:</span> <span class='ocrx_word' id='word_1_155' title='bbox 418 2503 497 2568; x_wconf 88' lang='grc' dir='ltr'>κατὰ</span> <span class='ocrx_word' id='word_1_156' title='bbox 519 2505 554 2568; x_wconf 82' lang='grc' dir='ltr'>δὲ</span> <span class='ocrx_word' id='word_1_157' title='bbox 575 2506 635 2582; x_wconf 85' lang='grc' dir='ltr'>τὴν</span> <span class='ocrx_word' id='word_1_158' title='bbox 659 2501 863 2567; x_wconf 86' lang='grc' dir='ltr'>Μακεδονίαν</span> <span class='ocrx_word' id='word_1_159' title='bbox 886 2503 1056 2582; x_wconf 74' lang='grc' dir='ltr'>Ἀρχέλαοι</span> <span class='ocrx_word' id='word_1_160' title='bbox 1079 2504 1098 2568; x_wconf 90' lang='grc' dir='ltr'>ὁ</span> <span class='ocrx_word' id='word_1_161' title='bbox 1121 2503 1264 2583; x_wconf 83' lang='grc' dir='ltr'>βαειλεὺτ</span> <span class='ocrx_word' id='word_1_162' title='bbox 1285 2539 1328 2550; x_wconf 95' lang='grc'>-</span> <span class='ocrx_word' id='word_1_163' title='bbox 1349 2500 1407 2565; x_wconf 90' lang='grc' dir='ltr'>τὸν</span> 
     </span>
     <span class='ocr_line' id='line_1_21' title="bbox 270 2611 1407 2693; baseline -0.003 -17"><span class='ocrx_word' id='word_1_164' title='bbox 270 2613 339 2693; x_wconf 87' lang='grc' dir='ltr'>βίον</span> <span class='ocrx_word' id='word_1_165' title='bbox 362 2613 549 2692; x_wconf 79' lang='grc' dir='ltr'>μετήλλαξε,</span> <span class='ocrx_word' id='word_1_166' title='bbox 578 2614 760 2692; x_wconf 84' lang='grc' dir='ltr'>βαειλεύεατ</span> <span class='ocrx_word' id='word_1_167' title='bbox 789 2612 854 2690; x_wconf 87' lang='grc' dir='ltr'>ἔτη</span> <span class='ocrx_word' id='word_1_168' title='bbox 876 2614 1214 2691; x_wconf 84' lang='grc' dir='ltr'>τετταρακαίδεκα</span> <span class='ocrx_word' id='word_1_169' title='bbox 1236 2611 1302 2674; x_wconf 89' lang='lat' dir='ltr'>sive</span> <span class='ocrx_word' id='word_1_170' title='bbox 1323 2630 1407 2675; x_wconf 90' lang='grc' dir='ltr'>τετ-</span> 
     </span>
     <span class='ocr_line' id='line_1_22' title="bbox 269 2720 1408 2805; baseline -0.006 -17"><span class='ocrx_word' id='word_1_171' title='bbox 269 2721 598 2805; x_wconf 80' lang='grc' dir='ltr'>ταρε(κα1δεκα.*)</span> <span class='ocrx_word' id='word_1_172' title='bbox 643 2721 767 2804; x_wconf 81' lang='lat' dir='ltr'>Quippe</span> <span class='ocrx_word' id='word_1_173' title='bbox 794 2731 860 2784; x_wconf 87' lang='grc' dir='ltr'>ΔιιΙι</span> <span class='ocrx_word' id='word_1_174' title='bbox 890 2743 1092 2786; x_wconf 89' lang='lat' dir='ltr'>numerorum</span> <span class='ocrx_word' id='word_1_175' title='bbox 1119 2725 1225 2803; x_wconf 86' lang='lat' dir='ltr'>notae,</span> <span class='ocrx_word' id='word_1_176' title='bbox 1254 2720 1309 2784; x_wconf 94' lang='lat' dir='ltr'>ubi</span> <span class='ocrx_word' id='word_1_177' title='bbox 1337 2739 1408 2782; x_wconf 87' lang='lat' dir='ltr'>eva-</span> 
     </span>
     <span class='ocr_line' id='line_1_23' title="bbox 270 2827 1409 2914; baseline -0.003 -19"><span class='ocrx_word' id='word_1_178' title='bbox 270 2834 386 2896; x_wconf 86' lang='lat' dir='ltr'>nuerat</span> <span class='ocrx_word' id='word_1_179' title='bbox 417 2842 441 2892; x_wconf 90' lang='grc' dir='ltr'><strong>Δ</strong></span> <span class='ocrx_word' id='word_1_180' title='bbox 475 2831 618 2914; x_wconf 87' lang='lat' dir='ltr'>signum,</span> <span class='ocrx_word' id='word_1_181' title='bbox 662 2830 815 2895; x_wconf 85' lang='lat' dir='ltr'>facillime</span> <span class='ocrx_word' id='word_1_182' title='bbox 855 2831 1122 2896; x_wconf 71' lang='lat' dir='ltr'>convertebantur</span> <span class='ocrx_word' id='word_1_183' title='bbox 1152 2831 1188 2895; x_wconf 91' lang='lat' dir='ltr'>in</span> <span class='ocrx_word' id='word_1_184' title='bbox 1221 2841 1281 2894; x_wconf 74' lang='grc' dir='ltr'><strong>ΠΙΙε</strong></span> <span class='ocrx_word' id='word_1_185' title='bbox 1327 2827 1409 2913; x_wconf 91' lang='lat' dir='ltr'>quod</span> 
     </span>
    </p>
   </div>
   <div class='ocr_carea' id='block_1_3' title="bbox 271 2939 1407 3157">
    <p class='ocr_par' dir='ltr' id='par_1_3' title="bbox 271 2939 1407 3157">
     <span class='ocr_line' id='line_1_24' title="bbox 271 2939 1407 3026; baseline -0.001 -21"><span class='ocrx_word' id='word_1_186' title='bbox 271 2962 373 3026; x_wconf 81' lang='lat' dir='ltr'>genus</span> <span class='ocrx_word' id='word_1_187' title='bbox 405 2940 661 3024; x_wconf 80' lang='lat' dir='ltr'>permutationis</span> <span class='ocrx_word' id='word_1_188' title='bbox 681 2961 784 3024; x_wconf 88' lang='lat' dir='ltr'>nuper</span> <span class='ocrx_word' id='word_1_189' title='bbox 816 2939 994 3005; x_wconf 88' lang='lat' dir='ltr'>Bocckhius</span> <span class='ocrx_word' id='word_1_190' title='bbox 1028 2941 1261 3006; x_wconf 80' lang='lat' dir='ltr'>commendavit</span> <span class='ocrx_word' id='word_1_191' title='bbox 1289 2939 1407 3006; x_wconf 89' lang='lat' dir='ltr'>Oecon.</span> 
     </span>
     <span class='ocr_line' id='line_1_25' title="bbox 273 3049 683 3157; baseline -0.002 -43"><span class='ocrx_word' id='word_1_192' title='bbox 273 3050 477 3157; x_wconf 38' lang='lat' dir='ltr'>civ..Athen.</span> <span class='ocrx_word' id='word_1_193' title='bbox 500 3049 534 3112; x_wconf 92' lang='grc' dir='ltr'>Π</span> <span class='ocrx_word' id='word_1_194' title='bbox 554 3073 586 3134; x_wconf 91' lang='lat' dir='ltr'>p.</span> <span class='ocrx_word' id='word_1_195' title='bbox 615 3050 683 3114; x_wconf 89' lang='grc'><strong>161.</strong></span> 
     </span>
    </p>
   </div>
   <div class='ocr_carea' id='block_1_4' title="bbox 273 3351 1413 4443">
    <p class='ocr_par' dir='ltr' id='par_1_4' title="bbox 273 3351 1413 4443">
     <span class='ocr_line' id='line_1_26' title="bbox 341 3351 1410 3424; baseline 0.002 -18"><span class='ocrx_word' id='word_1_196' title='bbox 341 3355 366 3422; x_wconf 84' lang='grc'>*)</span> <span class='ocrx_word' id='word_1_197' title='bbox 385 3353 503 3422; x_wconf 88' lang='lat' dir='ltr'>[Mecum</span> <span class='ocrx_word' id='word_1_198' title='bbox 519 3351 586 3407; x_wconf 87' lang='lat' dir='ltr'>fecit</span> <span class='ocrx_word' id='word_1_199' title='bbox 603 3351 632 3407; x_wconf 85' lang='lat' dir='ltr'>C.</span> <span class='ocrx_word' id='word_1_200' title='bbox 650 3353 681 3406; x_wconf 83' lang='lat' dir='ltr'>F.</span> <span class='ocrx_word' id='word_1_201' title='bbox 700 3353 913 3408; x_wconf 87' lang='lat' dir='ltr'>Hermannus</span> <span class='ocrx_word' id='word_1_202' title='bbox 931 3353 961 3406; x_wconf 89' lang='lat' dir='ltr'>in</span> <span class='ocrx_word' id='word_1_203' title='bbox 979 3353 1119 3408; x_wconf 74' lang='lat' dir='ltr'>‘historia</span> <span class='ocrx_word' id='word_1_204' title='bbox 1136 3357 1165 3409; x_wconf 89' lang='lat' dir='ltr'>et</span> <span class='ocrx_word' id='word_1_205' title='bbox 1183 3357 1335 3424; x_wconf 79' lang='lat' dir='ltr'>systemate</span> <span class='ocrx_word' id='word_1_206' title='bbox 1352 3355 1410 3424; x_wconf 92' lang='lat' dir='ltr'>phi·</span> 
     </span>
     <span class='ocr_line' id='line_1_27' title="bbox 273 3445 1411 3516; baseline 0.002 -18"><span class='ocrx_word' id='word_1_207' title='bbox 273 3445 416 3515; x_wconf 84' lang='lat' dir='ltr'>losophiae</span> <span class='ocrx_word' id='word_1_208' title='bbox 434 3445 610 3500; x_wconf 85' lang='lat' dir='ltr'>Platonicae’</span> <span class='ocrx_word' id='word_1_209' title='bbox 633 3446 686 3500; x_wconf 92' lang='lat' dir='ltr'>vol.</span> <span class='ocrx_word' id='word_1_210' title='bbox 706 3446 718 3499; x_wconf 96' lang='lat' dir='ltr'>I</span> <span class='ocrx_word' id='word_1_211' title='bbox 741 3465 768 3515; x_wconf 90' lang='lat' dir='ltr'>p.</span> <span class='ocrx_word' id='word_1_212' title='bbox 788 3451 837 3499; x_wconf 80' lang='lat'>686</span> <span class='ocrx_word' id='word_1_213' title='bbox 856 3463 910 3513; x_wconf 87' lang='lat' dir='ltr'>sq.,</span> <span class='ocrx_word' id='word_1_214' title='bbox 933 3445 1036 3515; x_wconf 84' lang='lat' dir='ltr'>Apitzii</span> <span class='ocrx_word' id='word_1_215' title='bbox 1054 3446 1254 3516; x_wconf 85' lang='lat' dir='ltr'>disputatione,</span> <span class='ocrx_word' id='word_1_216' title='bbox 1278 3447 1411 3516; x_wconf 86' lang='lat' dir='ltr'>quaeest</span> 
     </span>
     <span class='ocr_line' id='line_1_28' title="bbox 274 3537 1410 3608; baseline 0.001 -16"><span class='ocrx_word' id='word_1_217' title='bbox 274 3539 301 3592; x_wconf 92' lang='lat' dir='ltr'>in</span> <span class='ocrx_word' id='word_1_218' title='bbox 320 3538 535 3592; x_wconf 87' lang='lat' dir='ltr'>Zimmermanni</span> <span class='ocrx_word' id='word_1_219' title='bbox 552 3537 663 3592; x_wconf 86' lang='lat' dir='ltr'>Diumis</span> <span class='ocrx_word' id='word_1_220' title='bbox 686 3537 791 3605; x_wconf 88' lang='lat' dir='ltr'>antiqu.</span> <span class='ocrx_word' id='word_1_221' title='bbox 811 3537 883 3593; x_wconf 87' lang='lat' dir='ltr'>stud.</span> <span class='ocrx_word' id='word_1_222' title='bbox 903 3539 968 3592; x_wconf 86' lang='lat' dir='ltr'>anni</span> <span class='ocrx_word' id='word_1_223' title='bbox 987 3545 1050 3594; x_wconf 89' lang='grc'><strong>1837</strong></span> <span class='ocrx_word' id='word_1_224' title='bbox 1068 3558 1095 3608; x_wconf 90' lang='lat' dir='ltr'>p.</span> <span class='ocrx_word' id='word_1_225' title='bbox 1114 3545 1177 3606; x_wconf 79' lang='grc'><strong>1116,</strong></span> <span class='ocrx_word' id='word_1_226' title='bbox 1199 3557 1264 3595; x_wconf 78' lang='grc' dir='ltr'>κατα</span> <span class='ocrx_word' id='word_1_227' title='bbox 1286 3541 1410 3595; x_wconf 87' lang='lat' dir='ltr'>iudicans</span> 
     </span>
     <span class='ocr_line' id='line_1_29' title="bbox 274 3630 1409 3703; baseline 0 -17"><span class='ocrx_word' id='word_1_228' title='bbox 274 3631 343 3686; x_wconf 88' lang='lat' dir='ltr'>nihil</span> <span class='ocrx_word' id='word_1_229' title='bbox 360 3631 468 3702; x_wconf 87' lang='lat' dir='ltr'>profici;</span> <span class='ocrx_word' id='word_1_230' title='bbox 486 3631 554 3685; x_wconf 86' lang='lat' dir='ltr'>item</span> <span class='ocrx_word' id='word_1_231' title='bbox 572 3631 713 3685; x_wconf 88' lang='lat' dir='ltr'>Abelius</span> <span class='ocrx_word' id='word_1_232' title='bbox 733 3630 935 3685; x_wconf 88' lang='lat' dir='ltr'>‘Makedonien</span> <span class='ocrx_word' id='word_1_233' title='bbox 954 3649 1002 3686; x_wconf 87' lang='lat' dir='ltr'>vor</span> <span class='ocrx_word' id='word_1_234' title='bbox 1019 3631 1112 3702; x_wconf 80' lang='lat' dir='ltr'>Kdnig</span> <span class='ocrx_word' id='word_1_235' title='bbox 1129 3632 1256 3702; x_wconf 81' lang='lat' dir='ltr'>Philipp’</span> <span class='ocrx_word' id='word_1_236' title='bbox 1280 3633 1363 3703; x_wconf 85' lang='lat' dir='ltr'>(Lips.</span> <span class='ocrx_word' id='word_1_237' title='bbox 1384 3650 1409 3686; x_wconf 90' lang='lat' dir='ltr'>a.</span> 
     </span>
     <span class='ocr_line' id='line_1_30' title="bbox 276 3723 1411 3795; baseline 0.002 -17"><span class='ocrx_word' id='word_1_238' title='bbox 276 3727 352 3791; x_wconf 82' lang='grc'><strong>1847)</strong></span> <span class='ocrx_word' id='word_1_239' title='bbox 370 3741 397 3793; x_wconf 91' lang='lat' dir='ltr'>p.</span> <span class='ocrx_word' id='word_1_240' title='bbox 416 3729 465 3778; x_wconf 84' lang='grc'><strong>197</strong></span> <span class='ocrx_word' id='word_1_241' title='bbox 484 3741 538 3791; x_wconf 90' lang='lat' dir='ltr'>sq.‚</span> <span class='ocrx_word' id='word_1_242' title='bbox 562 3737 731 3790; x_wconf 89' lang='lat' dir='ltr'>quamquam</span> <span class='ocrx_word' id='word_1_243' title='bbox 753 3723 777 3777; x_wconf 90' lang='lat' dir='ltr'>is</span> <span class='ocrx_word' id='word_1_244' title='bbox 796 3723 830 3778; x_wconf 92' lang='lat' dir='ltr'>de</span> <span class='ocrx_word' id='word_1_245' title='bbox 848 3724 995 3779; x_wconf 90' lang='lat' dir='ltr'>Perdiccae</span> <span class='ocrx_word' id='word_1_246' title='bbox 1018 3724 1097 3778; x_wconf 87' lang='lat' dir='ltr'>annis</span> <span class='ocrx_word' id='word_1_247' title='bbox 1120 3724 1285 3782; x_wconf 78' lang='lat' dir='ltr'>dissentiens</span> <span class='ocrx_word' id='word_1_248' title='bbox 1303 3745 1330 3795; x_wconf 90' lang='lat' dir='ltr'>p.</span> <span class='ocrx_word' id='word_1_249' title='bbox 1351 3731 1411 3789; x_wconf 75' lang='lat'>166;</span> 
     </span>
     <span class='ocr_line' id='line_1_31' title="bbox 276 3815 1411 3888; baseline 0 -16"><span class='ocrx_word' id='word_1_250' title='bbox 276 3833 326 3872; x_wconf 91' lang='lat' dir='ltr'>nec</span> <span class='ocrx_word' id='word_1_251' title='bbox 343 3816 419 3872; x_wconf 83' lang='lat' dir='ltr'>aliud</span> <span class='ocrx_word' id='word_1_252' title='bbox 437 3815 464 3871; x_wconf 88' lang='lat' dir='ltr'>C.</span> <span class='ocrx_word' id='word_1_253' title='bbox 485 3816 669 3870; x_wconf 85' lang='lat' dir='ltr'>Muellerus</span> <span class='ocrx_word' id='word_1_254' title='bbox 688 3816 812 3884; x_wconf 87' lang='lat' dir='ltr'>sequitur</span> <span class='ocrx_word' id='word_1_255' title='bbox 829 3815 940 3885; x_wconf 69' lang='lat' dir='ltr'>Magni.</span> <span class='ocrx_word' id='word_1_256' title='bbox 959 3816 1023 3872; x_wconf 85' lang='lat' dir='ltr'>hist.</span> <span class='ocrx_word' id='word_1_257' title='bbox 1042 3833 1082 3886; x_wconf 78' lang='lat' dir='ltr'>gr.</span> <span class='ocrx_word' id='word_1_258' title='bbox 1102 3819 1142 3871; x_wconf 92' lang='lat' dir='ltr'>Ill</span> <span class='ocrx_word' id='word_1_259' title='bbox 1158 3837 1186 3888; x_wconf 90' lang='lat' dir='ltr'>p.</span> <span class='ocrx_word' id='word_1_260' title='bbox 1206 3825 1254 3874; x_wconf 83' lang='grc'><strong>691</strong></span> <span class='ocrx_word' id='word_1_261' title='bbox 1272 3836 1313 3887; x_wconf 86' lang='lat' dir='ltr'>sq.</span> <span class='ocrx_word' id='word_1_262' title='bbox 1349 3817 1411 3873; x_wconf 89' lang='lat' dir='ltr'>Non</span> 
     </span>
     <span class='ocr_line' id='line_1_32' title="bbox 276 3908 1411 3967; baseline 0.001 -3"><span class='ocrx_word' id='word_1_263' title='bbox 276 3911 393 3964; x_wconf 89' lang='lat' dir='ltr'>multum</span> <span class='ocrx_word' id='word_1_264' title='bbox 420 3909 530 3963; x_wconf 86' lang='lat' dir='ltr'>diversa</span> <span class='ocrx_word' id='word_1_265' title='bbox 551 3909 598 3963; x_wconf 83' lang='lat' dir='ltr'>via</span> <span class='ocrx_word' id='word_1_266' title='bbox 620 3913 749 3965; x_wconf 87' lang='lat' dir='ltr'>accurate</span> <span class='ocrx_word' id='word_1_267' title='bbox 775 3908 988 3964; x_wconf 83' lang='lat' dir='ltr'>commentando</span> <span class='ocrx_word' id='word_1_268' title='bbox 1011 3911 1202 3965; x_wconf 84' lang='lat' dir='ltr'>Boeclrhius</span> <span class='ocrx_word' id='word_1_269' title='bbox 1229 3911 1328 3967; x_wconf 88' lang='lat' dir='ltr'>eodem</span> <span class='ocrx_word' id='word_1_270' title='bbox 1354 3913 1411 3965; x_wconf 88' lang='lat' dir='ltr'>fere</span> 
     </span>
     <span class='ocr_line' id='line_1_33' title="bbox 277 4000 1410 4076; baseline -0.002 -18"><span class='ocrx_word' id='word_1_271' title='bbox 277 4022 331 4076; x_wconf 89' lang='lat' dir='ltr'>quo</span> <span class='ocrx_word' id='word_1_272' title='bbox 350 4020 403 4071; x_wconf 81' lang='lat' dir='ltr'>ego</span> <span class='ocrx_word' id='word_1_273' title='bbox 420 4001 549 4072; x_wconf 86' lang='lat' dir='ltr'>pervenit</span> <span class='ocrx_word' id='word_1_274' title='bbox 566 4001 646 4071; x_wconf 86' lang='lat' dir='ltr'>Corp.</span> <span class='ocrx_word' id='word_1_275' title='bbox 660 4002 741 4056; x_wconf 82' lang='lat' dir='ltr'>incer.</span> <span class='ocrx_word' id='word_1_276' title='bbox 755 4021 796 4070; x_wconf 84' lang='lat' dir='ltr'>gr.</span> <span class='ocrx_word' id='word_1_277' title='bbox 810 4003 836 4056; x_wconf 94' lang='lat' dir='ltr'>ll</span> <span class='ocrx_word' id='word_1_278' title='bbox 848 4019 876 4071; x_wconf 90' lang='lat' dir='ltr'>p.</span> <span class='ocrx_word' id='word_1_279' title='bbox 889 4009 946 4056; x_wconf 72' lang='lat'>341.</span> <span class='ocrx_word' id='word_1_280' title='bbox 985 4000 1206 4058; x_wconf 84' lang='lat' dir='ltr'>Clintoniana</span> <span class='ocrx_word' id='word_1_281' title='bbox 1223 4005 1318 4059; x_wconf 87' lang='lat' dir='ltr'>autem</span> <span class='ocrx_word' id='word_1_282' title='bbox 1336 4003 1410 4057; x_wconf 73' lang='lat' dir='ltr'>rasa.</span> 
     </span>
     <span class='ocr_line' id='line_1_34' title="bbox 276 4095 1412 4165; baseline -0.003 -14"><span class='ocrx_word' id='word_1_283' title='bbox 276 4097 376 4152; x_wconf 88' lang='lat' dir='ltr'>hellen.</span> <span class='ocrx_word' id='word_1_284' title='bbox 396 4096 422 4148; x_wconf 86' lang='lat'>11</span> <span class='ocrx_word' id='word_1_285' title='bbox 439 4113 465 4164; x_wconf 92' lang='lat' dir='ltr'>p.</span> <span class='ocrx_word' id='word_1_286' title='bbox 486 4101 535 4150; x_wconf 79' lang='lat'>239</span> <span class='ocrx_word' id='word_1_287' title='bbox 554 4111 594 4162; x_wconf 85' lang='lat' dir='ltr'>sq.</span> <span class='ocrx_word' id='word_1_288' title='bbox 615 4095 656 4150; x_wconf 89' lang='lat' dir='ltr'>ed.</span> <span class='ocrx_word' id='word_1_289' title='bbox 676 4095 789 4163; x_wconf 84' lang='lat' dir='ltr'>Krueg.‚</span> <span class='ocrx_word' id='word_1_290' title='bbox 808 4111 976 4163; x_wconf 84' lang='lat' dir='ltr'>quamquam</span> <span class='ocrx_word' id='word_1_291' title='bbox 993 4096 1145 4165; x_wconf 87' lang='lat' dir='ltr'>prudenter</span> <span class='ocrx_word' id='word_1_292' title='bbox 1162 4095 1300 4165; x_wconf 85' lang='lat' dir='ltr'>exposite,</span> <span class='ocrx_word' id='word_1_293' title='bbox 1318 4097 1412 4150; x_wconf 79' lang='lat' dir='ltr'>tamen</span> 
     </span>
     <span class='ocr_line' id='line_1_35' title="bbox 277 4186 1412 4259; baseline -0.004 -15"><span class='ocrx_word' id='word_1_294' title='bbox 277 4207 333 4244; x_wconf 86' lang='lat' dir='ltr'>aon</span> <span class='ocrx_word' id='word_1_295' title='bbox 356 4190 422 4243; x_wconf 90' lang='lat' dir='ltr'>sunt</span> <span class='ocrx_word' id='word_1_296' title='bbox 443 4189 501 4242; x_wconf 86' lang='lat' dir='ltr'>eius</span> <span class='ocrx_word' id='word_1_297' title='bbox 524 4188 611 4253; x_wconf 85' lang='lat' dir='ltr'>modi,</span> <span class='ocrx_word' id='word_1_298' title='bbox 641 4190 672 4241; x_wconf 88' lang='lat' dir='ltr'>ut</span> <span class='ocrx_word' id='word_1_299' title='bbox 692 4188 813 4242; x_wconf 89' lang='lat' dir='ltr'>habeam</span> <span class='ocrx_word' id='word_1_300' title='bbox 835 4204 883 4241; x_wconf 86' lang='lat' dir='ltr'>cur</span> <span class='ocrx_word' id='word_1_301' title='bbox 904 4206 1030 4243; x_wconf 86' lang='lat' dir='ltr'>meorum</span> <span class='ocrx_word' id='word_1_302' title='bbox 1051 4206 1096 4244; x_wconf 88' lang='lat' dir='ltr'>me</span> <span class='ocrx_word' id='word_1_303' title='bbox 1118 4187 1271 4259; x_wconf 86' lang='lat' dir='ltr'>paeniteat.</span> <span class='ocrx_word' id='word_1_304' title='bbox 1301 4219 1334 4228; x_wconf 93' lang='lat'><em>-</em></span> <span class='ocrx_word' id='word_1_305' title='bbox 1362 4186 1412 4240; x_wconf 85' lang='lat' dir='ltr'>His</span> 
     </span>
     <span class='ocr_line' id='line_1_36' title="bbox 278 4279 1413 4350; baseline -0.005 -11"><span class='ocrx_word' id='word_1_306' title='bbox 278 4282 405 4340; x_wconf 85' lang='lat' dir='ltr'>omnibus</span> <span class='ocrx_word' id='word_1_307' title='bbox 428 4281 500 4336; x_wconf 89' lang='lat' dir='ltr'>adde</span> <span class='ocrx_word' id='word_1_308' title='bbox 523 4297 595 4335; x_wconf 88' lang='lat' dir='ltr'>nunc</span> <span class='ocrx_word' id='word_1_309' title='bbox 618 4279 724 4335; x_wconf 87' lang='lat' dir='ltr'>sohdae</span> <span class='ocrx_word' id='word_1_310' title='bbox 744 4279 887 4334; x_wconf 87' lang='lat' dir='ltr'>doctrinae</span> <span class='ocrx_word' id='word_1_311' title='bbox 911 4282 1005 4350; x_wconf 84' lang='lat' dir='ltr'>copias</span> <span class='ocrx_word' id='word_1_312' title='bbox 1027 4281 1161 4337; x_wconf 85' lang='lat' dir='ltr'>Alfredi</span> <span class='ocrx_word' id='word_1_313' title='bbox 1179 4279 1413 4336; x_wconf 83' lang='lat' dir='ltr'>Gutsehmidii</span> 
     </span>
     <span class='ocr_line' id='line_1_37' title="bbox 277 4372 1088 4443; baseline -0.001 -15"><span class='ocrx_word' id='word_1_314' title='bbox 277 4375 307 4428; x_wconf 90' lang='lat' dir='ltr'>in</span> <span class='ocrx_word' id='word_1_315' title='bbox 324 4373 458 4441; x_wconf 82' lang='lat' dir='ltr'>Symbola</span> <span class='ocrx_word' id='word_1_316' title='bbox 475 4374 679 4443; x_wconf 88' lang='lat' dir='ltr'>philologorum</span> <span class='ocrx_word' id='word_1_317' title='bbox 697 4372 883 4427; x_wconf 87' lang='lat' dir='ltr'>Bonnensium</span> <span class='ocrx_word' id='word_1_318' title='bbox 902 4391 928 4442; x_wconf 90' lang='lat' dir='ltr'>p.</span> <span class='ocrx_word' id='word_1_319' title='bbox 950 4379 998 4428; x_wconf 81' lang='lat'>104</span> <span class='ocrx_word' id='word_1_320' title='bbox 1016 4376 1088 4443; x_wconf 85' lang='lat' dir='ltr'>sqq.]</span> 
     </span>
    </p>
   </div>
   <div class='ocr_carea' id='block_1_5' title="bbox 0 0 1666 5088">
    <p class='ocr_par' dir='ltr' id='par_1_5' title="bbox 0 0 1666 5088">
     <span class='ocr_line' id='line_1_38' title="bbox 0 0 1666 5088; baseline 0 0"><span class='ocrx_word' id='word_1_321' title='bbox 0 0 1666 5088; x_wconf 95' lang='lat' dir='ltr'> </span> 
     </span>
    </p>
   </div>
  </div>
 </body>
</html>
