3218 5094
614 355 661 402 nn
684 356 753 403 ouo
777 357 821 402 ar
846 356 987 403 emona.
1305 340 1366 404 621

232 509 449 570 tractarentur
470 509 504 570 ῐι
527 509 559 569 11
580 509 617 586 ἶ,
640 507 778 590 itemque
800 513 834 576 or
856 511 888 570 et
910 513 933 571 ῡ
955 506 1159 592 diphthongi.
1199 506 1281 572 Vide
1303 507 1370 570 Vil-

234 615 348 680 loisoni
371 616 494 680 Anecd.
519 638 567 700 gr.
584 615 617 680 II
639 639 671 700 p.
698 616 756 680 127
783 614 880 702 [nunc
902 616 937 680 in
953 615 1095 682 Crameri
1118 617 1240 680 Anecd.
1265 618 1367 681 Oxou.

231 726 292 789 vol.
316 725 372 814 ssl-

316 835 464 900 (1111111111
491 858 532 900 ne
560 837 630 921 quis
658 836 740 900 forte
768 835 910 899 animum
937 836 1070 900 inducat
1096 837 1261 921 iungenda
1291 837 1371 900 haec

232 967 315 1016 esee:
353 945 555 1025 ὀρθογραφία
582 948 653 1025 περὶ
682 947 732 1008 111
761 946 924 1029 (quoniam
953 966 1010 1028 per
1037 935 1193 1009 incuriam
1220 946 1371 1009 iteratum

232 1055 527 1135 1111ὀρθογραφία
549 1077 666 1118 nomen
689 1055 803 1140 possit)
833 1057 904 1136 περὶ
931 1061 986 1134 τῆ(
1014 1061 1047 1121 iri
1074 1056 1254 1136 διφθόγγου
1277 1058 1371 1120 κατὰ

232 1165 448 1245 Φρυνίχου,
471 1166 550 1258 rard
573 1169 744 1244 (τοιχεῑον,
772 1165 984 1249 reputandum
1006 1165 1082 1228 illud
1107 1167 1165 1247 est,
1190 1186 1251 1228 uec
1272 1164 1371 1248 Phry-

231 1273 373 1338 niehium
388 1274 427 1338 de
443 1281 476 1340 m
492 1274 693 1358 diphthongo
715 1273 831 1338 librum
849 1274 1008 1358 quendam
1030 1275 1209 1338 inauditum
1231 1296 1371 1358 unquam

232 1405 316 1466 esse,
346 1406 424 1466 nec,
455 1384 482 1447 si
510 1384 549 1447 de
571 1384 706 1469 singulis
729 1384 834 1466 potius
857 1385 1029 1448 Atticistae
1051 1385 1229 1468 praeceptis
1254 1385 1370 1468 cogite-

231 1498 284 1556 tur
307 1495 347 1557 ab
363 1493 427 1558 Oro
450 1494 658 1578 impugnatis,
682 1493 794 1556 horum
809 1497 936 1557 tanturn
959 1516 1051 1577 posse
1073 1515 1239 1558 numerum
1261 1494 1369 1574 fuisse,

232 1625 312 1687 quae
335 1605 502 1667 materiam
524 1605 652 1688 integro
667 1603 749 1666 libro
766 1603 1002 1667 conscribendo·
1011 1603 1211 1686 praeberent,
1228 1625 1370 1686 praeser-

232 1713 290 1776 tim
314 1716 392 1780 κατὰ
415 1717 572 1793 (τοιχεῑον
593 1713 757 1796 disposito.
793 1713 888 1776 Nunc
906 1712 1043 1796 quidem,
1066 1716 1221 1796 quantum
1237 1735 1370 1777 comme-

231 1823 321 1905 mini,
339 1824 404 1887 eius
420 1823 505 1887 modi
520 1823 603 1886 nihil
617 1823 652 1886 in
668 1822 878 1906 Phrynichcis
895 1825 1000 1886 exstat
1015 1826 1143 1906 praeter
1158 1824 1322 1888 Ἀλκαϊκόν
1338 1827 1371 1885 11

232 1934 404 1999 Ἀλκαιικὸν
428 1934 619 2017 scripturam
642 1955 673 2016 p.
690 1933 732 1996 39
754 1934 830 1996 Loh.
853 1930 1017 2006 -Quem
1039 1933 1079 1996 ad
1101 1933 1228 1996 modum
1252 1937 1368 2014 autem,

231 2043 284 2126 qui
301 2042 416 2107 Suidae
433 2043 674 2118 ἀνθολόγιον
697 2045 785 2122 περὶ
806 2047 973 2122 γνωμῶν
995 2064 1052 2125 per
1068 2063 1206 2106 errorem
1221 2042 1256 2105 in
1272 2037 1369 2106 Oruni

232 2153 426 2216 translatum
454 2153 495 2216 ab
518 2152 637 2217 Orione
667 2153 821 2234 coniciet,
851 2151 935 2215 haud
965 2174 1042 2216 sane
1071 2151 1289 2235 displiciturus
1317 2151 1369 2232 sit,

126 2317 131 2330 .
233 2262 291 2344 ita,
316 2262 399 2346 quod
422 2262 535 2326 Orioni
558 2262 779 2326 Alexandrino
806 2263 890 2327 idem
913 2261 1027 2325 Suidas
1054 2261 1167 2324 tribuit
1190 2264 1370 2326 Ἀττικῶν

232 2374 378 2439 λέξεων
407 2375 655 2454 (υναγωγήν,
685 2393 765 2454 quae
794 2393 834 2436 ne
863 2371 1051 2435 tenuissimo
1079 2369 1206 2453 quidem
1233 2371 1370 2454 vestigio

231 2481 359 2545 aliunde
382 2483 568 2565 innotuerit,
593 2481 625 2544 id
647 2503 714 2545 non
736 2481 844 2564 inepte
867 2481 913 2544 sic
936 2481 1162 2563 interpretere,
1192 2483 1228 2542 ut
1250 2479 1290 2542 ad
1313 2479 1369 2543 Ori

231 2592 335 2674 potius
353 2591 468 2655 librum
484 2592 633 2655 adversus
650 2591 868 2674 Phrynichum
884 2589 1037 2672 scriptum
1053 2589 1223 2672 pertineat.
1255 2587 1369 2662 Quam-

231 2723 325 2784 quam
347 2701 426 2766 haec
450 2724 487 2766 ex
511 2703 556 2765 cis
579 2700 771 2766 coniecturis
795 2705 861 2784 est,
885 2700 998 2783 quibus
1021 2703 1152 2782 propter
1173 2699 1369 2762 testimonio-

231 2833 300 2874 rum
324 2813 491 2894 penuriam
513 2834 579 2874 non
601 2811 705 2894 magia
729 2811 844 2874 confidi
868 2809 968 2892 possit
990 2831 1084 2892 quam
1107 2809 1290 2893 repugnari.

315 2921 501 2986 Transimus
529 2921 569 2984 ad
597 2922 739 2987 ἐθνικά.
783 2919 811 2983 Ε
839 2918 952 3003 quibus
980 2918 1167 3001 simpliciter
1194 2918 1369 2982 nominatis

231 3029 301 3112 ipsa
324 3031 380 3094 Ori
403 3032 500 3095 verba
523 3031 564 3094 ab
586 3029 750 3113 Stephano
773 3028 930 3112 Byzantio
958 3028 1133 3092 afferuntur
1160 3051 1191 3112 p.
1217 3028 1353 3110 169,15

230 3139 388 3218 Ὠροεέν
369 3145 478 3206 ντοῑ(
507 3142 642 3206 ἐθνικοῑε
670 3145 744 3223 τῆδε
771 3141 903 3219 γράφει,
932 3138 1079 3222 primus
1102 3161 1143 3201 au
1144 3141 1209 3201 tem
1230 3137 1368 3202 liberm

232 3249 371 3332 epitoma
394 3251 511 3313 citatur
533 3273 564 3333 p
581 3250 654 3331 315,
672 3250 691 3312 2
714 3249 752 3314 de
776 3249 931 3327 Νικιώτη(
952 3248 1068 3330 forma,
1093 3248 1148 3310 alt
1134 3251 1194 3310 ter
1216 3247 1255 3310 de
1277 3249 1368 3312 Ταυί-
1387 3257 1420 3305 37

231 3380 286 3438 τηε
308 3359 427 3424 ibidem
456 3383 488 3442 p.
511 3359 583 3440 405,
610 3359 659 3423 12.
705 3358 822 3434 Quodsi
849 3379 1052 3422 numerorum
1079 3357 1262 3420 notationes
1291 3357 1372 3422 ἐθνι·’

232 3474 298 3534 κῶν
321 3470 350 3535 α’
373 3472 406 3532 11
428 3470 463 3534 ἐν
487 3466 513 3549 β’
539 3471 611 3548 περὶ
639 3470 772 3535 ἐθνικῶν
800 3469 923 3532 nullam
951 3467 1116 3532 subierunt
1145 3465 1367 3549 corruptelam,

232 3583 288 3643 aut
310 3578 388 3643 duos
411 3581 538 3642 tantum
553 3577 635 3642 haud
653 3578 778 3664 vulgari
794 3577 1003 3661 amplitudine
1018 3577 1115 3640 libros
1130 3577 1239 3641 ἐθνικά
1260 3575 1368 3639 viden-

231 3691 285 3752 tur
307 3689 471 3772 complexa
494 3709 579 3771 esse,
609 3710 741 3772 quorum
768 3689 810 3752 ab
831 3692 856 3753 Α
879 3687 918 3750 ed
942 3689 966 3752 N
990 3687 1131 3750 litteram
1158 3686 1245 3769 prior
1272 3685 1368 3768 perti-

232 3803 337 3882 neret,
367 3800 504 3883 reliquas
534 3797 815 3882 comprehenderet
842 3796 1016 3880 posterior,
1052 3799 1108 3860 aut
1138 3796 1275 3860 fortasse
1302 3816 1367 3860 non

232 3911 445 3994 sequebantur
472 3910 650 3974 litterarum
678 3907 837 3990 ordinem,
872 3907 927 3970 sed
956 3927 1109 3992 generum
1133 3906 1368 3988 formarumque

232 4018 420 4084 differentiis
442 4019 597 4102 disposita
620 4021 713 4082 erant
734 4039 795 4082 nec
817 4018 851 4080 in
872 4016 967 4080 lexiei
989 4017 1094 4099 potius
1116 4037 1211 4099 quam
1233 4016 1266 4078 in
1290 4015 1368 4078 artis

232 4130 371 4210 speciem
398 4129 538 4194 redacta.
580 4127 763 4193 Ceterum
755 4150 788 4191 111
818 4127 925 4211 Etym.
950 4126 994 4189 M.
1017 4149 1049 4209 p
1076 4126 1151 4208 160,
1176 4126 1196 4189 9
1228 4126 1368 4189 scriben

232 4235 304 4300 dum
329 4259 396 4301 esse
418 4237 517 4319 Ωροε
539 4242 610 4319 περὶ
638 4239 772 4303 ἐθνικῶν
799 4259 857 4320 pro
880 4258 916 4300 eo
939 4235 1021 4320 quod
1049 4235 1250 4316 111Ωριων,
1274 4257 1367 4318 quem

233 4346 272 4410 ad
301 4345 427 4410 modum
454 4371 490 4430 p,
510 4349 573 4412 216
580 4399 589 4432 ,
619 4349 661 4414 34
688 4369 821 4411 vacuum
849 4367 955 4410 errore
983 4343 1104 4408 mansit
1129 4344 1229 4423 Ωρο(
1256 4346 1291 4412 ἐν
1320 4352 1366 4431 τῷ
