3184 5100
247 375 310 438 764
532 389 565 436 c.
589 387 773 437 ausurum
797 389 843 436 uu
867 389 898 435 r.
922 389 952 436 r.
975 387 1098 436 uauuu

248 543 320 624 tici,
351 544 514 624 retulisse,
542 565 623 626 quae
653 567 672 605 a
700 543 833 608 diversis
861 543 980 607 tradita
1007 548 1130 625 essent,
1159 542 1295 607 videtur.
1341 543 1390 606 Ac

247 652 350 735 primo
379 657 507 734 narrat,
541 674 579 716 ex
613 652 742 717 Pleiade
774 653 873 718 fuisse
902 652 1128 736 Sosiphanem3
1161 653 1291 737 deinde,
1327 654 1391 718 alio

248 762 527 845 auctore,·vixisse
550 766 691 828 extremo
709 762 863 847 Philippi,
887 765 920 827 et
941 783 1066 827 rursum
1089 783 1127 827 ex
1149 763 1224 846 alio,
1247 767 1390 829 extremo

247 871 425 935 Alexandri
447 875 605 956 tempore:
627 877 696 937 tum
718 873 839 955 pariter
861 895 899 936 ex
922 873 1001 955 alio,
1027 871 1217 956 Olympiade
1239 873 1322 955 CXI,
1351 895 1390 939 ex

248 981 311 1044 alio
333 985 455 1065 autem,
483 981 587 1048 CXIV
615 983 732 1047 obiisse
762 982 885 1047 scribit.
930 981 1019 1057 Quod
1043 985 1150 1048 autem
1172 983 1277 1066 addit,
1301 986 1332 1049 ol
1352 988 1390 1050 δὲ

247 1092 380 1170 drudoni
402 1092 502 1158 αὐτὸν
523 1094 698 1174 γράφουει,
726 1093 766 1155 ad
794 1091 883 1156 illam
906 1093 1008 1176 ipsam
1031 1092 1254 1177 Olympiadem
1276 1093 1390 1158 referri

248 1201 382 1284 poterit,
417 1205 454 1265 ut
480 1201 536 1266 alii
564 1223 636 1266 eum
662 1201 718 1266 illo
745 1205 889 1286 ternpore
917 1224 982 1266 non
1010 1201 1130 1284 obisse,
1165 1201 1218 1266 sed
1247 1202 1391 1267 flonrissa

248 1309 449 1375 tradiderint.
504 1311 702 1396 Quamquam
735 1333 801 1376 non
834 1311 1029 1395 pertinacius
1063 1312 1269 1396 contendam,
1306 1311 1390 1376 nibil

248 1419 283 1483 in
315 1419 456 1484 numeris
490 1423 657 1504 peceatum
695 1443 779 1487 esse:
818 1422 871 1506 qui
905 1421 932 1486 si
964 1423 1039 1486 sunt
1076 1422 1196 1504 vitiati,
1239 1443 1298 1505 pro
1330 1423 1392 1502 pru'

248 1532 281 1593 et
312 1529 370 1609 prb'
392 1531 573 1614 scripserim
602 1531 669 1611 pru'
691 1535 724 1596 et
756 1532 837 1615 prco',
872 1531 919 1596 sio
939 1535 1065 1616 tamen,
1103 1535 1138 1596 ut
1165 1532 1390 1615 prioremmu-

248 1661 370 1703 merum
401 1661 445 1704 ex·
466 1640 581 1705 vitioso
611 1640 718 1705 codice
746 1643 876 1706 ductum
903 1644 1030 1727 putem,
1063 1643 1097 1706 in
1120 1664 1183 1726 quo
1205 1643 1269 1721 pxb'
1291 1641 1389 1706 scribi

248 1749 412 1814 debuerat.

332 1859 368 1924 P.
392 1861 423 1923 4.
467 1860 507 1924 ln
534 1861 672 1926 Sosithei
698 1863 898 1946 fragmento,
928 1861 1012 1946 quod
1039 1884 1056 1925 e
1084 1861 1223 1926 Stobaeo
1250 1862 1387 1945 profers,

248 1967 346 2032 editio
368 1969 517 2053 princeps
540 1969 670 2035 Stobuei
692 1971 800 2036 derbe:
822 1975 896 2055 post
918 1951 1037 2036 editum
1059 1971 1173 2054 αἰετός,
1197 1975 1294 2054 recte,
1317 1993 1390 2034 meo
1495 2054 1500 2060 Ι

249 2077 381 2160 iudicio,
416 2078 443 2142 si
471 2080 597 2163 quidem
630 2083 752 2144 veteres
784 2081 925 2165 tragioos
957 2083 1107 2164 sequutus
1135 2084 1183 2145 est
1211 2080 1388 2146 Sositheus,

249 2185 334 2250 Nam
356 2188 450 2253 derbe
472 2190 613 2274 vulgaris
636 2189 798 2254 Atticismi
822 2194 855 2254 et
876 2189 1088 2254 recentiorum
1111 2193 1169 2255 est.
1214 2189 1309 2254 lllum
1333 2212 1389 2254 au·

249 2301 313 2360 tem
337 2320 476 2386 versum,
506 2320 599 2382 quem
622 2298 784 2383 Diogenes
807 2299 952 2363 Laertius
975 2301 1084 2383 affert,
1108 2321 1174 2364 non
1201 2299 1319 2382 vinciS,
1352 2303 1391 2364 ut

251 2408 399 2490 privatim
425 2409 459 2472 in
485 2408 673 2474 Cleanthem
695 2408 815 2473 dictum
839 2409 975 2472 credam.
1020 2411 1142 2493 Aperte
1165 2408 1250 2473 enim
1273 2431 1389 2494 repug-

250 2522 330 2581 nant
353 2519 449 2582 verba
471 2518 642 2604 Diogenis:
680 2520 738 2600 ἐφ’
761 2521 787 2604 ᾧ
810 2520 998 2596 araceum
1021 2519 1051 2584 οἱ
1073 2519 1225 2598 ἀκροαταὶ
1245 2521 1305 2586 τὸν
1329 2522 1389 2597 μὲν

237 2619 432 2707 'exobrutum
455 2631 513 2695 τὸν
534 2631 570 2694 δὲ
593 2629 750 2694 (ωείθεον
773 2630 935 2708 ἐξέβαλον.
979 2627 1041 2693 Sed
1064 2626 1151 2692 aliud
1179 2628 1247 2691 iure
1276 2649 1314 2692 ex
1337 2627 1388 2692 his

249 2737 353 2800 verbis
377 2737 524 2822 colliges,
547 2759 613 2801 non
636 2759 674 2802 ex
696 2737 822 2820 fabula,
847 2759 928 2820 quae
949 2737 985 2802 iu
999 2759 1096 2802 scena
1111 2741 1277 2822 ageretur,
1301 2737 1389 2802 hunc

249 2867 374 2910 versum
396 2846 618 2930 depromptum
647 2822 735 2930 esse,
761 2846 815 2911 sed
846 2869 884 2911 ex
913 2847 1070 2925 carmine,
1097 2846 1180 2932 quod
1206 2848 1275 2932 ipse
1302 2847 1387 2912 Sosi-

200 2963 210 2982 '
248 2955 342 3018 theus
371 2955 498 3038 publice
527 2955 680 3020 recitarit.
727 2956 805 3020 Inde
833 2957 981 3023 εἰπόντος
1013 2956 1175 3034 Laertius,
1203 2978 1269 3021 non
1295 2961 1389 3038 ποιή-

249 3085 379 3148 curret,
413 3063 487 3129 inde
520 3066 689 3148 ἀκροαταί,
724 3087 790 3130 non
816 3065 934 3131 θεαταί.
979 3064 1028 3130 De
1055 3065 1160 3130 verbis
1188 3068 1240 3130 ἐπὶ
1267 3073 1304 3150 τῇ
1336 3088 1387 3131 τυ-

249 3175 348 3258 χούεῃ
383 3176 572 3260 βλαεφημίᾳ.
592 3174 724 3240 falleris.
769 3173 859 3238 Nihil
892 3173 954 3238 nisi
983 3174 1177 3258 convicium,
1207 3175 1289 3259 quod
1317 3174 1388 3239 leve

249 3284 431 3369 nulliusque
458 3286 613 3349 momenti
640 3284 697 3366 sit,
735 3286 881 3366 notatur,
917 3283 1014 3348 etiam
1037 3284 1064 3347 si
1090 3284 1228 3348 maxime
1256 3283 1388 3348 medita-

248 3395 391 3458 tumuit.
1082 3401 1086 3412 '

332 3502 368 3567 P.
391 3505 422 3570 5.
468 3503 517 3568 De
539 3503 733 3568 Dioscoridis
756 3505 988 3588 epigrammate
1011 3524 1120 3568 vereor
1142 3506 1178 3566 ut
1196 3501 1268 3568 aliis
1282 3505 1389 3588 magis

144 3651 150 3664 ·
248 3635 344 3696 quam
372 3611 451 3676 mihi
479 3635 687 3697 persuasurus
715 3613 768 3677 sis.
814 3613 937 3677 Primos
971 3633 1079 3676 versus
1109 3634 1169 3696 ego
1200 3613 1236 3676 in
1264 3612 1320 3676 illa
1347 3613 1389 3677 ad

249 3720 403 3787 Beckium
426 3723 561 3807 epistole
583 3723 690 3806 omisi,
715 3723 798 3806 quod
820 3722 860 3786 de
882 3721 1020 3786 lectione
1041 3721 1245 3806 dubitabam,
1268 3722 1303 3785 in
1325 3726 1390 3787 ter·

248 3832 294 3895 tio
321 3831 448 3916 quidem
476 3854 582 3916 versu,
617 3854 682 3897 non
714 3833 749 3896 in
777 3831 916 3896 secundo
923 3880 932 3914 ,
966 3831 1001 3896 in
1035 3853 1113 3914 quo,
1148 3832 1175 3896 si
1202 3831 1388 3915 quidquam,

249 3941 408 4006 sincerum
436 3945 530 4026 puto,
564 3941 648 4027 quod
679 3940 860 4006 Brunekius
887 3939 989 4024 dedit,
1019 3940 1119 4006 ἄλλος
1146 3944 1180 4004 et
1205 3942 1388 4022 (οφοκλῆν.

249 4049 333 4115 Nam
355 4073 436 4134 quae
458 4054 494 4115 tu
515 4053 684 4136 proponis,
713 4051 785 4115 vide
813 4072 854 4116 ne
878 4051 1006 4135 longius
1027 4051 1075 4113 -ub
1105 4050 1390 4134 epigrammaticae

248 4181 379 4244 poeseos
413 4161 576 4246 elegantia
608 4160 770 4225 recedant.
814 4161 852 4224 ln
885 4159 982 4224 tertio
1009 4179 1102 4223 versu
1134 4159 1320 4223 dubitabam
1349 4160 1391 4225 de

249 4269 378 4333 nomine
400 4270 533 4352 εκίρτοε.
578 4269 716 4334 Defendi
737 4270 855 4355 poterit
877 4270 939 4352 ita,
968 4272 1004 4333 ut
1028 4290 1087 4353 pro
1108 4268 1305 4332 deminutivo
1332 4269 1391 4333 ha-

249 4378 370 4443 beatur.
416 4379 455 4442 ln
488 4378 630 4463 epitheto
664 4380 892 4460 πυῤῥογένειοε
922 4381 1029 4444 autem
1056 4377 1235 4444 lecobsium
1265 4399 1389 4444 errasse
