3254 5092
471 309 518 355 na
541 309 633 355 arec.
656 309 760 356 saux.
784 309 828 355 er
851 310 1066 358 rrsrsraaro.
1280 295 1338 359 lot

197 462 250 524 ubi
273 461 306 524 in
329 467 556 526 commixtorum
579 463 683 525 locum
706 466 862 541 ευμμιγεῖ(
892 462 1069 545 suffeceris,
1101 463 1135 526 in
1162 469 1340 543 simplicium

196 582 225 634 et
247 577 429 650 depes-rorum
452 572 572 650 ἀμιγεῖ(
601 573 651 636 καὶ
673 571 776 636 ἁπλᾶ(
800 572 935 652 βίβλους.
980 572 1055 636 Non
1083 593 1238 656 negamus
1260 572 1341 636 nulli

197 701 325 763 prorsus
347 680 541 744 dubitationi
563 682 667 744 locum
689 680 788 745 fuisse
810 681 972 763 relictum,
995 682 1021 744 si
1045 683 1091 744 sic
1113 682 1236 745 locutus
1259 687 1342 746 esset

197 789 330 854 Taetza:
353 795 408 869 τῆ(
430 793 465 856 δὲ
487 795 553 855 τῶν
577 791 765 872 ἀνακτόρων
787 793 879 856 ἐντὸς
902 792 1087 876 ὁλοιχεριῑιν
1109 795 1166 870 μὲν
1183 793 1232 856 vel
1255 793 1342 857 ἀδια-

197 900 387 979 κρίτωννολ
410 901 549 966 καθόλου
573 902 781 984 (ὁλοεχερῶε,
809 901 1009 982 ἀδιακρίτωε)
1036 903 1093 980 μὲν
1119 905 1342 981 κατηριθμημέ-

199 1030 268 1074 νων
284 1010 415 1089 ἁριθμόε
429 1011 662 1090 τεεεαράκοντα
677 1010 835 1091 μυριάδες,
853 1013 1098 1090 διακεκριμένων
1114 1013 1148 1076 δὲ
1164 1013 1213 1075 καλ
1228 1013 1342 1078 ἁπλῶν

199 1143 227 1183 κ.
251 1141 277 1184 τ.
302 1123 328 1183 λ.
358 1117 478 1182 Verum
501 1141 571 1183 cum
594 1119 650 1184 illa
672 1120 779 1203 priora
800 1124 909 1183 tamen
932 1120 1071 1202 potuisse
1094 1121 1190 1184 etiarn
1212 1126 1342 1201 (υμμιγῆ

200 1250 266 1291 non
288 1229 397 1311 inepte
420 1228 483 1292 dici
506 1228 741 1293 concedendum
761 1230 818 1293 sit:
842 1229 1075 1293 consectarium
1098 1233 1182 1312 erat,
1205 1233 1242 1294 ut
1263 1251 1343 1314 quae

201 1339 247 1402 eis
262 1343 499 1421 opponerentur
513 1343 677 1422 tamquam
693 1339 870 1420 contraria,
894 1340 1058 1402 contrario·
1077 1340 1175 1403 etiarn
1190 1341 1343 1404 vocabulo
1362 1349 1395 1397 40

202 1449 477 1532 significarentur:
509 1450 551 1512 ab
573 1469 610 1512 eo
637 1449 837 1532 potissimum
859 1449 1030 1532 scriptore,
1060 1449 1130 1532 qui,
1159 1472 1239 1532 quac
1262 1451 1344 1514 ratio

202 1561 286 1621 esset
314 1558 531 1642 oppositorum
558 1558 685 1621 illorum
692 1608 701 1640 ,
736 1558 803 1641 ipse
829 1557 966 1621 fortasse
996 1580 1109 1641 parum
1137 1560 1342 1642 perspiceret.

203 1667 340 1731 Accedit
366 1666 451 1730 aliud
481 1667 647 1751 quiddam,
677 1689 693 1730 e
720 1667 899 1751 propinquo
926 1688 1044 1751 genere
1071 1669 1217 1751 petitum.
1262 1668 1344 1744 Quid

203 1777 290 1839 enirn
318 1777 395 1840 illud
424 1798 491 1840 esse
518 1775 676 1858 dicamne,
705 1777 804 1860 quod,
833 1798 910 1860 quos
939 1799 958 1839 a
985 1777 1109 1860 graecis
1138 1778 1344 1862 scriptoribus

203 1885 304 1949 editos
326 1886 429 1949 varii
454 1886 503 1949 vel
526 1886 639 1950 mixti
661 1886 885 1970 argumenti
909 1887 1005 1950 libros
1020 1887 1181 1970 novimus,
1204 1887 1233 1952 ei
1255 1910 1344 1952 num-

202 2017 298 2079 quam
326 1999 402 2058 sunt
428 2000 584 2075 tuuuureir
613 1994 789 2079 appellati?
838 1993 951 2071 Qualia
979 1997 1242 2079 quemadmodum
1271 2021 1344 2062 eon-

203 2109 329 2168 stanter
351 2106 503 2184 (ύμμικτα
530 2105 635 2188 potius
658 2105 876 2169 inscribuntur
898 2113 930 2169 et
959 2108 1107 2185 (ύμμικτα
1135 2108 1345 2188 ὑπομνήματα

204 2219 237 2278 et
259 2236 339 2298 qnae
361 2219 436 2278 sunt
458 2214 590 2278 similia:
614 2214 724 2278 eodem
745 2215 839 2278 modo
866 2215 981 2278 mixti
1010 2217 1237 2300 argumenti
1259 2218 1344 2281 volu-

202 2325 293 2388 mina
314 2323 346 2388 h.
364 2346 390 2388 e.
415 2324 556 2388 miscella
571 2328 755 2408 oportuerat
779 2327 926 2404 (ύμμικτα
948 2324 1020 2387 dici.
1053 2331 1082 2388 A
1104 2325 1218 2408 quibus
1242 2349 1345 2406 (υμμι-

201 2438 271 2512 γεῑ(
293 2434 339 2497 ita
361 2434 529 2516 differunt,
553 2438 668 2498 utnon
685 2434 882 2518 singulorum
898 2433 1020 2496 indoles
1036 2433 1202 2516 multiplex
1225 2439 1345 2518 specte-

201 2549 273 2624 tur,
297 2543 351 2606 sed
375 2544 475 2607 mixtu
491 2543 635 2607 condicio
657 2543 875 2607 universorum
897 2547 1060 2627 tamquam
1081 2547 1345 2623 (superimplentur,

203 2652 295 2728 Quod
317 2653 444 2736 quidem
466 2653 525 2716 etsi
547 2653 639 2735 licet,
662 2675 728 2716 non
750 2653 829 2716 libet
850 2656 959 2716 tamen
975 2653 1027 2716 hic
1045 2653 1192 2736 persequi
1207 2654 1344 2737 longius,

202 2761 277 2825 Hoc
299 2783 397 2824 unum
419 2761 518 2846 addo,
543 2761 641 2825 etiarn
662 2761 696 2826 in
717 2763 850 2826 metrico
872 2784 990 2845 genere
1009 2763 1157 2842 εύρμικτα
1179 2761 1257 2844 dici,
1281 2785 1346 2827 non

203 2875 336 2950 (υμμιγῆ
366 2871 449 2955 apud
477 2870 760 2954 Hephaestionem.
784 2910 826 2919 —
853 2871 914 2936 Sed
943 2872 977 2935 in
1005 2879 1189 2951 dipesrorum
1218 2873 1347 2936 nomine

203 3002 273 3044 non
295 2981 430 3064 amplius
452 2981 658 3045 haerendum.
690 2981 738 3044 Εο
760 2981 845 3046 enim
867 2982 913 3044 ita
934 2981 1098 3044 nitebatur
1119 2977 1200 3045 unns
1221 3003 1238 3044 e
1261 2983 1346 3064 prin-

203 3091 330 3174 cipibus
352 3091 429 3156 uiris
453 3089 660 3172 Germaniae,
690 3090 850 3153 Grrstavus
873 3090 969 3174 Hugo
996 3090 1083 3154 Ictus
1105 3091 1347 3174 illustrissimus

203 3205 243 3264 ut
265 3200 305 3264 ad
327 3221 439 3264 nesea
462 3200 675 3283 perscriberet
695 3199 940 3281 humanissime,
964 3223 1045 3284 quae
1060 3199 1210 3283 quoniam
1226 3205 1258 3264 et
1277 3203 1348 3266 sub·

201 3310 308 3374 tiliter
336 3314 368 3372 et
395 3309 516 3373 erudite
543 3308 706 3392 disputata
735 3312 825 3392 sunt,
856 3309 889 3373 in
913 3309 975 3372 ima
1003 3310 1125 3393 pagina
1147 3311 1347 3394 subiecimus

203 3420 338 3484 resectis
361 3418 488 3503 quidem
511 3440 591 3501 quae
614 3417 654 3482 ad
676 3439 829 3502 personas
851 3421 977 3482 tantum
1000 3420 1191 3504 spectant.*)

204 3617 411 3628 ..-.-——.-—

276 3746 301 3815 *l
321 3789 388 3802 ....
407 3768 479 3802 wear
497 3750 545 3800 Ilo·
563 3750 682 3802 Scholion
700 3769 730 3801 zu
744 3752 848 3801 Plruenes
859 3753 928 3802 nield
939 3753 1002 3801 nort
1016 3752 1102 3802 Ειιυαι
1120 3751 1250 3813 enttielte,
1269 3754 1351 3802 womit

201 3845 248 3896 rer
265 3844 329 3893 mint
344 3845 438 3908 further
455 3843 617 3908 beacddfftr'pt
633 3845 710 3906 habe,
734 3845 855 3893 nrldmlr'rlz
873 3847 920 3894 das
943 3846 1020 3894 Wort
1038 3848 1163 3906 digesto
1180 3847 1205 3893 in
1228 3845 1283 3893 dem
1303 3845 1349 3894 Ge-

199 3945 313 4006 peaeatz
335 3940 518 4002 simplicium
542 3944 572 3986 et
599 3939 791 4002 digestorum
811 3953 891 4001 pepon
914 3941 1153 3987 commistorum.
1195 3937 1227 3986 In
1249 3939 1350 3986 meinero

202 4033 333 4096 Mapma
357 4031 390 4082 B.
409 4033 425 4079 6
444 4031 477 4082 H.
498 4033 514 4079 2
537 4029 600 4079 lube
623 4031 662 4079 ιὀλ
684 4031 761 4080 echon
785 4046 830 4078 ror
852 4033 868 4079 8
889 4029 987 4081 durren
1009 4047 1056 4080 vau
1080 4031 1107 4082 S.
1129 4033 1178 4079 148
1200 4031 1238 4078 br‘r
1256 4029 1283 4078 S.
1305 4033 1351 4078 160

201 4123 373 4188 rrmpeffilut,
391 4125 454 4173 daus
471 4125 622 4186 digerere
641 4123 720 4180 nieht,
737 4125 783 4170 wie
796 4139 852 4171 aiau
865 4138 892 4172 es
904 4125 973 4186 jetzt
991 4126 1043 4184 fast
1061 4127 1191 4186 allpemctn
1211 4125 1304 4179 nimau,
1323 4139 1351 4171 ao

201 4220 258 4286 uir!
275 4218 315 4265 atr
334 4215 449 4278 Ordueu,
471 4217 584 4266 eundern
602 4215 721 4263 :uincetur
739 4231 786 4263 nur
806 4215 948 4266 Einllretlen
970 4218 1060 4271 lecturi,
1083 4219 1164 4265 womit
1184 4217 1286 4278 frer'liclz
1304 4219 1351 4266 das

202 4311 315 4362 Ordneu
327 4309 390 4356 auct
402 4308 441 4370 ost
452 4307 679 4370 receammenld'upt,
698 4307 759 4355 ater
772 4309 841 4357 uicti
852 4309 948 4372 ιὐυιιεν,
966 4312 1012 4357 wie
1025 4326 1045 4362 z.
1059 4309 1091 4362 B.
1106 4311 1239 4372 cerneleia
1253 4325 1350 4358 terrerum
