3270 5094
545 377 582 428 ιιι
605 379 777 430 insonum
799 376 1051 429 rnonnrnsvn.
1307 357 1369 428 387

231 531 314 596 festo
346 532 389 596 sit
421 532 670 615 antistropbica‚
706 533 790 597 idem
818 533 931 598 eadere
958 534 992 598 in
1019 556 1048 596 v.
1073 532 1135 596 903
1164 554 1232 615 sqq.
1263 530 1367 595 debet.

231 641 402 706 Praeterea
430 643 608 726 reputanda
635 643 714 706 haec
742 647 826 707 sunt.
872 643 946 707 Non
974 643 1008 706 in
1040 643 1180 706 numeris
1207 641 1309 704 solum
1337 644 1370 706 et

231 752 366 835 singulis
382 752 570 836 quibusdam
584 753 718 835 pedibus
734 753 872 837 vestigia
888 751 1139 836 antistrophicae
1153 750 1368 834 responsionis
1378 760 1467 808 xxvm

232 861 528 945 deprehenduntur,
562 862 617 925 sed
646 863 744 925 etiam
765 863 801 926 in
828 885 978 926 sonorum
1006 860 1215 925 similitudine
1244 863 1277 923 et
1299 861 1369 922 lusu

232 970 437 1054 syllabarum,
461 994 490 1034 v.
507 971 579 1036 903.
596 971 669 1037 906.
700 971 824 1036 Deinde
846 973 917 1054 ipsa
939 993 1086 1036 versuum
1109 971 1207 1034 trium
1228 970 1369 1053 priorum

231 1081 391 1144 sententia
413 1081 576 1145 obscurior
598 1083 661 1164 est,
686 1103 780 1165 quam
802 1086 838 1144 ut
859 1081 1047 1145 mendorum
1068 1080 1276 1164 suspitionem
1298 1101 1369 1162 pro·
1392 1149 1396 1160 ¹

232 1191 281 1253 eul
310 1190 428 1254 habere
455 1191 567 1274 possis.
612 1190 658 1254 Vt
686 1195 791 1254 autem
820 1192 855 1254 in
882 1191 1051 1254 sententiis
1078 1212 1145 1254 non
1174 1189 1369 1253 desideretur

231 1299 414 1384 quicquam,
446 1303 556 1364 tamen
578 1299 704 1384 indigni
727 1301 888 1383 Aeschylo
916 1302 992 1364 sunt
1013 1299 1199 1364 inconcinni
1221 1320 1368 1362 versuum

230 1410 370 1492 numeri,
399 1410 508 1494 quales
536 1433 565 1473 v.
590 1410 651 1474 903
674 1432 720 1494 sq.
749 1409 920 1492 habemus,
948 1413 981 1473 et
1007 1431 1135 1493 prorsus
1156 1408 1368 1472 intolerabilis

231 1517 322 1602 ictae,
347 1519 399 1602 qui
423 1519 528 1582 estin
549 1519 663 1582 ultima
686 1519 809 1602 syllaba
832 1519 880 1583 ὅτι
896 1519 992 1582 vocis.
1037 1518 1183 1602 Denique
1205 1539 1271 1581 non
1293 1521 1369 1581 sunt

230 1629 533 1710 praetermittendae
560 1629 714 1693 librorum
741 1628 975 1711 discrepantiae
997 1651 1028 1691 v.
1052 1627 1111 1692 901
1137 1627 1229 1690 initio
1252 1631 1284 1690 et
1306 1627 1369 1690 905

230 1737 293 1800 fine
314 1737 400 1802 haud
422 1761 499 1802 sane
522 1739 665 1823 exiguae.

314 1848 420 1932 Atque
443 1870 550 1912 eorum
573 1849 710 1932 quidem,
733 1847 846 1932 quibus
869 1845 1000 1930 stropha
1017 1847 1219 1911 contineatur
1239 1867 1368 1909 necesse

230 1959 288 2038 est,
311 1956 397 2020 haud
419 1958 524 2022 facilis
547 1958 707 2041 expeditio
730 1962 787 2022 est.
819 1957 908 2032 Quod
930 1957 1017 2020 enim
1039 1957 1080 2021 ab
1103 1955 1271 2021 Schuetaio
1295 1977 1368 2020 eon-

231 2068 396 2130 struuntur
418 2068 479 2132 sie:
502 2070 571 2148 ἐμοὶ
594 2069 633 2133 οὐ
655 2069 759 2148 δέδια,
784 2067 832 2132 ὅτι
854 2068 872 2131 δ
896 2070 953 2146 μὲν
976 2068 1097 2146 enatae
1119 2069 1219 2146 γάμοι
1242 2065 1369 2146 ἄφοβός

231 2176 323 2252 ἐςτιν,
346 2176 378 2239 id
402 2199 474 2240 oum
496 2178 537 2241 ab
558 2177 671 2262 lingua
698 2177 815 2240 falsum
839 2181 902 2258 est,
933 2177 1084 2260 quoniam
1105 2175 1292 2240 Latinorum
1321 2177 1369 2238 est

230 2307 295 2348 non
319 2285 513 2350 Graecorum
535 2286 677 2350 struendi
700 2307 801 2371 genus
829 2286 918 2350 δέδιά
939 2306 1007 2365 μοι,
1035 2289 1103 2348 tum
1126 2285 1167 2348 ab
1189 2284 1368 2350 sententiae

230 2395 365 2458 ratione.
400 2395 490 2460 Haec
505 2396 591 2460 enim
605 2396 681 2459 talis
703 2395 809 2478 potius
831 2398 1049 2478 exspectatur:
1073 2394 1163 2457 ‘mihi
1179 2415 1245 2458 non
1259 2395 1366 2476 timeo,

230 2505 304 2588 quia
326 2505 431 2568 nullas
454 2505 517 2568 nisi
539 2505 687 2589 aequales
709 2505 838 2589 nuptias
862 2507 1027 2587 appeto!
1057 2502 1126 2567 Nee
1147 2504 1261 2587 magis,
1285 2502 1367 2592 quod

230 2614 374 2678 Arnaldo
390 2615 520 2698 placuit,
544 2615 608 2681 ὅτε
624 2615 702 2678 satis
721 2614 816 2678 facit:
839 2613 945 2676 ‘mihi
961 2635 1042 2678 cum
1056 2651 1098 2662 -
1113 2611 1298 2696 eveniet’3
1321 2612 1368 2676 ita

230 2724 316 2788 enim
337 2746 608 2808 supervacaneum
630 2727 686 2788 aut
707 2724 836 2805 ἄφοβος
858 2726 984 2787 estant
1006 2723 1047 2789 οὐ
1068 2725 1163 2789 δέδια
1205 2721 1368 2786 Delendac

230 2836 306 2897 sunt
327 2836 433 2897 autem
456 2834 577 2918 priores
598 2835 726 2898 litterae
743 2835 812 2912 ἐμοὶ
832 2832 1040 2916 pronominis,
1064 2835 1153 2898 ortae
1171 2832 1308 2896 fortasse
1329 2853 1367 2894 ex

230 2965 327 3026 supra
349 2943 469 3027 scripta
492 2943 678 3008 hemichorii
706 2947 785 3008 nota
817 2951 891 3008 ἨΜ.
941 2943 992 3006 lte
1018 2965 1127 3008 versus
1156 2941 1221 3006 exit
1248 2941 1368 3006 ictuum

230 3052 392 3137 elegantia
414 3075 491 3116 sane
513 3075 609 3138 quam
631 3053 906 3118 commendabilis:

442 3201 519 3271 οἷδ’
544 3205 606 3271 ὅτι
627 3209 684 3286 μὲν
708 3208 828 3286 δμαλὸε
851 3207 870 3271 ὁ
892 3205 994 3285 γάμοι
1016 3203 1151 3286 ἄφοβοι.

230 3378 324 3446 Nunc
345 3403 470 3446 rursum
492 3380 657 3446 haeremus
679 3382 714 3447 in
737 3385 776 3449 οὐ
798 3385 887 3450 δέδια
908 3382 1024 3464 verbis,
1052 3381 1165 3464 quibus
1187 3382 1255 3444 tam
1276 3401 1366 3464 prae·

228 3490 331 3554 fracte
354 3491 465 3574 positis
488 3513 553 3555 non
575 3495 632 3575 pot
656 3493 680 3556 't
703 3493 883 3557 continuari
906 3492 1024 3556 oratio:
1047 3493 1124 3556 οὐδὲ
1139 3493 1224 3554 certe
1246 3489 1366 3553 deside-

229 3604 329 3664 ratur.
378 3600 582 3666 Intereidisse
615 3606 722 3666 autem
754 3601 873 3686 aliquid
905 3599 1107 3684 antistropha
1139 3599 1247 3664 docet:
1284 3600 1366 3683 quod

230 3710 322 3792 quale
350 3710 410 3792 sit,
443 3708 584 3774 indidem
612 3711 761 3795 colligas,
796 3709 923 3795 quando
951 3711 1005 3795 qui
1034 3710 1068 3774 in
1096 3710 1205 3790 ἄπορα
1231 3711 1366 3790 πόριμα(

231 3819 371 3884 cernitur
392 3819 587 3902 syllabarum
609 3819 704 3902 lusus,
729 3819 863 3884 eundem
885 3820 1050 3904 probabile
1072 3823 1120 3883 est
1142 3821 1246 3884 locum
1267 3819 1366 3883 habu·

229 3926 291 3991 isse
312 3928 347 3992 in
369 3929 511 4012 stropha.
557 3928 627 4003 Qua
648 3929 683 3992 in
705 3950 739 3994 re
762 3930 875 4014 aliquis
902 3951 976 3994 usus
1004 3933 1053 3993 est
1080 3929 1219 3994 eiusdem
1249 3929 1366 3993 codicis
1473 3977 1474 3982 ι

230 4036 341 4122 Regii,
366 4039 454 4102 cuius
476 4060 535 4121 ope
557 4061 588 4102 v.
612 4039 673 4103 901
698 4039 938 4103 emendabatur.
982 4039 1182 4102 Documento
1210 4039 1295 4102 euim
1318 4042 1367 4102 est

230 4145 315 4210 illius
348 4146 506 4230 scriptura
534 4149 610 4212 οὐδὲ
637 4151 785 4228 διανομὴ
814 4151 864 4231 δέ,
899 4147 1098 4212 intercidisse
1132 4147 1250 4232 aliquid
1281 4148 1366 4211 inter

229 4257 318 4321 δέδια
340 4259 372 4320 et
393 4259 486 4339 μηδὲ,
511 4257 593 4341 quod
616 4278 684 4320 esse
706 4258 783 4322 Δῑα
805 4257 944 4322 ridetur:
968 4278 1061 4341 quem
1083 4256 1268 4321 admodum
1291 4259 1365 4338 βού-

230 4366 330 4444 λευμα
350 4367 388 4430 τὸ
411 4367 495 4431 Δῖον
519 4365 687 4450 legebatur
707 4388 738 4429 v.
755 4366 828 4449 622,
852 4367 890 4432 τὸ
913 4369 997 4431 Δῖον
1021 4367 1104 4446 ὄμμα
1127 4389 1155 4429 v.
1173 4366 1245 4444 657,
1269 4369 1365 4447 ιτόμα

1098 4467 1163 4532 25⁹·-
