<?xml version="1.0" encoding="UTF-8"?>
<!DOCTYPE html PUBLIC "-//W3C//DTD XHTML 1.0 Transitional//EN"
    "http://www.w3.org/TR/xhtml1/DTD/xhtml1-transitional.dtd">
<html xmlns="http://www.w3.org/1999/xhtml" xml:lang="en" lang="en">
 <head>
  <title>
</title>
<meta http-equiv="Content-Type" content="text/html;charset=utf-8" />
  <meta name='ocr-system' content='tesseract 3.04.00' />
  <meta name='ocr-capabilities' content='ocr_page ocr_carea ocr_par ocr_line ocrx_word'/>
</head>
<body>
  <div class='ocr_page' id='page_1' title='image "./fridericiritsch11wachgoog_0227.png"; bbox 0 0 3254 5092; ppageno 0'>
   <div class='ocr_carea' id='block_1_1' title="bbox 240 325 1031 388">
    <p class='ocr_par' dir='ltr' id='par_1_1' title="bbox 240 325 1031 388">
     <span class='ocr_line' id='line_1_1' title="bbox 240 325 1031 388; baseline -0.005 0"><span class='ocrx_word' id='word_1_1' title='bbox 240 325 302 388; x_wconf 78' lang='lat'>206</span> <span class='ocrx_word' id='word_1_2' title='bbox 590 339 747 386; x_wconf 77' lang='grc' dir='ltr'>πποπηκπ</span> <span class='ocrx_word' id='word_1_3' title='bbox 770 338 1031 386; x_wconf 75' lang='grc' dir='ltr'>Ριιοοοοοπππκ</span> 
     </span>
    </p>
   </div>
   <div class='ocr_carea' id='block_1_2' title="bbox 240 490 1378 901">
    <p class='ocr_par' dir='ltr' id='par_1_2' title="bbox 240 490 1378 901">
     <span class='ocr_line' id='line_1_2' title="bbox 241 490 1378 571; baseline -0.003 -16"><span class='ocrx_word' id='word_1_4' title='bbox 241 493 285 556; x_wconf 84' lang='grc' dir='ltr'>ὡς</span> <span class='ocrx_word' id='word_1_5' title='bbox 314 493 375 557; x_wconf 78' lang='grc' dir='ltr'>ἀπ’</span> <span class='ocrx_word' id='word_1_6' title='bbox 402 493 511 556; x_wconf 88' lang='grc' dir='ltr'>αὐτῶν</span> <span class='ocrx_word' id='word_1_7' title='bbox 539 497 605 556; x_wconf 91' lang='grc' dir='ltr'>τῶν</span> <span class='ocrx_word' id='word_1_8' title='bbox 634 493 751 571; x_wconf 82' lang='grc' dir='ltr'>βίβλων</span> <span class='ocrx_word' id='word_1_9' title='bbox 779 493 974 570; x_wconf 83' lang='grc' dir='ltr'>ἐλέγχονται.</span> <span class='ocrx_word' id='word_1_10' title='bbox 1033 490 1127 553; x_wconf 84' lang='grc' dir='ltr'>Ἀλλά</span> <span class='ocrx_word' id='word_1_11' title='bbox 1155 491 1311 568; x_wconf 97' lang='grc' dir='ltr'>παρέντες</span> <span class='ocrx_word' id='word_1_12' title='bbox 1339 490 1378 554; x_wconf 89' lang='grc' dir='ltr'>τὰ</span> 
     </span>
     <span class='ocr_line' id='line_1_3' title="bbox 240 599 1377 682; baseline -0.004 -16"><span class='ocrx_word' id='word_1_13' title='bbox 240 605 370 680; x_wconf 86' lang='grc' dir='ltr'>περιττὰ</span> <span class='ocrx_word' id='word_1_14' title='bbox 392 607 519 682; x_wconf 87' lang='grc' dir='ltr'>ςαφῶς,</span> <span class='ocrx_word' id='word_1_15' title='bbox 548 602 712 680; x_wconf 90' lang='grc' dir='ltr'>ςυντόμως</span> <span class='ocrx_word' id='word_1_16' title='bbox 735 603 783 664; x_wconf 90' lang='grc' dir='ltr'>καὶ</span> <span class='ocrx_word' id='word_1_17' title='bbox 806 601 931 679; x_wconf 87' lang='grc' dir='ltr'>ἀληθῶς</span> <span class='ocrx_word' id='word_1_18' title='bbox 954 601 1004 663; x_wconf 91' lang='grc' dir='ltr'>καὶ</span> <span class='ocrx_word' id='word_1_19' title='bbox 1027 601 1070 663; x_wconf 87' lang='grc' dir='ltr'>ῶς</span> <span class='ocrx_word' id='word_1_20' title='bbox 1093 599 1112 662; x_wconf 89' lang='grc' dir='ltr'>ὁ</span> <span class='ocrx_word' id='word_1_21' title='bbox 1135 603 1212 664; x_wconf 87' lang='grc' dir='ltr'>νοῦς</span> <span class='ocrx_word' id='word_1_22' title='bbox 1236 599 1300 678; x_wconf 86' lang='grc' dir='ltr'>ἔχει</span> <span class='ocrx_word' id='word_1_23' title='bbox 1322 603 1377 676; x_wconf 89' lang='grc' dir='ltr'>τῆς</span> 
     </span>
     <span class='ocr_line' id='line_1_4' title="bbox 241 711 1378 792; baseline -0.002 -18"><span class='ocrx_word' id='word_1_24' title='bbox 241 713 351 792; x_wconf 87' lang='grc' dir='ltr'>βίβλου</span> <span class='ocrx_word' id='word_1_25' title='bbox 378 716 478 776; x_wconf 84' lang='grc' dir='ltr'>ταῦτα</span> <span class='ocrx_word' id='word_1_26' title='bbox 505 711 678 790; x_wconf 90' lang='grc' dir='ltr'>έκθείημεν·</span> <span class='ocrx_word' id='word_1_27' title='bbox 712 714 775 774; x_wconf 87' lang='grc' dir='ltr'>πᾶς</span> <span class='ocrx_word' id='word_1_28' title='bbox 797 713 833 774; x_wconf 83' lang='grc' dir='ltr'>δὲ</span> <span class='ocrx_word' id='word_1_29' title='bbox 860 711 1006 788; x_wconf 88' lang='grc' dir='ltr'>ἀληθείας</span> <span class='ocrx_word' id='word_1_30' title='bbox 1035 711 1120 788; x_wconf 84' lang='grc' dir='ltr'>ἐρῶν</span> <span class='ocrx_word' id='word_1_31' title='bbox 1148 711 1378 788; x_wconf 86' lang='grc' dir='ltr'>κριτικωτάτως</span> 
     </span>
     <span class='ocr_line' id='line_1_5' title="bbox 241 821 706 901; baseline 0 -17"><span class='ocrx_word' id='word_1_32' title='bbox 241 822 432 901; x_wconf 85' lang='grc' dir='ltr'>βαςανιῑέτω</span> <span class='ocrx_word' id='word_1_33' title='bbox 454 823 492 886; x_wconf 89' lang='grc' dir='ltr'>τό</span> <span class='ocrx_word' id='word_1_34' title='bbox 512 821 706 900; x_wconf 86' lang='grc' dir='ltr'>ςύγγραμμα.</span> 
     </span>
    </p>
   </div>
   <div class='ocr_carea' id='block_1_3' title="bbox 174 1031 1418 3970">
    <p class='ocr_par' dir='ltr' id='par_1_3' title="bbox 174 1031 1418 3970">
     <span class='ocr_line' id='line_1_6' title="bbox 324 1031 1418 1111; baseline -0.003 -17"><span class='ocrx_word' id='word_1_35' title='bbox 324 1032 367 1096; x_wconf 90' lang='grc' dir='ltr'>Π.</span> <span class='ocrx_word' id='word_1_36' title='bbox 390 1033 499 1111; x_wconf 86' lang='grc' dir='ltr'>Ἑτέρα</span> <span class='ocrx_word' id='word_1_37' title='bbox 521 1031 612 1111; x_wconf 86' lang='grc' dir='ltr'>ἀρχή.</span> <span class='ocrx_word' id='word_1_38' title='bbox 1392 1041 1418 1091; x_wconf 73' lang='grc' dir='ltr'>Φ</span> 
     </span>
     <span class='ocr_line' id='line_1_7' title="bbox 174 1148 1379 1229; baseline 0.005 -23"><span class='ocrx_word' id='word_1_39' title='bbox 174 1160 221 1206; x_wconf 84' lang='grc' dir='ltr'>ιιτ</span> <span class='ocrx_word' id='word_1_40' title='bbox 327 1151 354 1211; x_wconf 93' lang='lat'>1.</span> <span class='ocrx_word' id='word_1_41' title='bbox 401 1150 607 1228; x_wconf 81' lang='grc' dir='ltr'>Ἀλέξανδρος</span> <span class='ocrx_word' id='word_1_42' title='bbox 635 1149 654 1212; x_wconf 87' lang='grc' dir='ltr'>ὁ</span> <span class='ocrx_word' id='word_1_43' title='bbox 682 1149 822 1212; x_wconf 90' lang='grc' dir='ltr'>Αἰτωλὸς</span> <span class='ocrx_word' id='word_1_44' title='bbox 856 1149 906 1211; x_wconf 90' lang='grc' dir='ltr'>καί</span> <span class='ocrx_word' id='word_1_45' title='bbox 940 1149 1121 1229; x_wconf 87' lang='grc' dir='ltr'>Λυκόφρων</span> <span class='ocrx_word' id='word_1_46' title='bbox 1148 1148 1168 1211; x_wconf 89' lang='grc' dir='ltr'>ὁ</span> <span class='ocrx_word' id='word_1_47' title='bbox 1198 1148 1379 1224; x_wconf 88' lang='grc' dir='ltr'>Χαλκιδεὺς,</span> 
     </span>
     <span class='ocr_line' id='line_1_8' title="bbox 240 1258 1378 1341; baseline -0.003 -18"><span class='ocrx_word' id='word_1_48' title='bbox 240 1260 322 1323; x_wconf 88' lang='grc' dir='ltr'>ἀλλὰ</span> <span class='ocrx_word' id='word_1_49' title='bbox 357 1260 406 1322; x_wconf 87' lang='grc' dir='ltr'>καί</span> <span class='ocrx_word' id='word_1_50' title='bbox 438 1260 625 1336; x_wconf 92' lang='grc' dir='ltr'>Ζηνόδοτος</span> <span class='ocrx_word' id='word_1_51' title='bbox 654 1259 672 1322; x_wconf 92' lang='grc' dir='ltr'>δ</span> <span class='ocrx_word' id='word_1_52' title='bbox 701 1259 842 1338; x_wconf 84' lang='grc' dir='ltr'>Ἐφέςιος</span> <span class='ocrx_word' id='word_1_53' title='bbox 878 1263 924 1340; x_wconf 86' lang='grc' dir='ltr'>τῶ</span> <span class='ocrx_word' id='word_1_54' title='bbox 958 1259 1153 1341; x_wconf 81' lang='grc' dir='ltr'>Φιλαδέλφῳ</span> <span class='ocrx_word' id='word_1_55' title='bbox 1189 1258 1378 1340; x_wconf 85' lang='grc' dir='ltr'>Πτολεμαίῳ</span> 
     </span>
     <span class='ocr_line' id='line_1_9' title="bbox 240 1367 1378 1452; baseline -0.002 -20"><span class='ocrx_word' id='word_1_56' title='bbox 240 1369 476 1446; x_wconf 89' lang='grc' dir='ltr'>ςυνωνηθέντες</span> <span class='ocrx_word' id='word_1_57' title='bbox 500 1371 679 1447; x_wconf 91' lang='grc' dir='ltr'>βαςιλικῶς,</span> <span class='ocrx_word' id='word_1_58' title='bbox 702 1368 797 1446; x_wconf 82' lang='grc' dir='ltr'>ὁμὲν</span> <span class='ocrx_word' id='word_1_59' title='bbox 820 1369 875 1431; x_wconf 88' lang='grc' dir='ltr'>τὰς</span> <span class='ocrx_word' id='word_1_60' title='bbox 897 1372 953 1445; x_wconf 86' lang='grc' dir='ltr'>τῆς</span> <span class='ocrx_word' id='word_1_61' title='bbox 975 1367 1169 1452; x_wconf 84' lang='grc' dir='ltr'>τραγῳδίας,</span> <span class='ocrx_word' id='word_1_62' title='bbox 1198 1367 1378 1446; x_wconf 88' lang='grc' dir='ltr'>Λυκόφρων</span> 
     </span>
     <span class='ocr_line' id='line_1_10' title="bbox 240 1477 1378 1562; baseline -0.002 -20"><span class='ocrx_word' id='word_1_63' title='bbox 240 1481 275 1542; x_wconf 83' lang='grc' dir='ltr'>δὲ</span> <span class='ocrx_word' id='word_1_64' title='bbox 304 1479 360 1543; x_wconf 87' lang='grc' dir='ltr'>τὰς</span> <span class='ocrx_word' id='word_1_65' title='bbox 386 1483 442 1556; x_wconf 89' lang='grc' dir='ltr'>τῆς</span> <span class='ocrx_word' id='word_1_66' title='bbox 470 1478 639 1562; x_wconf 89' lang='grc' dir='ltr'>κωμῳδίας</span> <span class='ocrx_word' id='word_1_67' title='bbox 666 1477 794 1558; x_wconf 92' lang='grc' dir='ltr'>βίβλους</span> <span class='ocrx_word' id='word_1_68' title='bbox 823 1479 1027 1557; x_wconf 86' lang='grc' dir='ltr'>διώρθωςαν,</span> <span class='ocrx_word' id='word_1_69' title='bbox 1057 1477 1243 1556; x_wconf 92' lang='grc' dir='ltr'>Ζηνόδοτος</span> <span class='ocrx_word' id='word_1_70' title='bbox 1265 1479 1300 1540; x_wconf 83' lang='grc' dir='ltr'>δὲ</span> <span class='ocrx_word' id='word_1_71' title='bbox 1323 1478 1378 1540; x_wconf 85' lang='grc' dir='ltr'>τὰς</span> 
     </span>
     <span class='ocr_line' id='line_1_11' title="bbox 239 1587 1404 1666; baseline -0.002 -15"><span class='ocrx_word' id='word_1_72' title='bbox 239 1588 426 1666; x_wconf 87' lang='grc' dir='ltr'>Ὁμηρείους</span> <span class='ocrx_word' id='word_1_73' title='bbox 454 1589 504 1650; x_wconf 89' lang='grc' dir='ltr'>καί</span> <span class='ocrx_word' id='word_1_74' title='bbox 526 1594 592 1653; x_wconf 88' lang='grc' dir='ltr'>τῶν</span> <span class='ocrx_word' id='word_1_75' title='bbox 620 1590 744 1651; x_wconf 84' lang='grc' dir='ltr'>λοιπῶν</span> <span class='ocrx_word' id='word_1_76' title='bbox 766 1591 919 1666; x_wconf 84' lang='grc' dir='ltr'>ποιητῶν.</span> <span class='ocrx_word' id='word_1_77' title='bbox 962 1587 997 1650; x_wconf 93' lang='grc' dir='ltr'>Ὁ</span> <span class='ocrx_word' id='word_1_78' title='bbox 1019 1588 1083 1666; x_wconf 87' lang='grc' dir='ltr'>γὰρ</span> <span class='ocrx_word' id='word_1_79' title='bbox 1104 1587 1207 1665; x_wconf 86' lang='grc' dir='ltr'>ῥηθεὶς</span> <span class='ocrx_word' id='word_1_80' title='bbox 1235 1587 1404 1666; x_wconf 73' lang='grc' dir='ltr'>βαςιλεὺςῡ</span> 
     </span>
     <span class='ocr_line' id='line_1_12' title="bbox 239 1695 1378 1780; baseline -0.003 -19"><span class='ocrx_word' id='word_1_81' title='bbox 239 1699 455 1776; x_wconf 84' lang='grc' dir='ltr'>Πτολεμαῖος,</span> <span class='ocrx_word' id='word_1_82' title='bbox 483 1698 776 1776; x_wconf 88' lang='grc' dir='ltr'>ἡφιλοςοφωτάτη</span> <span class='ocrx_word' id='word_1_83' title='bbox 801 1702 848 1780; x_wconf 82' lang='grc' dir='ltr'>τῳ</span> <span class='ocrx_word' id='word_1_84' title='bbox 877 1695 946 1760; x_wconf 84' lang='grc' dir='ltr'>ὄντι</span> <span class='ocrx_word' id='word_1_85' title='bbox 974 1699 1023 1761; x_wconf 86' lang='grc' dir='ltr'>καὶ</span> <span class='ocrx_word' id='word_1_86' title='bbox 1049 1697 1118 1761; x_wconf 92' lang='grc' dir='ltr'>θεία</span> <span class='ocrx_word' id='word_1_87' title='bbox 1147 1698 1250 1776; x_wconf 89' lang='grc' dir='ltr'>ψυχὴ,</span> <span class='ocrx_word' id='word_1_88' title='bbox 1278 1698 1378 1759; x_wconf 84' lang='grc' dir='ltr'>καλοῦ</span> 
     </span>
     <span class='ocr_line' id='line_1_13' title="bbox 240 1805 1379 1886; baseline -0.002 -16"><span class='ocrx_word' id='word_1_89' title='bbox 240 1809 362 1872; x_wconf 89' lang='grc' dir='ltr'>παντὸς</span> <span class='ocrx_word' id='word_1_90' title='bbox 392 1809 442 1870; x_wconf 89' lang='grc' dir='ltr'>καὶ</span> <span class='ocrx_word' id='word_1_91' title='bbox 463 1807 621 1884; x_wconf 85' lang='grc' dir='ltr'>θεάματος</span> <span class='ocrx_word' id='word_1_92' title='bbox 649 1809 699 1871; x_wconf 91' lang='grc' dir='ltr'>καὶ</span> <span class='ocrx_word' id='word_1_93' title='bbox 726 1805 823 1886; x_wconf 87' lang='grc' dir='ltr'>ἔργου</span> <span class='ocrx_word' id='word_1_94' title='bbox 852 1807 902 1870; x_wconf 86' lang='grc' dir='ltr'>καί</span> <span class='ocrx_word' id='word_1_95' title='bbox 931 1806 1031 1881; x_wconf 85' lang='grc' dir='ltr'>λόγου</span> <span class='ocrx_word' id='word_1_96' title='bbox 1052 1809 1156 1870; x_wconf 84' lang='grc' dir='ltr'>τελῶν</span> <span class='ocrx_word' id='word_1_97' title='bbox 1178 1806 1379 1884; x_wconf 86' lang='grc' dir='ltr'>ἐπιθυμητὴς,</span> 
     </span>
     <span class='ocr_line' id='line_1_14' title="bbox 240 1915 1378 1995; baseline 0 -15"><span class='ocrx_word' id='word_1_98' title='bbox 240 1917 309 1980; x_wconf 84' lang='grc' dir='ltr'>ἐπεὶ</span> <span class='ocrx_word' id='word_1_99' title='bbox 330 1918 382 1980; x_wconf 91' lang='grc' dir='ltr'>διὰ</span> <span class='ocrx_word' id='word_1_100' title='bbox 404 1917 590 1995; x_wconf 91' lang='grc' dir='ltr'>Δημητρίου</span> <span class='ocrx_word' id='word_1_101' title='bbox 618 1920 676 1979; x_wconf 84' lang='grc' dir='ltr'>τοῦ</span> <span class='ocrx_word' id='word_1_102' title='bbox 700 1917 875 1993; x_wconf 88' lang='grc' dir='ltr'>Φαληρέως</span> <span class='ocrx_word' id='word_1_103' title='bbox 902 1917 951 1979; x_wconf 88' lang='grc' dir='ltr'>καί</span> <span class='ocrx_word' id='word_1_104' title='bbox 976 1915 1152 1994; x_wconf 89' lang='grc' dir='ltr'>γερουςίων</span> <span class='ocrx_word' id='word_1_105' title='bbox 1181 1917 1301 1994; x_wconf 85' lang='grc' dir='ltr'>ἑτέρων</span> <span class='ocrx_word' id='word_1_106' title='bbox 1324 1915 1378 1980; x_wconf 87' lang='grc' dir='ltr'>όν-</span> 
     </span>
     <span class='ocr_line' id='line_1_15' title="bbox 240 2025 1378 2105; baseline -0.003 -15"><span class='ocrx_word' id='word_1_107' title='bbox 240 2030 328 2105; x_wconf 94' lang='grc' dir='ltr'>δρῶν</span> <span class='ocrx_word' id='word_1_108' title='bbox 356 2026 513 2089; x_wconf 90' lang='grc' dir='ltr'>δαπάναις</span> <span class='ocrx_word' id='word_1_109' title='bbox 541 2028 708 2105; x_wconf 89' lang='grc' dir='ltr'>βαςιλικαῑς</span> <span class='ocrx_word' id='word_1_110' title='bbox 736 2025 960 2102; x_wconf 86' lang='grc' dir='ltr'>ἁπανταχόθεν</span> <span class='ocrx_word' id='word_1_111' title='bbox 986 2027 1043 2090; x_wconf 90' lang='grc' dir='ltr'>τὰς</span> <span class='ocrx_word' id='word_1_112' title='bbox 1074 2026 1200 2104; x_wconf 92' lang='grc' dir='ltr'>βίβλους</span> <span class='ocrx_word' id='word_1_113' title='bbox 1228 2025 1272 2089; x_wconf 84' lang='grc' dir='ltr'>εἰς</span> <span class='ocrx_word' id='word_1_114' title='bbox 1295 2026 1378 2087; x_wconf 81' lang='grc' dir='ltr'>Ἀλε-</span> 
     </span>
     <span class='ocr_line' id='line_1_16' title="bbox 240 2134 1416 2214; baseline -0.001 -14"><span class='ocrx_word' id='word_1_115' title='bbox 240 2135 407 2214; x_wconf 85' lang='grc' dir='ltr'>ξάνδρειαν</span> <span class='ocrx_word' id='word_1_116' title='bbox 429 2135 589 2214; x_wconf 86' lang='grc' dir='ltr'>ἤθροιςεν,</span> <span class='ocrx_word' id='word_1_117' title='bbox 617 2136 683 2198; x_wconf 84' lang='grc' dir='ltr'>δυςλ</span> <span class='ocrx_word' id='word_1_118' title='bbox 706 2136 915 2214; x_wconf 90' lang='grc' dir='ltr'>βιβλιοθήκαις</span> <span class='ocrx_word' id='word_1_119' title='bbox 936 2135 1054 2199; x_wconf 87' lang='grc' dir='ltr'>ταύτας</span> <span class='ocrx_word' id='word_1_120' title='bbox 1076 2134 1228 2210; x_wconf 84' lang='grc' dir='ltr'>ἀπέθετο,</span> <span class='ocrx_word' id='word_1_121' title='bbox 1252 2134 1299 2198; x_wconf 82' lang='grc' dir='ltr'>ὧν</span> <span class='ocrx_word' id='word_1_122' title='bbox 1323 2137 1378 2212; x_wconf 87' lang='grc' dir='ltr'>τῆς</span> <span class='ocrx_word' id='word_1_123' title='bbox 1392 2151 1416 2190; x_wconf 82' lang='lat'>10</span> 
     </span>
     <span class='ocr_line' id='line_1_17' title="bbox 240 2243 1378 2324; baseline 0 -16"><span class='ocrx_word' id='word_1_124' title='bbox 240 2245 331 2309; x_wconf 91' lang='grc' dir='ltr'>έκτὸς</span> <span class='ocrx_word' id='word_1_125' title='bbox 359 2246 415 2322; x_wconf 81' lang='grc' dir='ltr'>μὲν</span> <span class='ocrx_word' id='word_1_126' title='bbox 441 2243 481 2322; x_wconf 86' lang='grc' dir='ltr'>ἦν</span> <span class='ocrx_word' id='word_1_127' title='bbox 510 2246 637 2323; x_wconf 88' lang='grc' dir='ltr'>ἀριθμός</span> <span class='ocrx_word' id='word_1_128' title='bbox 664 2244 911 2322; x_wconf 86' lang='grc' dir='ltr'>τετρακιςμιίριαι</span> <span class='ocrx_word' id='word_1_129' title='bbox 937 2245 1080 2324; x_wconf 87' lang='grc' dir='ltr'>διςχίλιαι</span> <span class='ocrx_word' id='word_1_130' title='bbox 1102 2245 1295 2322; x_wconf 90' lang='grc' dir='ltr'>ὀκτακόςιαι,</span> <span class='ocrx_word' id='word_1_131' title='bbox 1322 2249 1378 2322; x_wconf 90' lang='grc' dir='ltr'>τῆς</span> 
     </span>
     <span class='ocr_line' id='line_1_18' title="bbox 241 2353 1379 2434; baseline 0.001 -16"><span class='ocrx_word' id='word_1_132' title='bbox 241 2356 269 2418; x_wconf 85' lang='grc' dir='ltr'>δ’</span> <span class='ocrx_word' id='word_1_133' title='bbox 298 2355 359 2418; x_wconf 87' lang='grc' dir='ltr'>ἔςω</span> <span class='ocrx_word' id='word_1_134' title='bbox 392 2356 459 2418; x_wconf 90' lang='grc' dir='ltr'>τῶν</span> <span class='ocrx_word' id='word_1_135' title='bbox 492 2353 681 2432; x_wconf 84' lang='grc' dir='ltr'>ἀνακτόρων</span> <span class='ocrx_word' id='word_1_136' title='bbox 710 2355 760 2417; x_wconf 88' lang='grc' dir='ltr'>καὶ</span> <span class='ocrx_word' id='word_1_137' title='bbox 786 2354 943 2432; x_wconf 90' lang='grc' dir='ltr'>βαςιλείου</span> <span class='ocrx_word' id='word_1_138' title='bbox 971 2354 1088 2434; x_wconf 92' lang='grc' dir='ltr'>βίβλων</span> <span class='ocrx_word' id='word_1_139' title='bbox 1118 2357 1175 2432; x_wconf 83' lang='grc' dir='ltr'>μὲν</span> <span class='ocrx_word' id='word_1_140' title='bbox 1203 2355 1379 2434; x_wconf 90' lang='grc' dir='ltr'>ςυμμίκτων</span> 
     </span>
     <span class='ocr_line' id='line_1_19' title="bbox 241 2463 1379 2545; baseline 0.001 -17"><span class='ocrx_word' id='word_1_141' title='bbox 241 2464 370 2543; x_wconf 89' lang='grc' dir='ltr'>ἀριθμός</span> <span class='ocrx_word' id='word_1_142' title='bbox 391 2464 623 2543; x_wconf 89' lang='grc' dir='ltr'>τεςςαράκοντα</span> <span class='ocrx_word' id='word_1_143' title='bbox 645 2464 807 2542; x_wconf 87' lang='grc' dir='ltr'>μυριάδες,</span> <span class='ocrx_word' id='word_1_144' title='bbox 833 2463 947 2528; x_wconf 89' lang='grc' dir='ltr'>ἁπλῶν</span> <span class='ocrx_word' id='word_1_145' title='bbox 969 2465 1005 2528; x_wconf 80' lang='grc' dir='ltr'>δὲ</span> <span class='ocrx_word' id='word_1_146' title='bbox 1027 2465 1077 2528; x_wconf 89' lang='grc' dir='ltr'>καὶ</span> <span class='ocrx_word' id='word_1_147' title='bbox 1098 2463 1238 2542; x_wconf 90' lang='grc' dir='ltr'>ἀμιςγῶν</span> <span class='ocrx_word' id='word_1_148' title='bbox 1261 2465 1379 2545; x_wconf 91' lang='grc' dir='ltr'>βίβλων</span> 
     </span>
     <span class='ocr_line' id='line_1_20' title="bbox 240 2565 1387 2653; baseline 0 -15"><span class='ocrx_word' id='word_1_149' title='bbox 240 2575 388 2653; x_wconf 89' lang='grc' dir='ltr'>μυριάδες</span> <span class='ocrx_word' id='word_1_150' title='bbox 418 2574 528 2648; x_wconf 84' lang='grc' dir='ltr'>ἐννέα,</span> <span class='ocrx_word' id='word_1_151' title='bbox 563 2573 607 2637; x_wconf 92' lang='grc' dir='ltr'>ῶς</span> <span class='ocrx_word' id='word_1_152' title='bbox 638 2565 657 2636; x_wconf 84' lang='grc' dir='ltr'>δ</span> <span class='ocrx_word' id='word_1_153' title='bbox 688 2574 885 2652; x_wconf 89' lang='grc' dir='ltr'>Καλλίμαχος</span> <span class='ocrx_word' id='word_1_154' title='bbox 918 2573 1080 2638; x_wconf 87' lang='grc' dir='ltr'>νεανίςκος</span> <span class='ocrx_word' id='word_1_155' title='bbox 1113 2575 1160 2638; x_wconf 89' lang='grc' dir='ltr'>ὢν</span> <span class='ocrx_word' id='word_1_156' title='bbox 1192 2579 1247 2652; x_wconf 89' lang='grc' dir='ltr'>τῆς</span> <span class='ocrx_word' id='word_1_157' title='bbox 1280 2574 1387 2652; x_wconf 85' lang='grc' dir='ltr'>αὐλῆς.</span> 
     </span>
     <span class='ocr_line' id='line_1_21' title="bbox 241 2682 1417 2764; baseline 0.001 -17"><span class='ocrx_word' id='word_1_158' title='bbox 241 2683 380 2762; x_wconf 85' lang='grc' dir='ltr'>ὑςτέρως</span> <span class='ocrx_word' id='word_1_159' title='bbox 402 2683 480 2762; x_wconf 87' lang='grc' dir='ltr'>μετὰ</span> <span class='ocrx_word' id='word_1_160' title='bbox 501 2684 559 2760; x_wconf 84' lang='grc' dir='ltr'>τὴν</span> <span class='ocrx_word' id='word_1_161' title='bbox 581 2682 760 2762; x_wconf 87' lang='grc' dir='ltr'>ἀνόρθωςιν</span> <span class='ocrx_word' id='word_1_162' title='bbox 781 2684 857 2747; x_wconf 86' lang='grc' dir='ltr'>τοὺς</span> <span class='ocrx_word' id='word_1_163' title='bbox 879 2683 1016 2747; x_wconf 88' lang='grc' dir='ltr'>πίνακας</span> <span class='ocrx_word' id='word_1_164' title='bbox 1032 2683 1140 2748; x_wconf 86' lang='grc' dir='ltr'>αὐτῶν</span> <span class='ocrx_word' id='word_1_165' title='bbox 1154 2684 1376 2764; x_wconf 88' lang='grc' dir='ltr'>ἀπεγράψατο.</span> <span class='ocrx_word' id='word_1_166' title='bbox 1394 2703 1417 2741; x_wconf 80' lang='grc' dir='ltr'>υ</span> 
     </span>
     <span class='ocr_line' id='line_1_22' title="bbox 241 2791 1379 2873; baseline 0.001 -16"><span class='ocrx_word' id='word_1_167' title='bbox 241 2793 465 2872; x_wconf 85' lang='grc' dir='ltr'>Ἐρατοςθένης</span> <span class='ocrx_word' id='word_1_168' title='bbox 498 2793 534 2855; x_wconf 81' lang='grc' dir='ltr'>δέ</span> <span class='ocrx_word' id='word_1_169' title='bbox 562 2791 581 2854; x_wconf 92' lang='grc' dir='ltr'>ὁ</span> <span class='ocrx_word' id='word_1_170' title='bbox 608 2793 773 2870; x_wconf 86' lang='grc' dir='ltr'>ἡλικιώτης</span> <span class='ocrx_word' id='word_1_171' title='bbox 810 2793 910 2856; x_wconf 85' lang='grc' dir='ltr'>αὐτοῦ</span> <span class='ocrx_word' id='word_1_172' title='bbox 945 2794 1033 2872; x_wconf 85' lang='grc' dir='ltr'>παρὰ</span> <span class='ocrx_word' id='word_1_173' title='bbox 1063 2798 1122 2858; x_wconf 83' lang='grc' dir='ltr'>τοῦ</span> <span class='ocrx_word' id='word_1_174' title='bbox 1156 2795 1309 2873; x_wconf 90' lang='grc' dir='ltr'>βαςιλέως</span> <span class='ocrx_word' id='word_1_175' title='bbox 1341 2795 1379 2858; x_wconf 91' lang='grc' dir='ltr'>τὸ</span> 
     </span>
     <span class='ocr_line' id='line_1_23' title="bbox 240 2901 1378 2983; baseline -0.001 -16"><span class='ocrx_word' id='word_1_176' title='bbox 240 2906 397 2967; x_wconf 71' lang='grc' dir='ltr'>τοιοῦτον</span> <span class='ocrx_word' id='word_1_177' title='bbox 427 2901 627 2981; x_wconf 87' lang='grc' dir='ltr'>ἐνεπιςτεύθη</span> <span class='ocrx_word' id='word_1_178' title='bbox 656 2904 915 2982; x_wconf 91' lang='grc' dir='ltr'>βιβλοφυλάκιον.</span> <span class='ocrx_word' id='word_1_179' title='bbox 979 2903 1074 2967; x_wconf 80' lang='grc' dir='ltr'>Ἀλλὰ</span> <span class='ocrx_word' id='word_1_180' title='bbox 1105 2904 1146 2967; x_wconf 91' lang='grc' dir='ltr'>τὰ</span> <span class='ocrx_word' id='word_1_181' title='bbox 1180 2904 1378 2983; x_wconf 88' lang='grc' dir='ltr'>Καλλιμάχου</span> 
     </span>
     <span class='ocr_line' id='line_1_24' title="bbox 240 3010 1378 3092; baseline 0.001 -17"><span class='ocrx_word' id='word_1_182' title='bbox 240 3013 290 3075; x_wconf 87' lang='grc' dir='ltr'>καί</span> <span class='ocrx_word' id='word_1_183' title='bbox 317 3015 376 3075; x_wconf 90' lang='grc' dir='ltr'>τοῦ</span> <span class='ocrx_word' id='word_1_184' title='bbox 405 3010 646 3089; x_wconf 84' lang='grc' dir='ltr'>Ἐρατοςθένους</span> <span class='ocrx_word' id='word_1_185' title='bbox 674 3013 752 3090; x_wconf 84' lang='grc' dir='ltr'>μετὰ</span> <span class='ocrx_word' id='word_1_186' title='bbox 780 3013 901 3092; x_wconf 87' lang='grc' dir='ltr'>βραχύν</span> <span class='ocrx_word' id='word_1_187' title='bbox 927 3032 997 3077; x_wconf 89' lang='grc' dir='ltr'>τινα</span> <span class='ocrx_word' id='word_1_188' title='bbox 1025 3013 1147 3091; x_wconf 82' lang='grc' dir='ltr'>χρόνον</span> <span class='ocrx_word' id='word_1_189' title='bbox 1171 3014 1300 3089; x_wconf 85' lang='grc' dir='ltr'>ἐγένετο</span> <span class='ocrx_word' id='word_1_190' title='bbox 1322 3017 1378 3089; x_wconf 88' lang='grc' dir='ltr'>τῆς</span> 
     </span>
     <span class='ocr_line' id='line_1_25' title="bbox 241 3120 1379 3202; baseline 0.002 -18"><span class='ocrx_word' id='word_1_191' title='bbox 241 3125 427 3198; x_wconf 87' lang='grc' dir='ltr'>ςυναγωγῆς</span> <span class='ocrx_word' id='word_1_192' title='bbox 454 3125 521 3184; x_wconf 89' lang='grc' dir='ltr'>τῶν</span> <span class='ocrx_word' id='word_1_193' title='bbox 549 3120 682 3200; x_wconf 92' lang='grc' dir='ltr'>βίβλων,</span> <span class='ocrx_word' id='word_1_194' title='bbox 711 3121 756 3186; x_wconf 87' lang='grc' dir='ltr'>ῶς</span> <span class='ocrx_word' id='word_1_195' title='bbox 783 3121 884 3201; x_wconf 89' lang='grc' dir='ltr'>ἔφην,</span> <span class='ocrx_word' id='word_1_196' title='bbox 912 3123 963 3186; x_wconf 88' lang='grc' dir='ltr'>καὶ</span> <span class='ocrx_word' id='word_1_197' title='bbox 984 3124 1200 3201; x_wconf 89' lang='grc' dir='ltr'>διορθώςεως,</span> <span class='ocrx_word' id='word_1_198' title='bbox 1227 3124 1286 3188; x_wconf 82' lang='grc' dir='ltr'>κᾶν</span> <span class='ocrx_word' id='word_1_199' title='bbox 1314 3124 1379 3202; x_wconf 85' lang='grc' dir='ltr'>μετ’</span> 
     </span>
     <span class='ocr_line' id='line_1_26' title="bbox 241 3231 1416 3312; baseline -0.001 -18"><span class='ocrx_word' id='word_1_200' title='bbox 241 3231 341 3295; x_wconf 85' lang='grc' dir='ltr'>αὐτοῦ</span> <span class='ocrx_word' id='word_1_201' title='bbox 377 3233 435 3294; x_wconf 87' lang='grc' dir='ltr'>τοῦ</span> <span class='ocrx_word' id='word_1_202' title='bbox 471 3231 674 3308; x_wconf 89' lang='grc' dir='ltr'>Πτολεμαίου</span> <span class='ocrx_word' id='word_1_203' title='bbox 712 3236 771 3295; x_wconf 87' lang='grc' dir='ltr'>τοῦ</span> <span class='ocrx_word' id='word_1_204' title='bbox 810 3232 1025 3312; x_wconf 86' lang='grc' dir='ltr'>Φιλαδέλφου.</span> <span class='ocrx_word' id='word_1_205' title='bbox 1094 3233 1174 3296; x_wconf 85' lang='grc' dir='ltr'>Τότε</span> <span class='ocrx_word' id='word_1_206' title='bbox 1211 3235 1247 3298; x_wconf 78' lang='grc' dir='ltr'>δὲ</span> <span class='ocrx_word' id='word_1_207' title='bbox 1286 3253 1416 3310; x_wconf 76' lang='grc' dir='ltr'>ςυνη-ει</span> 
     </span>
     <span class='ocr_line' id='line_1_27' title="bbox 241 3339 1379 3421; baseline -0.001 -16"><span class='ocrx_word' id='word_1_208' title='bbox 241 3341 436 3420; x_wconf 90' lang='grc' dir='ltr'>θροιςμένων</span> <span class='ocrx_word' id='word_1_209' title='bbox 464 3339 598 3404; x_wconf 85' lang='grc' dir='ltr'>ἁπαςῶν</span> <span class='ocrx_word' id='word_1_210' title='bbox 625 3345 691 3405; x_wconf 92' lang='grc' dir='ltr'>τῶν</span> <span class='ocrx_word' id='word_1_211' title='bbox 723 3341 841 3420; x_wconf 89' lang='grc' dir='ltr'>βίβλων</span> <span class='ocrx_word' id='word_1_212' title='bbox 868 3344 935 3407; x_wconf 90' lang='grc' dir='ltr'>τῶν</span> <span class='ocrx_word' id='word_1_213' title='bbox 963 3342 1154 3419; x_wconf 85' lang='grc' dir='ltr'>Ἑλληνίδων</span> <span class='ocrx_word' id='word_1_214' title='bbox 1188 3344 1238 3406; x_wconf 86' lang='grc' dir='ltr'>καὶ</span> <span class='ocrx_word' id='word_1_215' title='bbox 1265 3343 1379 3421; x_wconf 80' lang='grc' dir='ltr'>ἔθνους</span> 
     </span>
     <span class='ocr_line' id='line_1_28' title="bbox 240 3451 1377 3531; baseline -0.001 -17"><span class='ocrx_word' id='word_1_216' title='bbox 240 3451 362 3514; x_wconf 89' lang='grc' dir='ltr'>παντὸς</span> <span class='ocrx_word' id='word_1_217' title='bbox 398 3451 447 3513; x_wconf 84' lang='grc' dir='ltr'>καὶ</span> <span class='ocrx_word' id='word_1_218' title='bbox 484 3451 540 3515; x_wconf 86' lang='grc' dir='ltr'>ςὺν</span> <span class='ocrx_word' id='word_1_219' title='bbox 577 3452 687 3515; x_wconf 86' lang='grc' dir='ltr'>αὐταῖς</span> <span class='ocrx_word' id='word_1_220' title='bbox 722 3456 789 3515; x_wconf 89' lang='grc' dir='ltr'>τῶν</span> <span class='ocrx_word' id='word_1_221' title='bbox 825 3451 994 3531; x_wconf 83' lang='grc' dir='ltr'>Ἑβραίων,</span> <span class='ocrx_word' id='word_1_222' title='bbox 1030 3451 1153 3516; x_wconf 87' lang='grc' dir='ltr'>ἔκεῑνος</span> <span class='ocrx_word' id='word_1_223' title='bbox 1189 3452 1209 3515; x_wconf 88' lang='grc' dir='ltr'>δ</span> <span class='ocrx_word' id='word_1_224' title='bbox 1245 3451 1377 3531; x_wconf 83' lang='grc' dir='ltr'>ἀφειδὴς</span> 
     </span>
     <span class='ocr_line' id='line_1_29' title="bbox 241 3559 1377 3641; baseline -0.002 -17"><span class='ocrx_word' id='word_1_225' title='bbox 241 3561 399 3641; x_wconf 86' lang='grc' dir='ltr'>βαςιλεὺς,</span> <span class='ocrx_word' id='word_1_226' title='bbox 433 3559 480 3623; x_wconf 87' lang='grc' dir='ltr'>ὢν</span> <span class='ocrx_word' id='word_1_227' title='bbox 513 3561 658 3638; x_wconf 90' lang='grc' dir='ltr'>ποταμὸς</span> <span class='ocrx_word' id='word_1_228' title='bbox 688 3561 882 3639; x_wconf 89' lang='grc' dir='ltr'>χρυςορόας,</span> <span class='ocrx_word' id='word_1_229' title='bbox 915 3560 985 3624; x_wconf 76' lang='grc' dir='ltr'>ἀλλ’</span> <span class='ocrx_word' id='word_1_230' title='bbox 1013 3560 1218 3638; x_wconf 88' lang='grc' dir='ltr'>ἑπταςτόμως</span> <span class='ocrx_word' id='word_1_231' title='bbox 1244 3561 1377 3638; x_wconf 85' lang='grc' dir='ltr'>ἐκρέων,</span> 
     </span>
     <span class='ocr_line' id='line_1_30' title="bbox 239 3670 1378 3749; baseline -0.001 -16"><span class='ocrx_word' id='word_1_232' title='bbox 239 3671 296 3734; x_wconf 85' lang='grc' dir='ltr'>τὰς</span> <span class='ocrx_word' id='word_1_233' title='bbox 328 3671 454 3734; x_wconf 85' lang='grc' dir='ltr'>ἐθνικὰς</span> <span class='ocrx_word' id='word_1_234' title='bbox 490 3671 547 3747; x_wconf 83' lang='grc' dir='ltr'>μὲν</span> <span class='ocrx_word' id='word_1_235' title='bbox 586 3670 801 3748; x_wconf 90' lang='grc' dir='ltr'>δμογλῶςςοις</span> <span class='ocrx_word' id='word_1_236' title='bbox 839 3671 972 3735; x_wconf 86' lang='grc' dir='ltr'>ἐκείνων</span> <span class='ocrx_word' id='word_1_237' title='bbox 1009 3670 1141 3749; x_wconf 90' lang='grc' dir='ltr'>ἀνδράςι</span> <span class='ocrx_word' id='word_1_238' title='bbox 1178 3673 1292 3749; x_wconf 86' lang='grc' dir='ltr'>ςοφοῑς</span> <span class='ocrx_word' id='word_1_239' title='bbox 1328 3670 1378 3732; x_wconf 88' lang='grc' dir='ltr'>καὶ</span> 
     </span>
     <span class='ocr_line' id='line_1_31' title="bbox 240 3778 1416 3859; baseline 0 -16"><span class='ocrx_word' id='word_1_240' title='bbox 240 3779 375 3859; x_wconf 90' lang='grc' dir='ltr'>ἀκριβῶς</span> <span class='ocrx_word' id='word_1_241' title='bbox 398 3778 613 3856; x_wconf 81' lang='grc' dir='ltr'>ἑλληνίζουςιν</span> <span class='ocrx_word' id='word_1_242' title='bbox 635 3778 680 3844; x_wconf 85' lang='grc' dir='ltr'>εἷς</span> <span class='ocrx_word' id='word_1_243' title='bbox 702 3800 736 3843; x_wconf 94' lang='grc' dir='ltr'>τε</span> <span class='ocrx_word' id='word_1_244' title='bbox 757 3781 887 3859; x_wconf 86' lang='grc' dir='ltr'>γραφὴν</span> <span class='ocrx_word' id='word_1_245' title='bbox 909 3780 992 3858; x_wconf 89' lang='grc' dir='ltr'>δμοῦ</span> <span class='ocrx_word' id='word_1_246' title='bbox 1006 3781 1056 3843; x_wconf 90' lang='grc' dir='ltr'>καί</span> <span class='ocrx_word' id='word_1_247' title='bbox 1077 3782 1222 3856; x_wconf 92' lang='grc' dir='ltr'>γλῶςςαν</span> <span class='ocrx_word' id='word_1_248' title='bbox 1244 3779 1378 3843; x_wconf 83' lang='grc' dir='ltr'>Ἑλλάδα</span> <span class='ocrx_word' id='word_1_249' title='bbox 1391 3805 1416 3844; x_wconf 68' lang='grc' dir='ltr'>τι</span> 
     </span>
     <span class='ocr_line' id='line_1_32' title="bbox 240 3887 1378 3970; baseline -0.002 -16"><span class='ocrx_word' id='word_1_250' title='bbox 240 3890 445 3968; x_wconf 89' lang='grc' dir='ltr'>μετήμειψεν,</span> <span class='ocrx_word' id='word_1_251' title='bbox 483 3887 528 3951; x_wconf 86' lang='grc' dir='ltr'>ῶς</span> <span class='ocrx_word' id='word_1_252' title='bbox 550 3889 599 3952; x_wconf 91' lang='grc' dir='ltr'>καὶ</span> <span class='ocrx_word' id='word_1_253' title='bbox 626 3889 682 3952; x_wconf 88' lang='grc' dir='ltr'>τὰς</span> <span class='ocrx_word' id='word_1_254' title='bbox 707 3890 871 3969; x_wconf 82' lang='grc' dir='ltr'>Ἑβραῖδας</span> <span class='ocrx_word' id='word_1_255' title='bbox 899 3891 937 3954; x_wconf 79' lang='grc' dir='ltr'>δι’</span> <span class='ocrx_word' id='word_1_256' title='bbox 959 3890 1177 3970; x_wconf 84' lang='grc' dir='ltr'>ἑβδομήκοντα</span> <span class='ocrx_word' id='word_1_257' title='bbox 1203 3889 1263 3953; x_wconf 86' lang='grc' dir='ltr'>δύο</span> <span class='ocrx_word' id='word_1_258' title='bbox 1286 3889 1378 3968; x_wconf 87' lang='grc' dir='ltr'>ἑρμη-</span> 
     </span>
    </p>
   </div>
   <div class='ocr_carea' id='block_1_4' title="bbox 242 4063 439 4072">
    <p class='ocr_par' dir='ltr' id='par_1_4' title="bbox 242 4063 439 4072">
     <span class='ocr_line' id='line_1_33' title="bbox 242 4063 439 4072; baseline 0 0"><span class='ocrx_word' id='word_1_259' title='bbox 242 4063 439 4072; x_wconf 44' lang='lat' dir='ltr'><strong>*affl——</strong></span> 
     </span>
    </p>
   </div>
   <div class='ocr_carea' id='block_1_5' title="bbox 240 4157 1393 4415">
    <p class='ocr_par' dir='ltr' id='par_1_5' title="bbox 240 4157 1393 4415">
     <span class='ocr_line' id='line_1_34' title="bbox 308 4157 1393 4232; baseline 0 -18"><span class='ocrx_word' id='word_1_260' title='bbox 308 4167 349 4214; x_wconf 83' lang='grc'>80.</span> <span class='ocrx_word' id='word_1_261' title='bbox 369 4161 460 4224; x_wconf 87' lang='grc' dir='ltr'>βίβλος</span> <span class='ocrx_word' id='word_1_262' title='bbox 484 4157 687 4228; x_wconf 86' lang='grc' dir='ltr'>ἀριςτοφάνους</span> <span class='ocrx_word' id='word_1_263' title='bbox 709 4159 824 4230; x_wconf 77' lang='grc' dir='ltr'>τϊέτῑην</span> <span class='ocrx_word' id='word_1_264' title='bbox 845 4159 977 4230; x_wconf 87' lang='grc' dir='ltr'>φορέους’</span> <span class='ocrx_word' id='word_1_265' title='bbox 997 4159 1153 4232; x_wconf 79' lang='grc' dir='ltr'>ὑποφήτην</span> <span class='ocrx_word' id='word_1_266' title='bbox 1171 4175 1240 4216; x_wconf 77' lang='lat' dir='ltr'>aser.</span> <span class='ocrx_word' id='word_1_267' title='bbox 1260 4173 1332 4216; x_wconf 75' lang='lat' dir='ltr'>man.</span> <span class='ocrx_word' id='word_1_268' title='bbox 1353 4163 1393 4226; x_wconf 67' lang='grc' dir='ltr'>β,</span> 
     </span>
     <span class='ocr_line' id='line_1_35' title="bbox 243 4253 1377 4322; baseline 0.004 -17"><span class='ocrx_word' id='word_1_269' title='bbox 243 4257 280 4306; x_wconf 83' lang='grc'>11.</span> <span class='ocrx_word' id='word_1_270' title='bbox 294 4255 450 4307; x_wconf 89' lang='grc' dir='ltr'>οκτακόςιοι</span> <span class='ocrx_word' id='word_1_271' title='bbox 464 4253 524 4307; x_wconf 85' lang='grc' dir='ltr'>οοά.</span> <span class='ocrx_word' id='word_1_272' title='bbox 573 4258 611 4307; x_wconf 77' lang='lat'>12.</span> <span class='ocrx_word' id='word_1_273' title='bbox 626 4260 768 4320; x_wconf 87' lang='grc' dir='ltr'>ςυμμικῶν</span> <span class='ocrx_word' id='word_1_274' title='bbox 781 4255 841 4308; x_wconf 86' lang='lat' dir='ltr'>eod.</span> <span class='ocrx_word' id='word_1_275' title='bbox 864 4255 994 4308; x_wconf 81' lang='lat' dir='ltr'>Fortasse</span> <span class='ocrx_word' id='word_1_276' title='bbox 1007 4254 1178 4322; x_wconf 79' lang='lat' dir='ltr'>probabilius</span> <span class='ocrx_word' id='word_1_277' title='bbox 1191 4254 1274 4308; x_wconf 80' lang='lat' dir='ltr'><strong>suerit</strong></span> <span class='ocrx_word' id='word_1_278' title='bbox 1285 4271 1377 4322; x_wconf 90' lang='grc' dir='ltr'>ςυμμι-</span> 
     </span>
     <span class='ocr_line' id='line_1_36' title="bbox 240 4346 1279 4415; baseline 0.002 -17"><span class='ocrx_word' id='word_1_279' title='bbox 240 4351 308 4414; x_wconf 87' lang='grc' dir='ltr'>γῶν.</span> <span class='ocrx_word' id='word_1_280' title='bbox 381 4351 419 4398; x_wconf 83' lang='grc'>16.</span> <span class='ocrx_word' id='word_1_281' title='bbox 438 4347 468 4398; x_wconf 80' lang='grc' dir='ltr'>δὲ</span> <span class='ocrx_word' id='word_1_282' title='bbox 486 4363 539 4398; x_wconf 89' lang='lat' dir='ltr'>om.</span> <span class='ocrx_word' id='word_1_283' title='bbox 560 4346 620 4398; x_wconf 87' lang='lat' dir='ltr'><strong>cod.</strong></span> <span class='ocrx_word' id='word_1_284' title='bbox 691 4353 730 4400; x_wconf 80' lang='lat'>19.</span> <span class='ocrx_word' id='word_1_285' title='bbox 751 4348 932 4415; x_wconf 79' lang='grc' dir='ltr'>μετ’]1.ἔπ’.</span> <span class='ocrx_word' id='word_1_286' title='bbox 1001 4353 1041 4399; x_wconf 72' lang='lat'>21.</span> <span class='ocrx_word' id='word_1_287' title='bbox 1062 4346 1279 4401; x_wconf 85' lang='grc' dir='ltr'>ἁπάντωνοοό.</span> 
     </span>
    </p>
   </div>
   <div class='ocr_carea' id='block_1_6' title="bbox 0 0 1632 5092">
    <p class='ocr_par' dir='ltr' id='par_1_6' title="bbox 0 0 1632 5092">
     <span class='ocr_line' id='line_1_37' title="bbox 0 0 1632 5092; baseline 0 0"><span class='ocrx_word' id='word_1_288' title='bbox 0 0 1632 5092; x_wconf 95' lang='lat' dir='ltr'> </span> 
     </span>
    </p>
   </div>
  </div>
 </body>
</html>
