3218 5094
595 379 641 426 ua
665 378 735 428 ono
758 381 803 427 ar
826 381 968 429 oaroua.
1289 367 1352 432 599

87 552 90 558 ·
207 531 286 615 415,
310 532 361 596 33.
389 531 431 595 42
458 531 593 616 legimus
621 530 659 596 de
687 534 952 613 ξενηκούςθηςαν,
980 533 1074 613 ξηνός
1103 537 1136 598 et
1164 541 1239 615 ξῑρις
1262 539 1351 600 nota-

208 641 329 724 tiones,
354 663 407 706 eas
430 663 468 706 ex
490 640 669 706 Havniensi
685 641 908 728 Etymologico
931 642 1081 708 Bloolrius
1103 645 1213 709 attulit
1228 645 1350 711 Adnot.

207 775 238 836 p.
264 753 326 817 980
348 775 395 837 sq.
445 752 529 816 Leve
557 756 606 816 est
633 752 734 836 enim,
764 753 844 837 quod
874 755 982 838 paullo
1011 756 1206 819 contractius
1235 755 1350 821 Gudia-

207 885 284 926 num
312 867 360 926 est
382 863 470 927 velut
497 863 531 926 in
560 864 695 942 ξόανον,
726 865 1003 948 ξυναυλιῑόμενοι,
1029 867 1238 933 ξυνεδέςαντο
1268 867 1350 931 voci-

207 973 266 1037 bus
296 975 422 1056 (contra
451 975 546 1058 atque
573 973 608 1038 in
630 975 741 1057 ξυνός,
772 974 924 1038 lacunosa
953 997 990 1039 ea
1017 975 1219 1040 librariorum
1242 977 1350 1064 vitio);
1369 993 1401 1044 16

207 1084 289 1167 quod
325 1107 397 1149 curn
430 1084 533 1148 rarius
567 1083 661 1147 eadat
693 1083 729 1148 in
761 1083 933 1168 Magnum,
964 1089 1000 1149 ut
1028 1109 1059 1149 r.
1094 1087 1205 1169 ξηρόν,
1239 1088 1349 1172 ξύλον,

205 1194 313 1278 ξίφος,
343 1197 469 1279 ξυνήια,
500 1193 691 1278 aliquotiens
719 1197 830 1259 tamen
852 1195 888 1260 in
908 1195 970 1260 hoo
996 1193 1126 1260 liberius
1150 1197 1350 1261 conformata

205 1306 329 1369 notatio
358 1309 422 1389 est,
452 1327 479 1369 e.
511 1327 537 1369 o.
567 1327 596 1368 v.
620 1305 766 1386 ξυνωρίς.
817 1305 965 1370 Gudiano
999 1310 1121 1390 autem,
1152 1307 1179 1370 si
1210 1329 1248 1371 ex
1280 1311 1349 1373 toto

207 1415 309 1480 lexico
337 1415 487 1480 iudicium
515 1416 588 1499 fiat,
608 1407 782 1499 ¹aliquanto
812 1415 968 1499 copiosius
996 1438 1064 1481 esse
1093 1416 1249 1502 Magnum
1272 1418 1348 1504 Ety-

204 1527 398 1611 mologioum
425 1547 617 1611 quamquam
644 1525 756 1610 fugere
785 1510 947 1590 neminem
976 1529 1097 1611 potest,
1126 1531 1236 1592 tamen
1263 1549 1348 1593 secu·

205 1637 270 1701 rius
295 1637 378 1722 egit,
409 1637 462 1720 qui
486 1635 623 1720 propriis
646 1635 772 1700 dotibus
794 1636 1085 1720 supplementisque
1108 1637 1238 1702 utilibus
1259 1639 1348 1723 prius

204 1747 283 1810 illud
313 1769 440 1830 prorsus
470 1768 577 1810 carere
606 1744 800 1810 Ruhnkenio
828 1746 977 1830 credidit,
1010 1747 1102 1812 Fcrd.
1133 1747 1278 1812 Ranlrius
1309 1749 1348 1812 de

205 1857 367 1941 Hesychia
389 1880 420 1941 p.
438 1859 489 1922 37.
527 1857 698 1921 Praeclara
722 1856 806 1920 enim
829 1856 1064 1940 additamenta,
1088 1857 1133 1921 eis
1156 1858 1252 1922 etiam
1275 1881 1346 1945 gra-

204 1967 292 2031 viora
321 1989 401 2052 quae
429 1972 449 2048 ξ
472 1969 492 2032 8
521 1967 797 2052 significabamus,
826 1967 994 2051 quominus
1022 1970 1186 2051 protracta
1215 1992 1253 2032 ex
1281 1969 1346 2033 Gu-

204 2077 300 2141 diano
322 2077 401 2142 satis
424 2078 571 2142 omnibus
594 2078 800 2162 inpromptu
823 2080 944 2161 essent,
969 2077 1170 2162 impedivissc
1192 2079 1270 2144 illud
1292 2101 1346 2163 po-

202 2189 360 2252 tissimum
383 2188 508 2252 videtur
515 2238 523 2272 ,
554 2188 636 2273 quod
664 2187 802 2252 indicem
824 2188 1014 2272 scriptorum
1041 2188 1232 2275 subiungere
1259 2189 1345 2254 Stur-

203 2299 270 2363 zius
294 2299 482 2382 supersedit.

287 2409 530 2493 Aliquantisper
557 2410 754 2492 exspatiatus
783 2430 853 2472 sum
882 2410 917 2472 in
945 2431 1012 2473 rem
1040 2430 1106 2472 non
1137 2409 1216 2474 adeo
1238 2431 1344 2474 neces·

202 2519 286 2583 sario
308 2520 436 2584 vinculo
459 2541 530 2583 eum
552 2520 716 2604 proposita
739 2519 924 2604 quaestione
954 2519 1174 2603 coniunctam,
1203 2541 1269 2585 non
1297 2520 1344 2584 in-

201 2630 415 2714 temperantia
442 2630 580 2714 quadam
610 2630 762 2714 abreptus
793 2629 1044 2714 commentandi,
1080 2630 1135 2693 sed
1168 2630 1251 2715 quod
1278 2653 1344 2696 non
1414 2607 1418 2619 ¹

202 2741 391 2806 mediocrem
413 2741 642 2826 intellegebam
665 2762 703 2804 ex
720 2743 888 2824 perspecta
903 2739 1197 2825 Etymologioorum
1220 2741 1344 2805 ratione

201 2852 303 2916 lucem
325 2851 360 2916 in
382 2850 561 2936 proximam
582 2851 833 2934 disputationem
854 2872 921 2915 esse
941 2850 1201 2934 redundaturum,
1224 2851 1259 2916 in
1282 2873 1344 2936 qua

201 2963 363 3046 utriusque
386 2961 481 3025 lexiei
508 2961 629 3024 mentio
656 2960 922 3044 frequentabitur.
967 2961 1079 3045 Itaque
1103 2983 1174 3025 oum
1202 2961 1236 3024 in
1258 2965 1343 3025 utro·

201 3094 262 3155 que
295 3071 398 3135 redire
431 3071 603 3136 dixerimus
641 3093 737 3134 unam
773 3093 929 3154 turrimque
966 3070 1095 3135 Orionis
1131 3073 1340 3155 notationem,

200 3185 311 3245 tamen
341 3181 515 3264 prudenter
541 3180 681 3245 tenenda
710 3182 771 3244 dno
796 3185 885 3244 sunt:
919 3181 1073 3264 primum,
1106 3203 1172 3245 non
1205 3203 1278 3245 raro
1307 3183 1342 3247 in

200 3291 322 3375 Magno
344 3291 544 3374 potissimum
565 3289 788 3376 Etymologieo
811 3290 1030 3355 additamenta
1052 3291 1192 3357 Orioniis
1215 3314 1341 3356 annexa

201 3422 269 3465 esso
298 3400 426 3464 alirnrde
457 3405 551 3484 atque
581 3422 619 3464 ex
649 3399 767 3466 Orione
794 3400 906 3485 ducta,
940 3405 976 3464 ut
1002 3423 1031 3465 v.
1061 3401 1174 3484 ξηρόν,
1208 3403 1340 3487 ξόανον,

201 3513 326 3594 ξύνιον,
356 3513 522 3595 ψάμαθος,
553 3513 675 3591 ψεδνός
709 3513 741 3574 et
774 3511 893 3594 ψηνός,
929 3512 1038 3594 ψιλός,
1073 3512 1210 3592 ψεκάδες
1246 3513 1341 3596 (quae

201 3645 265 3686 una
297 3621 421 3684 notatio
455 3621 693 3706 conglutinatas
723 3621 945 3705 complectitur
977 3621 1055 3685 duas
1087 3621 1215 3687 Orionis
1247 3644 1340 3687 voees

201 3734 314 3812 ψιάδες
336 3754 367 3816 p.
391 3731 462 3815 165,
485 3733 524 3796 31
550 3735 582 3794 et
604 3733 681 3811 ψιάς
702 3754 734 3815 p.
760 3732 831 3812 168,
854 3731 921 3817 20),
945 3734 1023 3814 ψύη,
1047 3733 1160 3812 ψωμός
1183 3733 1251 3816 (ubi
1274 3755 1340 3796 rur-

200 3865 269 3906 sum
285 3842 411 3906 iunctas
427 3842 525 3906 habes
541 3841 669 3908 Orionis
684 3841 723 3905 de
736 3841 844 3921 ψωμοί
860 3845 892 3904 ct
908 3844 1006 3922 ψώρα
1020 3842 1202 3906 notationes
1217 3865 1247 3926 p.
1267 3844 1338 3927 167,

202 3955 250 4018 17.
274 3953 340 4037 23).
386 3951 436 4018 Of.
460 3957 480 4034 ξ
505 3954 554 4017 17.
600 3951 747 4015 Alterum
770 3956 833 4034 est,
864 3951 947 4034 quod
974 3953 1010 4015 in
1032 3955 1165 4036 utroque
1187 3974 1339 4037 persaepe

200 4063 316 4126 omissa
341 4065 483 4127 veterum
505 4062 787 4148 grammaticorum
813 4062 997 4127 testimonia
1019 4063 1178 4145 videmuS,
1206 4084 1338 4146 quorum

199 4171 321 4255 insigni
344 4173 435 4255 copia
457 4171 563 4236 affluit
584 4172 712 4238 Orionis
734 4171 880 4236 lexioum.
925 4171 1122 4256 Quamquam
1150 4173 1258 4256 elapso
1285 4173 1338 4237 hio

199 4281 265 4346 illic
286 4281 470 4346 testimonio
492 4283 542 4347 vel
565 4283 640 4347 olim
663 4282 861 4366 supplebitur
882 4283 932 4346 vel
958 4305 1045 4346 nunc
1071 4282 1252 4366 suppletum
1273 4283 1337 4348 iam

200 4393 249 4458 est
263 4390 418 4478 Magnum
433 4391 705 4478 Etymologieum‚
729 4401 766 4456 ut
781 4394 952 4461 Φιλόξενος
973 4393 1102 4458 nomine
1126 4394 1337 4479 compluriens
