3272 5088
655 361 796 410 raaorcr
820 361 967 408 aarum.
1044 387 1045 392 κ
1319 345 1383 408 429

245 537 315 580 mus
336 519 500 598 tamquam
522 514 721 598 exploratum
736 517 831 597 atquc
846 513 1071 594 indubitatum,
1088 535 1266 577 sermonem
1281 514 1380 596 illum,

245 625 329 688 inter
351 623 515 689 Socratem
538 627 570 688 et
592 623 803 707 Protagoram
824 623 970 686 habitum
992 623 1027 686 in
1050 621 1171 688 Calliae
1194 623 1339 704 aedibus,
1364 647 1383 686 a

245 734 380 798 Platone
402 733 500 796 tribui
522 733 711 817 olympiadis
738 731 921 795 LXXXVII
950 754 1035 795 anno
1058 732 1167 814 alteri,
1195 731 1228 794 id
1256 733 1383 816 quidem

245 866 307 928 quo
332 843 425 908 modo
447 843 697 924 demonstretur,
721 863 761 905 ne
784 840 879 904 nimis
906 841 1051 905 videatur
1079 842 1252 925 exspatiari
1281 843 1382 906 oratio

244 957 366 1036 nostra,
389 975 476 1017 nunc
497 952 572 1016 nolo
595 953 755 1034 explicare
777 951 914 1014 uberius.
946 950 1146 1035 Quapropter
1163 951 1287 1015 omissis
1303 973 1383 1038 quae

245 1063 447 1146 inpromptu
467 1067 543 1126 sunt
560 1061 707 1126 omnibus
734 1061 812 1125 satis
838 1061 941 1124 habco
963 1059 1288 1126 Schleiermacherum
1318 1061 1383 1125 lau-

245 1171 321 1235 dare
344 1171 471 1256 Proleg.
501 1173 541 1235 ad
572 1171 702 1255 Protag.
733 1193 764 1254 p.
791 1171 852 1234 218
879 1192 959 1254 sqq„
990 1171 1077 1234 cuius
1099 1171 1222 1255 insigni
1244 1171 1383 1234 acumini

246 1281 471 1366 doctrinaeque
493 1281 577 1345 haud
599 1281 726 1366 vulgari
748 1303 805 1344 sua
827 1279 935 1345 omnia
958 1281 1053 1344 debet
1068 1281 1178 1344 Aetius
1201 1280 1240 1344 de
1262 1281 1328 1344 vita
1352 1284 1384 1344 et

245 1391 372 1475 scriptis
387 1391 532 1455 Platonis
547 1414 578 1475 p.
596 1391 731 1473 7542,
755 1412 947 1474 quamquam
969 1412 1034 1453 non
1057 1390 1126 1454 sine
1148 1411 1289 1454 errorum
1309 1412 1383 1474 quo-

246 1501 381 1565 rundam
408 1501 590 1566 accessione
616 1501 667 1564 vel
695 1499 909 1584 incogitantia
937 1502 1175 1564 commissorum
1202 1500 1383 1564 incredibili

246 1611 296 1674 vel
318 1611 434 1674 eximia
456 1610 660 1674 historiarum
682 1610 895 1696 ignoratione.

693 1803 939 1860 canvrvn.
1355 1761 1359 1768 ’
1404 1810 1434 1858 ιε

330 1941 542 2026 Posteaquam
570 1939 685 2026 igitur,
715 1963 776 2024 quo
803 1940 950 2005 videatur
971 1962 1056 2004 anno
1079 1944 1174 2004 natus
1196 1961 1264 2004 csse
1286 1941 1316 2003 A
1323 1963 1384 2024 ga-

246 2049 329 2134 tho,
353 2051 505 2133 vidimus,
529 2052 650 2116 vitam
673 2072 888 2135 quousque
911 2050 1143 2134 produxerit
1170 2050 1384 2134 quaerendum

247 2163 305 2224 est.
351 2160 438 2236 Quae
465 2161 591 2245 quidem
620 2162 672 2224 via
698 2163 768 2224 tuto
790 2161 918 2224 institui
945 2181 1010 2224 non
1033 2161 1165 2244 poterit,
1190 2161 1253 2224 nisi
1276 2164 1382 2242 antea,

247 2291 307 2352 quo
328 2273 471 2354 ternpore
493 2272 528 2334 in
550 2270 771 2334 Macedoniam
786 2292 820 2334 se
836 2271 1016 2352 contulerit,
1041 2270 1253 2355 cognorimus.
1285 2269 1384 2333 Athe-

247 2401 305 2442 nas
328 2383 435 2444 autem
457 2380 599 2444 nondum
620 2380 785 2464 reliquerit
807 2383 934 2464 oportet
961 2401 998 2444 eo
1018 2383 1178 2463 tempore,
1203 2401 1263 2462 quo
1286 2379 1384 2443 Thes-

246 2487 506 2572 mophoriazusas
528 2489 636 2554 docuit
657 2489 906 2573 Aristophanes:
942 2511 1003 2574 qua
1030 2488 1157 2573 quidem
1185 2489 1383 2552 fabulosius

247 2598 332 2662 modi
348 2599 551 2664 cavillatione
573 2599 761 2682 perstrinxit
783 2600 942 2684 tragicum
963 2603 1101 2683 poetam,
1124 2621 1216 2683 quae,
1238 2599 1301 2663 nisi
1316 2600 1384 2682 ipse

247 2706 402 2772 adfuisset
424 2712 456 2773 et
478 2709 513 2772 in
535 2709 780 2772 Atheniensium
802 2708 902 2773 oculis
930 2709 1045 2774 cotidie
1071 2710 1211 2792 positus,
1237 2709 1324 2773 omni
1351 2709 1384 2773 vi

247 2815 471 2882 destitueretur
498 2841 565 2883 sua.
611 2817 956 2902 Thesmophoriazusae
986 2823 1092 2883 autem
1121 2819 1180 2883 etsi
1208 2841 1270 2904 quo
1298 2841 1384 2884 armo

247 2912 320 2990 acta
342 2928 395 3010 sit,
419 2927 550 2992 difficile
572 2934 621 2992 est
639 2929 800 3012 iudicium,
823 2934 933 2994 tamen
955 2931 989 2994 in
1011 2933 1104 2993 tanta
1127 2930 1176 2993 vel
1199 2929 1384 3012 opinionum

247 3037 297 3099 vel
318 3038 573 3104 testimoniorum
596 3039 828 3120 controversia,
853 3061 947 3123 quam
970 3039 1097 3123 quidem
1119 3039 1314 3103 studebimus
1336 3039 1383 3104 in·

247 3145 308 3228 fra,
332 3147 359 3210 si
380 3148 474 3212 modo
495 3149 564 3212 fieri
585 3149 696 3234 possit,
722 3151 958 3233 componere*),
979 3148 1056 3212 illud
1071 3171 1170 3212 unum
1185 3148 1383 3214 dubitatione

247 3350 297 3416 pat
314 3349 348 3403 de
365 3349 518 3419 tragoediis
537 3351 644 3419 graecis
662 3351 702 3406 Ill
719 3370 746 3420 p.
759 3359 808 3406 982
827 3368 887 3426 sqq.
900 3381 933 3390 -
946 3349 1074 3406 Ceterum
1092 3368 1161 3420 quas
1174 3370 1191 3406 a
1202 3351 1383 3422 Bernhardyo

247 3441 317 3494 Hist.
336 3442 389 3496 litt.
409 3460 451 3512 gr.
470 3444 503 3508 11,
522 3450 537 3496 2
555 3461 580 3512 p.
601 3450 634 3498 55
652 3444 695 3498 ed.
714 3445 762 3498 alt.
787 3443 950 3514 scriptiones
974 3444 1153 3498 scholasticas
1172 3444 1306 3511 quasdam
1328 3463 1384 3500 me-

247 3536 370 3588 moratas
388 3535 469 3589 video
486 3535 516 3588 in
533 3537 688 3604 Agathonis
706 3537 789 3591 rebus
807 3539 961 3602 versantes,
979 3554 1027 3591 cas
1045 3553 1196 3603 numquam
1214 3537 1289 3606 vidi]

314 3627 339 3694 *l
358 3627 566 3696 [Tractaveram
588 3630 660 3683 hauc
683 3629 875 3696 quaestionem
897 3629 925 3682 in
948 3629 1104 3698 accepite,
1129 3627 1203 3696 quod
1221 3629 1383 3686 enarrandis

246 3717 440 3788 Aristophanis
467 3721 687 3776 cavillationibus
714 3721 883 3777 destinatum
910 3725 978 3788 erat,
1005 3724 1034 3776 et
1058 3722 1099 3776 ita
1122 3721 1247 3788 quidem,
1274 3725 1304 3778 ut
1329 3723 1384 3793 ipsi

247 3811 349 3866 alteri
366 3831 439 3867 anno
458 3813 623 3884 olympiadis
641 3815 713 3867 XCll
731 3814 854 3868 fabulam
871 3815 1023 3869 tribuerem
1040 3815 1145 3868 eisdem
1162 3817 1220 3869 fere
1238 3833 1383 3886 argumen-

246 3903 282 3957 tis
301 3907 400 3972 motus‚
420 3923 490 3974 quae
507 3907 601 3976 paullo
613 3909 678 3976 post
696 3907 731 3961 ab
744 3907 897 3962 Hanovio
916 3907 1054 3977 explicata
1072 3910 1136 3962 sunt
1148 3908 1383 3963 Exercitationem

247 3997 305 4052 crit.
325 3997 353 4051 in
372 3999 490 4053 comicos
509 4017 625 4068 graecos
643 3999 695 4068 (ed.
715 3999 776 4054 Hal.
799 4005 873 4068 1830)
892 3981 971 4070 ps82
990 4017 1049 4068 sqq.
1086 3999 1163 4065 Quae
1184 4003 1280 4056 tamen
1302 4020 1383 4071 argu-

247 4093 342 4144 menta
359 4110 415 4146 non
433 4109 496 4147 eam
512 4092 568 4146 vim
585 4093 755 4160 habuerrmt,
779 4091 845 4160 quin
867 4093 904 4147 ad
922 4109 1024 4148 annum
1042 4093 1185 4162 primum
1206 4094 1279 4148 illius
1298 4094 1383 4164 olym·
1403 4125 1405 4130 ·

247 4182 345 4250 piaclis,
363 4185 420 4239 iam
437 4203 455 4239 a
472 4185 610 4239 Palmerio
629 4185 866 4250 commendatum,
888 4186 936 4240 alii
952 4186 1083 4252 redirent,
1101 4189 1133 4240 ut
1150 4187 1179 4241 C.
1198 4185 1229 4241 Ο.
1249 4187 1383 4242 Muelle-

247 4291 301 4329 rus
324 4276 396 4330 Hist.
419 4276 472 4332 litt.
492 4295 533 4346 gr.
553 4279 578 4332 ll
600 4295 627 4348 p.
647 4283 709 4346 246,
731 4279 843 4348 praeter
867 4282 974 4334 ceteros
997 4281 1091 4333 autem
1112 4279 1265 4349 Eugerus
1288 4283 1383 4336 nostor

246 4367 334 4424 Musei
352 4369 479 4433 Rhenani
496 4370 534 4423 IV
556 4389 583 4439 p.
602 4377 635 4425 ts
653 4388 712 4438 sqq.
738 4373 835 4425 contra
857 4371 1081 4426 Fritzschium
1098 4373 1274 4442 potissimum
1291 4374 1383 4446 dispu-
