3254 5086
140 371 148 386 .
250 339 315 406 522
620 356 668 404 na
691 355 820 404 comen
842 356 1017 404 reamare

251 510 370 594 χρόνῳ.
411 506 501 572 Haec
522 507 669 593 intellegi
691 511 868 592 nequeunt:
891 509 921 574 oi
935 509 1086 589 Ῥωμαῖοι
1107 512 1194 574 recte
1216 509 1300 573 idem
1321 508 1389 594 syl-

251 619 382 704 bur'gius
405 617 622 701 desiderabat,
651 617 755 682 minus
783 621 870 682 recte
897 617 1149 684 subaudiendum
1175 619 1317 703 dicebat3
1354 622 1390 687 ol

251 729 434 808 πολέμιοι
462 731 538 792 ante
564 729 621 793 τὰς
649 729 831 809 προςβολὰς
859 749 897 792 ex
919 733 949 794 B
976 729 1120 794 accessit.
1158 767 1201 778 -
1235 729 1301 814 111,
1331 730 1388 795 23:

250 841 399 904 πλεῑςτον
421 839 457 902 δὲ
478 839 528 902 καὶ
549 838 714 918 κράτιςτον
736 838 939 918 ἐπικουρικόν
954 839 989 904 ἐκ
1003 843 1059 918 τῆς
1075 841 1239 921 Ἀλβανῶν
1261 840 1388 906 πόλεως

251 948 386 1014 Μέττιος
409 947 609 1028 Φουφέττιος
631 947 706 1026 ἡκεν
729 947 819 1025 ἄγων
841 948 965 1014 ἁπόιςας
981 949 1229 1030 ὑπερβόλλεςθαι
1242 952 1300 1015 τὰς
1316 971 1388 1029 ςυμ-

249 1059 379 1138 μαχικάς
399 1058 555 1137 δυνάμεις.
597 1056 647 1120 Ibi
671 1057 751 1123 ὥςτε
774 1057 885 1122 abesse
907 1059 1009 1134 rmum
1031 1058 1128 1124 Porto
1151 1063 1183 1124 et
1204 1058 1385 1144 Sylburglo,

215 1168 445 1248 αβουλόμενος
478 1166 656 1250 Stephano:
693 1167 837 1233 όπλοις
871 1169 1163 1249 κεκοιμημένον
1200 1170 1387 1249 ἐκπρεπέ-

248 1298 305 1344 ςιν
329 1277 424 1343 ὥςτε
447 1279 520 1360 post
541 1277 631 1354 ἄγων
654 1276 809 1340 excidisse
831 1279 886 1341 Bc
906 1277 1032 1343 docent.
1056 1317 1099 1328 —
1120 1277 1180 1362 III,
1204 1279 1262 1344 24:
1296 1281 1386 1345 ένθυ-
1438 1276 1448 1296 “

246 1388 397 1467 μηθέντες
419 1386 478 1452 οὖν
502 1385 550 1452 ότι
572 1387 608 1452 ἐν
631 1389 719 1470 καλῷ
741 1387 817 1452 τοὺς
841 1387 1001 1466 έχθὶςτους
1022 1388 1113 1468 ἡμῶν
1134 1388 1261 1469 ἔχομεν,
1284 1389 1386 1467 οἱμὲν

247 1496 393 1576 ἄντικρυς
419 1497 580 1579 ἐπιόντες,
611 1496 642 1560 οἱ
670 1499 706 1562 δὲ
733 1497 883 1579 κατόπιν,
920 1497 998 1564 ἔνθα
1027 1497 1102 1564 οὔτε
1129 1498 1239 1578 πρόςω
1267 1501 1386 1578 χωρεῖν

225 1583 319 1672 ὀὔτ’
347 1607 448 1672 όπίςω
475 1606 676 1686 ἐπιςτρέφειν
708 1608 881 1686 δυνάμενοι
913 1613 1048 1692 ποταμῷ
1075 1627 1109 1672 τε
1137 1609 1186 1673 καὶ
1219 1607 1287 1689 ὄρει
1319 1611 1386 1674 τῶν

247 1717 392 1793 πλαγίων
414 1715 673 1795 ἀποκλειόμενοι,
702 1715 779 1782 ἀλλ’
799 1715 845 1782 ἴτε
867 1718 924 1783 ςὺν
946 1719 1051 1801 πολλῇ
1074 1717 1308 1799 καταφρονήςει
1331 1718 1385 1782 ἐπ’

247 1826 373 1892 αὐτούς.
417 1825 569 1890 Mancam
596 1825 793 1909 orationem,
827 1825 924 1890 variis
954 1825 1135 1890 criticorum
1164 1824 1386 1891 conaminibus

247 1937 410 2017 vexatam,
441 1938 470 1997 B
490 1934 723 2018 redintegravit
749 1935 785 1999 in
812 1935 897 1999 hanc
919 1935 1075 2018 speciem:
1111 1940 1245 2020 ποταμῷ
1272 1957 1308 2002 τε
1336 1937 1387 2001 καὶ

247 2043 316 2123 ὄρει
343 2044 384 2109 έκ
410 2047 477 2110 τῶν
505 2043 651 2120 πλαγίων
674 2043 917 2124 ἀποκλειόμενοι
939 2046 1060 2124 καλὴν
1082 2041 1275 2111 δώςουςιν
1297 2046 1385 2124 ἡμῖν

246 2153 371 2235 δίκην,
394 2152 441 2218 ἴτε
463 2156 526 2219 κτλ.
570 2152 634 2216 Vbi
656 2153 683 2218 si
706 2153 907 2218 coniecturae
935 2154 1112 2218 debeantur
1133 2156 1169 2219 έκ
1189 2153 1385 2237 praepositio

247 2264 280 2328 et
301 2262 383 2328 ἀλλὰ
406 2263 582 2346 particulae
604 2262 750 2346 omissio,
781 2262 918 2328 feliciter
940 2266 976 2328 ut
998 2284 1092 2347 saepe
1115 2262 1296 2328 emendatio
1318 2283 1385 2327 cor-

245 2371 362 2438 rectori
385 2373 553 2456 successit3
576 2375 610 2436 at
631 2373 687 2436 illa
708 2376 808 2453 καλὴν
830 2395 858 2438 e.
881 2395 913 2456 q.
936 2395 962 2437 s.
986 2393 1053 2438 non
1074 2374 1205 2458 sepiunt
1225 2372 1384 2440 mehercle

246 2483 434 2549 correctoris
456 2481 633 2568 ingenium.
649 2519 691 2532 -
713 2481 892 2548 Amodicis
914 2482 1037 2547 lacunis
1053 2505 1111 2568 per
1125 2483 1261 2570 maiores
1282 2504 1384 2567 pergo

246 2593 285 2658 ad
308 2592 532 2680 ρκανίεείαιοια
553 2592 594 2674 V,
616 2593 673 2658 47:
710 2595 854 2675 διαφέρει
881 2595 916 2658 δὲ
945 2593 1079 2674 θατέρου
1101 2597 1233 2674 πρῶτον
1255 2595 1312 2673 μὲν
1335 2592 1385 2657 ὅτι

246 2753 252 2768 .
275 2753 282 2768 .
305 2754 312 2769 .
335 2753 358 2780 .,
380 2703 483 2770 ἔπειθ’
506 2703 556 2768 ότι
577 2702 617 2768 οὐ
638 2705 697 2783 τήν
719 2703 865 2782 ποικίλην
889 2705 939 2768 καὶ
959 2703 1157 2784 χρυςόςημον
1173 2703 1384 2783 ἀμφιέννυται

245 2815 361 2891 ςτολὴν
390 2815 410 2892 ἢ
438 2816 594 2893 κοςμεῑται
625 2813 781 2893 τήβεννον
814 2813 853 2878 τό
881 2813 1055 2893 ἐπιχώριον
1087 2816 1154 2880 τῶν
1187 2813 1320 2880 ὑπάτων
1348 2834 1383 2879 τε

244 2923 296 2989 καὶ
317 2927 500 3000 ςτρατηγῶν
522 2922 660 3004 φόρημα
697 2921 771 2986 Non
792 2921 909 2986 mirum
929 2922 1010 2988 haec
1031 2943 1097 2987 non
1120 2921 1296 3006 expediisse
1318 2922 1382 2986 edi·

244 3034 347 3114 tores,
376 3052 456 3114 quae
483 3033 565 3096 teste
587 3035 617 3095 B
638 3031 685 3096 sie
707 3031 828 3115 scripta
850 3054 870 3096 a
891 3031 1039 3116 Dionysii
1061 3052 1159 3096 manu
1180 3031 1382 3116 prodierunt:

245 3141 376 3220 ςτολὴν,
411 3142 611 3224 ᾐκοςμεῖται
642 3140 661 3206 ὁ
689 3142 839 3220 ἕτερος,
873 3141 965 3206 οὐδὲ
997 3143 1066 3209 τὸν
1101 3142 1269 3222 χρόςεον
1302 3141 1383 3220 ἔχει

245 3252 459 3333 ςτέφανον,
482 3251 582 3316 ἀλλὰ
603 3251 908 3332 περιπόρφυρον
931 3253 1075 3331 λευκὴν
1098 3252 1382 3334 περιβέβληται

243 3362 429 3442 τήβενναν,
451 3363 489 3426 τὸ
512 3362 684 3442 ἐπιχώριον
707 3363 769 3427 κτλ.

776 3554 849 3635 ae.

328 3688 373 3754 Et
397 3689 477 3754 haec
503 3687 630 3773 quidem
656 3688 801 3771 exempla
826 3688 938 3753 mutila
968 3690 1136 3752 servamnt
1163 3687 1275 3771 reliqui
1298 3687 1383 3752 codi-

245 3821 307 3864 ces.
353 3798 473 3864 Contra
495 3797 567 3862 aliis
589 3797 734 3881 plurimis
757 3793 958 3880 lacunarum,
988 3817 1066 3880 quas
1094 3796 1162 3880 ipse
1183 3800 1380 3881 reppererat,

244 3908 382 3992 vestigia
410 3905 474 3970 suis
497 3907 685 3972 commentis
707 3929 844 3990 nequam
866 3906 1078 3990 interpolator
1099 3909 1155 3970 aut
1177 3905 1289 3970 leviter
1311 3906 1382 3970 obs-

245 4017 369 4082 curavit
394 4018 451 4080 aut
477 4016 656 4082 incredibili
685 4017 865 4080 temeritate
893 4016 1100 4081 oblitteravit.
1136 4015 1276 4090 Quorum
1298 4037 1381 4080 com·

243 4131 423 4192 mentorum
449 4129 618 4210 perpetuos
645 4129 743 4190 testes
770 4131 799 4190 D
820 4131 853 4190 et
879 4148 960 4209 quae
989 4147 1028 4190 ex
1055 4147 1092 4190 eo
1114 4125 1208 4190 fluxit
1239 4131 1267 4188 P
1285 4125 1382 4189 habe-

245 4257 325 4318 mus,
350 4235 539 4319 aliquotiens
555 4236 656 4301 solam
670 4241 705 4318 P,
730 4256 795 4299 non
817 4257 890 4300 raro
912 4235 953 4300 ad
975 4235 1087 4300 horum
1109 4235 1262 4300 librorum
1283 4234 1382 4298 socie-

245 4349 345 4415 tatem
368 4345 538 4412 accedente
560 4344 657 4410 etiam
674 4349 706 4428 C,
729 4343 796 4408 fere
818 4365 973 4432 nusquam
991 4344 1215 4426 recedenter,
1239 4344 1293 4428 qui
1315 4365 1382 4408 non
