3184 5100
759 1293 974 1402 XXHl.

429 1508 667 1626 Etyrnologlci
697 1509 910 1627 Argolicam
942 1507 1063 1603 trevis
1094 1508 1300 1625 descriptio.

831 1881 897 1967 1.*)

243 2040 274 2088 ιιι
378 2014 518 2099 Cognitu
539 2037 605 2080 non
627 2015 796 2100 indigniun
819 2019 968 2100 putemus
983 2015 1065 2100 quod
1087 2016 1250 2080 vobiscum
1268 2016 1324 2080 bis
1347 2017 1436 2081 sche-

294 2124 343 2188 dis
365 2127 600 2190 communicare
626 2126 753 2190 lexicon
781 2125 967 2210 incipimuS,
997 2125 1192 2208 descriptum.
1213 2124 1292 2189 illud
1316 2127 1436 2190 abhinc

292 2256 408 2300 novem
435 2257 537 2300 annos
565 2257 604 2299 ex
639 2234 851 2300 bibliothec-ne
878 2237 1101 2321 Angelicanae
1129 2257 1210 2320 quae
1237 2233 1362 2300 Romae
1391 2240 1437 2300 est

294 2345 401 2410 codice
429 2346 598 2411 chartaceo
627 2347 745 2412 saeculi
768 2346 845 2435 XV,
875 2347 929 2430 qui
958 2346 1107 2432 signetur
1134 2349 1175 2411 Α.
1199 2347 1229 2411 3.
1259 2345 1303 2409 24
1338 2343 1437 2432 [foliis

294 2460 444 2521 constans
466 2457 599 2546 XXIX}
634 2457 723 2533 Quod
746 2457 806 2520 etsi
828 2457 990 2542 pleraque,
1013 2480 1080 2521 non
1102 2456 1275 2540 omnia**),
1300 2477 1437 2520 commu·

293 2567 348 2630 nia
370 2568 469 2632 hebet
491 2591 563 2632 cunr
585 2567 679 2632 editis
696 2567 939 2652 Etymologicis,
962 2571 1072 2632 tamen
1095 2566 1135 2630 ad
1157 2569 1269 2630 horum
1293 2566 1437 2650 ipsorum

360 2822 385 2888 *)
413 2819 598 2889 [Prooemium
627 2821 728 2876 Indicis
758 2821 914 2876 scholarum
943 2821 1124 2876 hibernarum
1149 2820 1341 2875 Bonnensium
1372 2839 1434 2876 ann.

295 2913 540 2968 ClOlOCOCXLVI
558 2917 587 2968 et
604 2915 723 2983 savir]

361 3008 404 3075 **)
423 3007 464 3076 [ld
481 3007 656 3062 verissimum
673 3010 732 3062 tum
750 3011 812 3063 erat
829 3025 892 3063 cum
910 3010 1044 3078 seriptum
1061 3009 1112 3062 est.
1149 3008 1218 3062 Post
1236 3007 1342 3062 editum
1361 3009 1435 3063 onim

294 3101 419 3156 Thomae
432 3100 582 3157 Gaislordii
599 3101 671 3155 curis
689 3101 913 3171 Etymologicum
930 3102 1064 3171 Magnum
1081 3101 1269 3156 intelleximus
1289 3119 1356 3157 sane
1375 3104 1434 3156 tnn-
1550 3139 1551 3178 3

294 3197 354 3248 tum
371 3213 427 3251 uon
445 3195 546 3262 omnia,
565 3212 635 3263 quse
654 3213 669 3250 e
686 3194 774 3250 lexico
793 3196 964 3265 Angelicano
982 3197 1011 3248 in
1027 3195 1119 3251 lucem
1136 3195 1306 3265 protracturi
1324 3213 1434 3250 eramus
1550 3223 1551 3236 κ

294 3290 378 3342 antea
394 3306 451 3343 non
469 3289 595 3359 cognita,
617 3289 646 3342 in
667 3288 739 3342 illius
762 3289 903 3344 codicibus
921 3289 1029 3364 duobus
1047 3287 1296 3358 praestantissimis
1314 3291 1434 3348 exstare,

295 3382 384 3436 altero
402 3399 491 3449 eoque
508 3382 617 3452 potiore
636 3381 795 3448 Sorbonico,
813 3381 902 3436 altero
914 3381 1040 3436 Parisino
1060 3381 1158 3450 (regio)
1172 3387 1246 3448 2630,
1265 3382 1299 3436 de
1318 3399 1435 3448 quorum

293 3474 395 3530 virtute
413 3476 522 3545 pridem
540 3476 689 3531 constabat
706 3475 794 3529 Bastii
817 3473 856 3542 (in
874 3474 1040 3543 Gregorium
1063 3474 1123 3530 Cor.
1143 3493 1170 3544 p.
1191 3479 1251 3543 289)
1274 3473 1433 3545 praeconio.

294 3567 415 3632 Quorum
433 3568 566 3623 librorum
584 3568 777 3623 additamenta
789 3567 814 3621 si
825 3567 997 3622 Gaisfordius
1015 3565 1151 3622 noluisset
1162 3585 1239 3621 more
1258 3585 1307 3621 suo
1326 3568 1434 3620 abstru-

294 3662 359 3716 dere
377 3662 406 3715 in
423 3661 646 3728 adnotationem,
674 3661 723 3716 sed
744 3661 798 3731 ipsi
818 3661 1011 3730 Etymologico
1035 3660 1221 3730 Sylburgiano
1241 3658 1434 3728 amplificando
1550 3649 1551 3702 ἶ

294 3755 475 3823 adhibuisset,
494 3755 548 3809 dici
565 3755 661 3824 nequit
679 3757 783 3822 quanto
803 3754 888 3810 etiam
905 3753 1070 3809 luculentius
1088 3754 1188 3809 bunna
1204 3755 1362 3808 litterarum
1380 3754 1435 3806 stu-

293 3849 386 3905 diosos
405 3850 589 3904 demerit-urus
606 3847 699 3903 fuerit.
723 3849 820 3916 quue
838 3849 950 3918 gravius
968 3847 1033 3902 talis
1052 3847 1179 3902 socordia
1197 3846 1343 3917 culpanda,
1361 3843 1435 3913 quod
1550 3887 1551 3920 3

293 3960 327 3998 ne
341 3944 507 4013 scriptorum
525 3942 644 4010 quidem,
663 3959 780 4010 querum
797 3941 826 3996 in
843 3941 897 3995 illis
916 3941 1119 3996 accessionibus
1136 3939 1299 3995 testimonia
1316 3955 1433 3992 numero

293 4037 413 4107 plurima
439 4037 607 4103 excitantur,
634 4035 747 4091 nomina
768 4034 905 4089 indicibus
928 4034 1120 4104 Sylburgianis
1146 4033 1296 4088 inserenda
1318 4031 1432 4086 curavit.

292 4131 409 4186 Accedit
426 4130 513 4198 quod,
536 4147 607 4198 qnae
626 4147 641 4184 e
659 4128 785 4184 Perisino
803 4134 871 4184 2630
893 4128 947 4182 iam
967 4127 1084 4182 Koesius
1101 4127 1300 4193 Bekkerusque
1324 4141 1434 4193 excerp·

295 4226 397 4291 serant,
415 4241 449 4278 ex
466 4225 546 4294 parte
564 4224 668 4277 frustra
686 4239 803 4291 quaeras
822 4221 897 4292 apud
909 4221 1105 4288 Geisfordium,
1123 4238 1145 4275 e.
1161 4237 1182 4274 c.
1202 4219 1231 4272 in
1248 4235 1316 4274 voce
1331 4217 1432 4283 Ἀχαιά.

294 4349 327 4358 -
348 4317 428 4373 Vnde
457 4317 633 4386 consequitur
660 4317 716 4370 suis
740 4316 861 4370 numeris
890 4315 1049 4370 absolutam
1077 4313 1227 4369 editionem
1249 4307 1435 4380 Etymologici

294 4411 389 4483 Magni
406 4413 666 4486 philologorumque
684 4411 779 4466 usibus
797 4411 893 4479 aptam
912 4409 1024 4464 minime
1042 4407 1108 4462 dum
1124 4407 1154 4462 in
1171 4408 1303 4478 promptu
1320 4401 1399 4476 ossei]
