3272 5088
720 1293 903 1404 XVII.

241 1496 296 1589 lio
327 1493 561 1590 emendandis
591 1492 849 1610 Antiquitatum
883 1492 985 1588 libuis
1020 1492 1182 1610 Dionysii
1217 1483 1383 1586 floiouu·

491 1645 685 1741 nastensis
715 1644 967 1739 oounentutio
998 1645 1144 1761 duplex.

740 1852 892 1860 ----

329 1964 393 2054 [Da
421 1966 629 2031 emendandis
662 1965 809 2049 Dionysii
839 1963 1079 2048 Antiquitatum
1111 1963 1201 2028 libris
1233 1965 1384 2048 quoniam

242 2083 317 2142 ante
345 2077 463 2141 editam
491 2077 530 2140 de
554 2075 661 2140 codice
684 2075 841 2141 Vrbinatc
870 2073 1135 2158 disputationem,
1166 2095 1262 2158 quam
1289 2073 1383 2140 huius

241 2187 410 2252 voluminis
438 2183 549 2251 XVIII
576 2185 655 2268 feci,
689 2185 738 2249 bis
767 2188 999 2249 commentatus
1026 2206 1110 2266 sum,
1144 2187 1382 2270 programmate

241 2297 423 2362 academico
438 2295 684 2362 Vratislaviensi
702 2294 781 2358 anni
798 2294 879 2360 1838
887 2295 934 2379 ²¹²),
955 2293 1121 2359 Bonnensi
1136 2295 1214 2358 anni
1232 2295 1313 2360 1846
1321 2295 1381 2382 **),

240 2408 300 2472 etsi
322 2407 497 2491 posteriore
520 2427 558 2470 es
580 2406 650 2490 ipsa
672 2404 851 2488 emendari,
874 2402 1039 2489 resarciri,
1065 2405 1263 2487 compensari
1285 2405 1381 2489 volni,

240 2539 321 2602 quae
343 2517 378 2581 in
399 2517 504 2600 priore
526 2537 640 2600 parum
661 2516 713 2580 uel
734 2517 822 2579 recte
848 2515 898 2579 vel
925 2514 1020 2598 plene
1046 2513 1262 2598 exposuissem
1283 2518 1320 2578 ut
1341 2515 1383 2578 sb

138 2623 144 2634 '
239 2628 454 2692 instrumento
477 2625 589 2690 critico
610 2629 678 2689 tum
700 2647 767 2690 non
789 2624 868 2690 satis
890 2625 1083 2689 instructus:
1105 2627 1215 2688 tamen
1236 2645 1278 2688 ne
1294 2625 1382 2709 prius

239 2737 366 2823 quidem
392 2757 522 2821 prorsus
543 2734 597 2800 hic
618 2735 829 2799 omittendum
852 2735 978 2818 putavi,
1007 2735 1124 2820 quippe
1147 2735 1182 2798 in
1204 2755 1266 2818 quo
1288 2756 1382 2819 quae-

240 2847 313 2912 dam
340 2869 407 2911 non
433 2845 592 2910 inutiliter
618 2845 782 2928 disputata
805 2867 873 2909 csse
894 2844 1087 2929 uiderentur,
1117 2866 1197 2929 quac
1220 2866 1259 2908 cx
1280 2845 1382 2910 altero

209 2958 306 3041 'peti
334 2979 401 3022 non
427 2959 571 3039 possunt.
622 2953 777 3030 Quocirca
804 2955 898 3019 ambo
925 2955 989 3019 iam
1016 2955 1063 3018 ita
1086 2955 1263 3019 coalescere
1284 2956 1379 3039 volui,

239 3071 274 3130 ut
290 3088 328 3130 ex
343 3070 486 3151 utroque,
510 3087 591 3150 quae
612 3065 709 3129 etiam
730 3086 818 3129 nunc
840 3064 936 3129 alicui
959 3085 1026 3130 esse
1049 3063 1119 3129 usui
1140 3065 1380 3150 intellexissem,

238 3257 441 3265 -----

305 3371 330 3440 *)
355 3368 461 3439 [‘Dicnn
482 3369 608 3424 natalem
624 3359 822 3438 Angustissimi
845 3368 931 3437 Regis
953 3368 1087 3423 Fridcrici
1104 3367 1234 3424 Guilelmi
1251 3369 1291 3422 III
1310 3411 1379 3424 ....

237 3463 263 3517 d.
284 3464 322 3516 III
339 3463 409 3530 Aug.
431 3479 455 3516 a.
475 3461 776 3516 cuounccoxxxvffl
799 3462 996 3516 celebrandum
1013 3461 1111 3516 indicit
1128 3461 1157 3516 F.
1172 3462 1204 3514 nt.
1224 3461 1382 3517 Praemisso

237 3559 282 3611 cst
299 3556 333 3610 dc
351 3554 478 3624 Dionysii
495 3553 748 3610 Halicarnassensis
765 3553 987 3622 Antiquitatibus
1009 3553 1143 3609 Romanis
1161 3555 1381 3610 commentatio!

237 3644 411 3719 Bibliopolas
429 3647 564 3702 traditum
583 3647 621 3702 sic
639 3649 748 3702 mutata
764 3647 945 3717 inscriptione
962 3647 1067 3718 prodiit
1083 3647 1112 3701 dn
1128 3647 1281 3717 publicum:
1301 3647 1382 3702 ‘Dio-

236 3740 309 3808 nysii
330 3739 585 3796 HalIcornassensis
607 3741 784 3796 Prooemium
806 3739 1012 3808 Antiquitatium
1034 3741 1224 3795 Romanorum
1248 3741 1381 3796 scudici·

236 3833 289 3887 bus
306 3851 386 3900 msa,
404 3834 438 3888 do
458 3851 575 3901 quorum
591 3833 684 3888 indole
703 3838 733 3888 et
749 3851 801 3887 usu
819 3833 985 3903 disputatur,
1004 3834 1213 3904 emendatum.']

287 3928 328 3996 **)
359 3926 527 3996 [‘Natalicia
552 3927 750 3996 Angustissiuni
784 3926 869 3995 Regis
893 3926 1026 3982 Driderici
1053 3926 1183 3983 Guilelmi
1206 3927 1244 3981 IV
1263 3970 1268 3980 .
1284 3970 1289 3981 .
1306 3971 1331 3982 ..
1351 3928 1377 3982 d.

236 4019 287 4074 XV
299 4021 359 4074 Oct.
379 4037 404 4075 a.
418 4019 663 4079 clowcccxnvn
682 4020 902 4075 concelebranda
918 4019 1016 4075 indicit
1033 4021 1063 4073 F.
1075 4019 1107 4075 R.
1139 4021 1216 4076 Inest
1234 4019 1380 4090 Specimen

236 4111 361 4180 Dionysii
383 4111 637 4168 Halicarnassensis
661 4130 694 4168 cx
713 4113 825 4182 optimis
848 4113 988 4168 codicibus
1010 4113 1170 4168 emendati’
1205 4113 1379 4182 Bibliopolas

236 4203 371 4258 traditum
394 4205 433 4259 sic
455 4207 564 4261 mutata
585 4206 766 4276 inscriptione
788 4205 894 4274 prodiit
914 4207 944 4259 in
961 4205 1114 4276 publicum:
1142 4205 1284 4274 ‘Dionysii
1304 4205 1379 4260 Hali-

238 4297 426 4352 carnassensis
449 4299 665 4367 Antiquitatium
687 4301 877 4354 Romanorum
898 4299 993 4354 libriI
1016 4297 1110 4369 capita
1130 4297 1206 4352 XXX
1228 4300 1322 4371 priora
1346 4317 1380 4358 ex

237 4389 350 4459 optimis
369 4389 509 4447 codicibus
527 4393 707 4463 emendata’]
