3218 5094
266 343 330 408 614
647 358 694 406 na
717 358 787 406 ouo
810 357 854 404 aa
877 357 1019 406 onroxs.

267 512 387 576 mentio
409 511 498 576 facta
520 515 578 574 est.
623 509 669 574 Vt
697 513 803 575 autem
832 511 873 574 ab
899 509 987 574 omni
1015 512 1108 594 parte
1134 509 1216 593 quod
1243 509 1408 592 posuimus

267 623 443 704 firmemus,
473 643 537 684 non
565 623 614 684 est
636 620 764 685 silentio
792 619 1074 704 praetereundum,
1102 618 1205 683 tribus
1227 641 1287 683 nec
1308 619 1408 703 pluri-

269 732 327 794 bus
348 731 426 795 locis
449 731 483 794 in
506 729 634 794 Orionis
662 730 764 794 lexico
788 730 940 811 (mpuvdc
967 750 1085 799 nomen
1113 729 1267 793 excidisse
1294 728 1406 813 videri,

269 864 298 904 v.
323 839 464 922 ἀρτηρία,
486 841 607 920 patrol,
630 841 766 916 λογάδες
788 861 820 923 p.
846 841 896 922 17,
920 840 951 904 3.
977 837 1047 922 lOl,
1071 839 1100 903 3.
1126 839 1178 923 92,
1201 840 1233 922 6,
1256 859 1409 903 revocan-

268 950 404 1034 dumqpe
426 971 495 1014 esse
519 971 557 1014 ex
573 948 626 1014 Et.
644 948 726 1014 Gud.
751 971 782 1033 p.
800 950 852 1032 81,
875 948 919 1013 40
941 948 1027 1034 (cum
1042 947 1096 1012 Et.
1113 949 1158 1012 M.
1175 947 1249 1014 Par.
1266 971 1298 1032 p.
1317 948 1406 1032 764).

269 1061 341 1143 381,
364 1061 416 1125 37.
440 1058 493 1123 Et.
518 1059 562 1122 M.
586 1081 618 1144 p.
641 1059 715 1142 572,
738 1060 790 1124 43.
835 1058 955 1135 Quibus
982 1059 1060 1123 item
1086 1061 1152 1122 tres
1181 1059 1338 1124 accedunt
1360 1058 1409 1122 iu-

269 1174 380 1254 tegrae
402 1191 506 1252 vocer,
530 1190 638 1233 earum
660 1190 792 1233 numero
813 1168 1041 1254 accensendas,
1072 1191 1150 1254 quas
1171 1191 1259 1234 nunc
1282 1169 1409 1252 elapsas

155 1347 162 1356 .
255 1280 346 1344 olim
368 1279 528 1343 exstitisse
551 1279 743 1344 conieoimus
766 1281 786 1360 ἕ
811 1279 866 1361 13,
896 1280 1060 1360 κολαφίζω
1090 1277 1172 1343 Gud.
1195 1300 1228 1361 p.
1251 1279 1331 1362 333,
1354 1279 1407 1363 38,

269 1392 347 1469 μέλη
378 1387 456 1453 Zon.
485 1411 517 1471 p.
545 1389 642 1472 1347,
673 1389 830 1471 κρόταφοι
857 1387 910 1453 Et.
939 1387 983 1452 M.
1007 1411 1039 1472 p.
1063 1389 1146 1471 541,
1169 1388 1221 1452 23.
1266 1386 1352 1452 Nam
1373 1388 1410 1452 in

269 1500 383 1564 harum
404 1497 518 1562 ultima
540 1520 596 1562 cur
617 1498 749 1562 minime
771 1499 814 1562 sit
836 1499 886 1564 rel
908 1499 1009 1578 Ὠροε
1031 1497 1212 1564 eGudiano
1227 1521 1259 1582 p.
1278 1497 1351 1580 349,
1370 1497 1410 1561 18

269 1608 487 1692 recipiendum
508 1608 620 1672 velex
643 1607 822 1672 Havniensi
847 1609 982 1694 (Adnot.
1005 1632 1037 1693 p.
1062 1609 1138 1693 935)
1161 1608 1293 1688 Ὠρίων,
1322 1629 1410 1671 nunc

214 1772 226 1794 ,
270 1718 397 1783 demum
419 1740 457 1782 ex
480 1719 741 1803 argumentorum
755 1718 788 1782 vi
803 1718 941 1783 invicem
956 1741 1110 1784 nexorum
1131 1717 1270 1802 perspici
1291 1719 1408 1801 potest.

271 1828 362 1903 Quod
383 1829 411 1892 si
432 1849 523 1892 secus
545 1831 639 1911 esset,
663 1849 727 1894 uno
749 1828 889 1894 alterove
909 1830 979 1893 loco
995 1831 1083 1893 certo
1099 1831 1296 1912 compareret
1311 1827 1411 1920 Ὦρος

272 1939 466 2018 ὁΜιλήειο(
488 1938 656 2022 scriptura.
701 1937 785 2003 Illud
813 1941 920 2003 autem
948 1939 990 2003 ab
1017 1961 1080 2003 uno
1107 1959 1232 2023 quoque
1253 1941 1331 2021 puto
1352 1959 1411 2001 sua

159 2037 163 2046 ’
272 2049 386 2130 sponte
407 2046 570 2131 intellegi,
599 2068 666 2112 non
691 2047 760 2112 leve
787 2048 949 2113 iudicandi
975 2051 1172 2113 momentum
1193 2047 1229 2112 in
1251 2069 1288 2112 eo
1310 2046 1410 2128 cerni,

272 2156 355 2240 quod
378 2155 417 2220 ad
440 2156 581 2239 corporis
602 2155 735 2222 humani
756 2161 864 2242 partes
887 2157 1044 2244 singulae,
1068 2157 1237 2242 dequibus
1260 2157 1410 2238 diximus,

271 2287 364 2331 voces
386 2266 560 2349 pertinent.

794 2465 814 2544 ς
838 2462 888 2526 11.

282 2623 301 2649 ν
358 2597 539 2660 Attamen
566 2596 616 2660 rel
649 2597 695 2661 sic
727 2619 794 2662 non
826 2597 959 2682 exiguus
991 2599 1093 2660 restat
1120 2619 1234 2662 vocum
1261 2617 1413 2660 numerus

274 2707 386 2773 Orioni
409 2728 480 2770 cum
503 2706 568 2771 Oro
591 2708 820 2790 communium,
853 2706 888 2771 in
911 2707 1018 2791 eisque
1047 2707 1114 2772 eius
1136 2707 1222 2771 modi
1244 2706 1413 2791 quaedam,

274 2818 388 2902 quibus
409 2816 605 2900 luculenter,
623 2818 663 2881 ab
679 2817 743 2882 Oro
759 2817 958 2901 aliquantum
973 2817 1063 2882 illum
1085 2817 1259 2901 profecisse
1280 2817 1316 2880 in
1339 2837 1413 2880 con-

276 2925 437 2990 cinnando
452 2924 687 3010 Etymologico,
712 2927 944 3010 comprobetur.
976 2927 1015 2991 Iu
1030 2926 1138 3011 atym.
1163 2927 1207 2991 M.
1232 2950 1263 3010 p.
1281 2927 1354 3009 823,
1370 2927 1415 2990 40

275 3038 370 3120 (quae
392 3039 573 3120 propagata
595 3037 726 3100 suntin
749 3036 900 3100 Favorini
915 3035 985 3102 Mol.
1009 3060 1041 3121 p.
1065 3037 1140 3119 453,
1165 3038 1219 3122 16)
1242 3035 1414 3121 dupliciter

274 3145 437 3210 derivatur
459 3145 541 3227 ὠρεε
563 3147 763 3231 vocabulum,
787 3150 824 3210 ut
845 3149 901 3210 aut
923 3149 1028 3211 ortum
1050 3146 1093 3210 sit
1115 3168 1154 3212 ex
1174 3147 1286 3227 dopoc,
1308 3146 1414 3226 dapar,

276 3257 372 3337 ὄαρε(
394 3259 451 3319 aut
472 3277 511 3320 ex
533 3255 610 3339 ὄαρ,
635 3257 713 3337 ἄορ,
742 3260 774 3320 et
796 3257 876 3320 haec
898 3255 1026 3341 quidem
1047 3278 1123 3342 pars
1146 3257 1192 3321 sic
1215 3256 1412 3321 adnectitur:

275 3369 294 3432 ὁ
317 3369 353 3432 δὲ
374 3367 473 3447 'apoc
495 3367 590 3444 λέγει,
618 3366 667 3432 ὅτι
688 3367 775 3447 παρὰ
797 3368 835 3432 τὸ
857 3367 939 3446 ὁμοῦ
962 3368 1114 3448 ἀρηρέναι
1136 3367 1255 3444 γίνεται
1277 3367 1339 3445 ὄαρ
1362 3367 1413 3430 καὶ

276 3477 441 3556 crepereo
466 3475 528 3556 ἄορ
550 3478 600 3542 καὶ
622 3480 799 3563 ευναλοιφῇ
823 3476 878 3557 ὧρ.
908 3476 961 3539 Ab
984 3476 1102 3541 Orione
1125 3479 1233 3540 autem
1255 3499 1287 3561 p.
1306 3475 1412 3558 169,1

226 3604 257 3651 31
276 3587 521 3671 haudquaquam
553 3586 709 3671 posterior
736 3589 864 3651 tantum
897 3586 1052 3651 derivatio
1084 3589 1233 3671 suscepta
1261 3589 1325 3668 est,
1359 3584 1415 3650 sed

276 3696 452 3780 paullulum
476 3700 641 3761 contracta
664 3697 761 3762 etiarn
776 3697 872 3782 prior.
904 3696 954 3763 Ex
969 3719 1031 3782 quo
1045 3698 1183 3781 primum
1206 3685 1344 3762 efficitur
1359 3696 1415 3759 ab·

277 3807 407 3872 surdum
422 3828 500 3891 csse,
524 3807 578 3891 qui
593 3808 788 3873 Larcherum
802 3811 929 3874 secutus
943 3809 1042 3888 Ὦρος
1057 3829 1175 3872 nomen
1189 3810 1348 3872 mutatum
1363 3809 1417 3870 eat

276 3919 312 3982 in
334 3919 465 4000 Ὠρίωνε
493 3917 590 3982 etiam
607 3919 634 3983 si
650 3919 750 3984 Orum
770 3919 967 3984 Milesium
990 3921 1204 3983 contestatum
1228 3941 1294 3983 non
1318 3917 1417 3984 habe·

157 4035 161 4042 '
277 4050 382 4094 remus
404 4027 548 4093 Zonaras
570 4029 740 4114 diligentia
761 4053 793 4114 p.
815 4029 913 4113 1891;
936 4029 1060 4113 deinde,
1085 4030 1224 4094 alteram
1240 4029 1418 4093 notationis

278 4143 403 4223 partem
433 4161 500 4204 non
533 4139 587 4204 alii
620 4162 712 4224 possa
743 4141 807 4205 nisi
841 4141 905 4206 Oro
938 4139 1051 4205 debere
1084 4139 1245 4205 Orionem.
1291 4139 1419 4204 Pariter

279 4273 310 4333 p.
337 4251 414 4334 159,
438 4251 456 4315 7
486 4250 563 4315 Orio
591 4251 669 4315 duas
698 4251 803 4316 iunxit
829 4252 955 4335 φθόνος
983 4251 1128 4316 vocabuli
1155 4250 1339 4315 notationes
1367 4251 1420 4334 (ut

280 4381 366 4424 nunc
398 4381 469 4424 cum
497 4361 541 4425 M.
565 4359 669 4426 Tullio
690 4361 832 4447 loquar),
867 4383 1001 4446 quarum
1034 4363 1167 4426 alteram
1200 4363 1327 4426 tautum
1359 4358 1419 4427 Ori
