<?xml version="1.0" encoding="UTF-8"?>
<!DOCTYPE html PUBLIC "-//W3C//DTD XHTML 1.0 Transitional//EN"
    "http://www.w3.org/TR/xhtml1/DTD/xhtml1-transitional.dtd">
<html xmlns="http://www.w3.org/1999/xhtml" xml:lang="en" lang="en">
 <head>
  <title>
</title>
<meta http-equiv="Content-Type" content="text/html;charset=utf-8" />
  <meta name='ocr-system' content='tesseract 3.04.00' />
  <meta name='ocr-capabilities' content='ocr_page ocr_carea ocr_par ocr_line ocrx_word'/>
</head>
<body>
  <div class='ocr_page' id='page_1' title='image "./fridericiritsch11wachgoog_0690.png"; bbox 0 0 3218 5094; ppageno 0'>
   <div class='ocr_carea' id='block_1_1' title="bbox 594 359 1347 424">
    <p class='ocr_par' dir='ltr' id='par_1_1' title="bbox 594 359 1347 424">
     <span class='ocr_line' id='line_1_1' title="bbox 594 359 1347 424; baseline 0.003 -2"><span class='ocrx_word' id='word_1_1' title='bbox 594 377 641 423; x_wconf 84' lang='lat' dir='ltr'>nn</span> <span class='ocrx_word' id='word_1_2' title='bbox 664 377 734 424; x_wconf 82' lang='lat' dir='ltr'>oso</span> <span class='ocrx_word' id='word_1_3' title='bbox 757 376 802 423; x_wconf 81' lang='lat' dir='ltr'>ur</span> <span class='ocrx_word' id='word_1_4' title='bbox 825 376 966 424; x_wconf 83' lang='lat' dir='ltr'>osroun.</span> <span class='ocrx_word' id='word_1_5' title='bbox 1285 359 1347 424; x_wconf 80' lang='grc'>667</span> 
     </span>
    </p>
   </div>
   <div class='ocr_carea' id='block_1_2' title="bbox 206 527 1348 1275">
    <p class='ocr_par' dir='ltr' id='par_1_2' title="bbox 206 527 1348 1275">
     <span class='ocr_line' id='line_1_2' title="bbox 295 527 1346 616; baseline -0.004 -20"><span class='ocrx_word' id='word_1_6' title='bbox 295 535 443 616; x_wconf 86' lang='lat' dir='ltr'>spexerat</span> <span class='ocrx_word' id='word_1_7' title='bbox 464 529 697 595; x_wconf 79' lang='lat' dir='ltr'>Valckenarius</span> <span class='ocrx_word' id='word_1_8' title='bbox 726 528 894 592; x_wconf 82' lang='lat' dir='ltr'>Distribae</span> <span class='ocrx_word' id='word_1_9' title='bbox 921 551 953 611; x_wconf 88' lang='lat' dir='ltr'>p.</span> <span class='ocrx_word' id='word_1_10' title='bbox 977 529 1050 593; x_wconf 82' lang='lat'>291.</span> <span class='ocrx_word' id='word_1_11' title='bbox 1095 527 1186 602; x_wconf 81' lang='lat' dir='ltr'>Quod</span> <span class='ocrx_word' id='word_1_12' title='bbox 1209 550 1279 594; x_wconf 89' lang='lat' dir='ltr'>oum</span> <span class='ocrx_word' id='word_1_13' title='bbox 1302 529 1346 592; x_wconf 87' lang='lat' dir='ltr'>M.</span> 
     </span>
     <span class='ocr_line' id='line_1_3' title="bbox 293 639 1347 724; baseline -0.004 -16"><span class='ocrx_word' id='word_1_14' title='bbox 293 641 488 708; x_wconf 80' lang='lat' dir='ltr'>Schmidtius</span> <span class='ocrx_word' id='word_1_15' title='bbox 511 639 671 724; x_wconf 86' lang='lat' dir='ltr'>Philologi</span> <span class='ocrx_word' id='word_1_16' title='bbox 693 639 741 702; x_wconf 92' lang='lat' dir='ltr'>IV</span> <span class='ocrx_word' id='word_1_17' title='bbox 768 662 799 723; x_wconf 88' lang='lat' dir='ltr'>p.</span> <span class='ocrx_word' id='word_1_18' title='bbox 824 639 885 704; x_wconf 81' lang='lat'>628</span> <span class='ocrx_word' id='word_1_19' title='bbox 917 640 1100 722; x_wconf 86' lang='lat' dir='ltr'>corruptum</span> <span class='ocrx_word' id='word_1_20' title='bbox 1123 660 1190 702; x_wconf 89' lang='lat' dir='ltr'>esse</span> <span class='ocrx_word' id='word_1_21' title='bbox 1212 660 1229 702; x_wconf 88' lang='lat' dir='ltr'>e</span> <span class='ocrx_word' id='word_1_22' title='bbox 1252 642 1347 704; x_wconf 88' lang='grc' dir='ltr'>Διευ-</span> 
     </span>
     <span class='ocr_line' id='line_1_4' title="bbox 295 748 1348 833; baseline -0.004 -17"><span class='ocrx_word' id='word_1_23' title='bbox 295 753 384 832; x_wconf 70' lang='grc' dir='ltr'>χίδας</span> <span class='ocrx_word' id='word_1_24' title='bbox 411 754 477 815; x_wconf 89' lang='lat' dir='ltr'>stat</span> <span class='ocrx_word' id='word_1_25' title='bbox 501 752 540 833; x_wconf 77' lang='lat' dir='ltr'>t,</span> <span class='ocrx_word' id='word_1_26' title='bbox 581 749 783 814; x_wconf 86' lang='lat' dir='ltr'>artificiosius</span> <span class='ocrx_word' id='word_1_27' title='bbox 811 771 905 832; x_wconf 87' lang='lat' dir='ltr'>quarn</span> <span class='ocrx_word' id='word_1_28' title='bbox 937 748 1134 832; x_wconf 83' lang='lat' dir='ltr'>probabilius</span> <span class='ocrx_word' id='word_1_29' title='bbox 1161 748 1348 814; x_wconf 85' lang='lat' dir='ltr'>ratiocinari</span> 
     </span>
     <span class='ocr_line' id='line_1_5' title="bbox 291 858 1345 944; baseline -0.003 -20"><span class='ocrx_word' id='word_1_30' title='bbox 291 861 425 925; x_wconf 87' lang='lat' dir='ltr'>videtur.</span> <span class='ocrx_word' id='word_1_31' title='bbox 476 860 567 924; x_wconf 91' lang='lat' dir='ltr'>Nihil</span> <span class='ocrx_word' id='word_1_32' title='bbox 593 860 732 944; x_wconf 80' lang='lat' dir='ltr'>profecit</span> <span class='ocrx_word' id='word_1_33' title='bbox 756 858 940 923; x_wconf 86' lang='lat' dir='ltr'>adnotando</span> <span class='ocrx_word' id='word_1_34' title='bbox 966 858 1141 923; x_wconf 86' lang='lat' dir='ltr'>Friebelius</span> <span class='ocrx_word' id='word_1_35' title='bbox 1168 859 1202 922; x_wconf 92' lang='lat' dir='ltr'>in</span> <span class='ocrx_word' id='word_1_36' title='bbox 1233 858 1345 923; x_wconf 86' lang='lat' dir='ltr'>Graec.</span> 
     </span>
     <span class='ocr_line' id='line_1_6' title="bbox 292 967 1251 1056; baseline -0.003 -21"><span class='ocrx_word' id='word_1_37' title='bbox 292 970 516 1056; x_wconf 77' lang='lat' dir='ltr'>satyrograph.</span> <span class='ocrx_word' id='word_1_38' title='bbox 540 970 657 1055; x_wconf 86' lang='lat' dir='ltr'>fragm.</span> <span class='ocrx_word' id='word_1_39' title='bbox 682 970 746 1056; x_wconf 86' lang='lat' dir='ltr'>(cd.</span> <span class='ocrx_word' id='word_1_40' title='bbox 771 968 914 1034; x_wconf 89' lang='lat' dir='ltr'>Berolini</span> <span class='ocrx_word' id='word_1_41' title='bbox 936 991 965 1034; x_wconf 91' lang='lat' dir='ltr'>a.</span> <span class='ocrx_word' id='word_1_42' title='bbox 992 969 1086 1053; x_wconf 74' lang='lat'>1837)</span> <span class='ocrx_word' id='word_1_43' title='bbox 1108 991 1140 1052; x_wconf 90' lang='lat' dir='ltr'>p.</span> <span class='ocrx_word' id='word_1_44' title='bbox 1168 967 1251 1056; x_wconf 66' lang='lat'>102]</span> 
     </span>
     <span class='ocr_line' id='line_1_7' title="bbox 206 1077 1346 1162; baseline -0.005 -16"><span class='ocrx_word' id='word_1_45' title='bbox 206 1083 482 1161; x_wconf 86' lang='grc' dir='ltr'>Ὑπομνήματα</span> <span class='ocrx_word' id='word_1_46' title='bbox 524 1082 704 1161; x_wconf 78' lang='grc' dir='ltr'>Ὁμήρουε</span> <span class='ocrx_word' id='word_1_47' title='bbox 755 1079 827 1144; x_wconf 83' lang='lat' dir='ltr'>vide</span> <span class='ocrx_word' id='word_1_48' title='bbox 863 1077 1104 1162; x_wconf 81' lang='lat' dir='ltr'>Alexander,</span> <span class='ocrx_word' id='word_1_49' title='bbox 1149 1077 1346 1162; x_wconf 84' lang='lat' dir='ltr'>Didymus,</span> 
     </span>
     <span class='ocr_line' id='line_1_8' title="bbox 291 1188 1233 1275; baseline -0.004 -21"><span class='ocrx_word' id='word_1_50' title='bbox 291 1189 607 1275; x_wconf 83' lang='lat' dir='ltr'>Epaphroditus,</span> <span class='ocrx_word' id='word_1_51' title='bbox 630 1188 841 1271; x_wconf 88' lang='lat' dir='ltr'>Heracle0‚</span> <span class='ocrx_word' id='word_1_52' title='bbox 865 1188 967 1253; x_wconf 88' lang='lat' dir='ltr'>Pius.</span> <span class='ocrx_word' id='word_1_53' title='bbox 1013 1188 1061 1254; x_wconf 82' lang='lat' dir='ltr'>Of.</span> <span class='ocrx_word' id='word_1_54' title='bbox 1086 1191 1106 1269; x_wconf 65' lang='grc' dir='ltr'>ξ</span> <span class='ocrx_word' id='word_1_55' title='bbox 1129 1189 1180 1266; x_wconf 77' lang='grc'>25,</span> <span class='ocrx_word' id='word_1_56' title='bbox 1203 1189 1233 1251; x_wconf 83' lang='grc'>2.</span> 
     </span>
    </p>
   </div>
   <div class='ocr_carea' id='block_1_3' title="bbox 361 1775 1110 1876">
    <p class='ocr_par' dir='ltr' id='par_1_3' title="bbox 361 1775 1110 1876">
     <span class='ocr_line' id='line_1_9' title="bbox 361 1775 1110 1876; baseline -0.004 -25"><span class='ocrx_word' id='word_1_57' title='bbox 361 1835 365 1842; x_wconf 92' lang='grc'><em>.</em></span> <span class='ocrx_word' id='word_1_58' title='bbox 449 1775 751 1876; x_wconf 85' lang='lat' dir='ltr'>Epimetrum</span> <span class='ocrx_word' id='word_1_59' title='bbox 778 1775 836 1849; x_wconf 90' lang='lat' dir='ltr'>ad</span> <span class='ocrx_word' id='word_1_60' title='bbox 857 1803 894 1874; x_wconf 91' lang='lat' dir='ltr'>p.</span> <span class='ocrx_word' id='word_1_61' title='bbox 919 1779 967 1849; x_wconf 85' lang='lat'>20</span> <span class='ocrx_word' id='word_1_62' title='bbox 998 1777 1110 1869; x_wconf 62' lang='lat' dir='ltr'>[cort</span> 
     </span>
    </p>
   </div>
   <div class='ocr_carea' id='block_1_4' title="bbox 206 1957 1397 3364">
    <p class='ocr_par' dir='ltr' id='par_1_4' title="bbox 206 1957 1397 3364">
     <span class='ocr_line' id='line_1_10' title="bbox 290 1957 1397 2046; baseline -0.005 -22"><span class='ocrx_word' id='word_1_63' title='bbox 290 1961 339 2025; x_wconf 90' lang='lat' dir='ltr'>De</span> <span class='ocrx_word' id='word_1_64' title='bbox 362 1961 532 2026; x_wconf 84' lang='lat' dir='ltr'>Eudemo</span> <span class='ocrx_word' id='word_1_65' title='bbox 558 1983 638 2046; x_wconf 89' lang='lat' dir='ltr'>quae</span> <span class='ocrx_word' id='word_1_66' title='bbox 662 1960 902 2045; x_wconf 85' lang='lat' dir='ltr'>Prolegomenis</span> <span class='ocrx_word' id='word_1_67' title='bbox 924 1960 958 2023; x_wconf 89' lang='lat' dir='ltr'>in</span> <span class='ocrx_word' id='word_1_68' title='bbox 978 1959 1135 2023; x_wconf 86' lang='lat' dir='ltr'>Thomam</span> <span class='ocrx_word' id='word_1_69' title='bbox 1155 1957 1347 2043; x_wconf 81' lang='lat' dir='ltr'>Magistrum</span> <span class='ocrx_word' id='word_1_70' title='bbox 1365 1969 1397 2018; x_wconf 79' lang='grc'>78</span> 
     </span>
     <span class='ocr_line' id='line_1_11' title="bbox 207 2067 1347 2158; baseline -0.004 -22"><span class='ocrx_word' id='word_1_71' title='bbox 207 2093 238 2156; x_wconf 91' lang='lat' dir='ltr'>p.</span> <span class='ocrx_word' id='word_1_72' title='bbox 268 2071 437 2136; x_wconf 85' lang='lat' dir='ltr'>LXXVIII</span> <span class='ocrx_word' id='word_1_73' title='bbox 465 2093 512 2156; x_wconf 87' lang='lat' dir='ltr'>sq.</span> <span class='ocrx_word' id='word_1_74' title='bbox 546 2071 698 2135; x_wconf 87' lang='lat' dir='ltr'>incohata</span> <span class='ocrx_word' id='word_1_75' title='bbox 727 2072 832 2158; x_wconf 83' lang='lat' dir='ltr'>magis</span> <span class='ocrx_word' id='word_1_76' title='bbox 860 2073 936 2134; x_wconf 89' lang='lat' dir='ltr'>sunt</span> <span class='ocrx_word' id='word_1_77' title='bbox 963 2091 1059 2154; x_wconf 88' lang='lat' dir='ltr'>quam</span> <span class='ocrx_word' id='word_1_78' title='bbox 1087 2071 1233 2153; x_wconf 74' lang='lat' dir='ltr'>pertenta</span> <span class='ocrx_word' id='word_1_79' title='bbox 1245 2067 1347 2152; x_wconf 87' lang='lat' dir='ltr'>‚·hoc</span> 
     </span>
     <span class='ocr_line' id='line_1_12' title="bbox 206 2179 1347 2266; baseline -0.001 -23"><span class='ocrx_word' id='word_1_80' title='bbox 206 2181 276 2246; x_wconf 93' lang='lat' dir='ltr'>loco</span> <span class='ocrx_word' id='word_1_81' title='bbox 297 2181 394 2246; x_wconf 89' lang='lat' dir='ltr'>liceat</span> <span class='ocrx_word' id='word_1_82' title='bbox 416 2182 522 2266; x_wconf 87' lang='lat' dir='ltr'>aliqua</span> <span class='ocrx_word' id='word_1_83' title='bbox 545 2203 583 2246; x_wconf 84' lang='lat' dir='ltr'>ex</span> <span class='ocrx_word' id='word_1_84' title='bbox 605 2184 698 2265; x_wconf 87' lang='lat' dir='ltr'>parte</span> <span class='ocrx_word' id='word_1_85' title='bbox 720 2180 917 2265; x_wconf 84' lang='lat' dir='ltr'>supplere.*)</span> <span class='ocrx_word' id='word_1_86' title='bbox 959 2179 1045 2244; x_wconf 89' lang='lat' dir='ltr'>Nam</span> <span class='ocrx_word' id='word_1_87' title='bbox 1072 2180 1163 2264; x_wconf 88' lang='lat' dir='ltr'>quasi</span> <span class='ocrx_word' id='word_1_88' title='bbox 1187 2201 1257 2244; x_wconf 90' lang='lat' dir='ltr'>cum</span> <span class='ocrx_word' id='word_1_89' title='bbox 1280 2179 1347 2262; x_wconf 90' lang='lat' dir='ltr'>pul-</span> 
     </span>
     <span class='ocr_line' id='line_1_13' title="bbox 206 2289 1347 2375; baseline -0.002 -21"><span class='ocrx_word' id='word_1_90' title='bbox 206 2292 326 2355; x_wconf 84' lang='lat' dir='ltr'>visculo</span> <span class='ocrx_word' id='word_1_91' title='bbox 360 2291 520 2356; x_wconf 82' lang='lat' dir='ltr'>exhauriri</span> <span class='ocrx_word' id='word_1_92' title='bbox 551 2292 608 2355; x_wconf 87' lang='lat' dir='ltr'>illa</span> <span class='ocrx_word' id='word_1_93' title='bbox 641 2289 785 2375; x_wconf 87' lang='lat' dir='ltr'>quaestio</span> <span class='ocrx_word' id='word_1_94' title='bbox 811 2312 877 2354; x_wconf 88' lang='lat' dir='ltr'>non</span> <span class='ocrx_word' id='word_1_95' title='bbox 908 2290 1028 2374; x_wconf 88' lang='lat' dir='ltr'>poterit</span> <span class='ocrx_word' id='word_1_96' title='bbox 1055 2293 1131 2353; x_wconf 86' lang='lat' dir='ltr'>ante</span> <span class='ocrx_word' id='word_1_97' title='bbox 1157 2289 1277 2352; x_wconf 90' lang='lat' dir='ltr'>editum</span> <span class='ocrx_word' id='word_1_98' title='bbox 1306 2289 1347 2352; x_wconf 90' lang='lat' dir='ltr'>ab</span> 
     </span>
     <span class='ocr_line' id='line_1_14' title="bbox 208 2399 1344 2484; baseline -0.002 -20"><span class='ocrx_word' id='word_1_99' title='bbox 208 2403 339 2464; x_wconf 85' lang='lat' dir='ltr'>Osauno</span> <span class='ocrx_word' id='word_1_100' title='bbox 370 2401 547 2466; x_wconf 82' lang='lat' dir='ltr'>Eudemum</span> <span class='ocrx_word' id='word_1_101' title='bbox 580 2401 777 2483; x_wconf 87' lang='lat' dir='ltr'>Parisinum‚</span> <span class='ocrx_word' id='word_1_102' title='bbox 817 2421 911 2484; x_wconf 90' lang='lat' dir='ltr'>quem</span> <span class='ocrx_word' id='word_1_103' title='bbox 942 2401 1008 2464; x_wconf 87' lang='lat' dir='ltr'>iam</span> <span class='ocrx_word' id='word_1_104' title='bbox 1041 2399 1117 2464; x_wconf 88' lang='lat' dir='ltr'>licet</span> <span class='ocrx_word' id='word_1_105' title='bbox 1150 2401 1344 2482; x_wconf 85' lang='lat' dir='ltr'>exspectare.</span> 
     </span>
     <span class='ocr_line' id='line_1_15' title="bbox 207 2507 1347 2596; baseline 0 -24"><span class='ocrx_word' id='word_1_106' title='bbox 207 2511 257 2574; x_wconf 86' lang='lat' dir='ltr'>Ac</span> <span class='ocrx_word' id='word_1_107' title='bbox 279 2509 433 2594; x_wconf 89' lang='lat' dir='ltr'>primum,</span> <span class='ocrx_word' id='word_1_108' title='bbox 462 2513 516 2596; x_wconf 90' lang='lat' dir='ltr'>qui</span> <span class='ocrx_word' id='word_1_109' title='bbox 538 2511 604 2576; x_wconf 87' lang='lat' dir='ltr'>illic</span> <span class='ocrx_word' id='word_1_110' title='bbox 626 2509 782 2595; x_wconf 75' lang='lat' dir='ltr'>patefacti</span> <span class='ocrx_word' id='word_1_111' title='bbox 812 2512 886 2574; x_wconf 87' lang='lat' dir='ltr'>sunt</span> <span class='ocrx_word' id='word_1_112' title='bbox 913 2509 1054 2593; x_wconf 91' lang='lat' dir='ltr'>duplices</span> <span class='ocrx_word' id='word_1_113' title='bbox 1083 2507 1212 2592; x_wconf 87' lang='lat' dir='ltr'>quidam</span> <span class='ocrx_word' id='word_1_114' title='bbox 1233 2529 1347 2572; x_wconf 89' lang='lat' dir='ltr'>vocum</span> 
     </span>
     <span class='ocr_line' id='line_1_16' title="bbox 207 2617 1348 2704; baseline 0.001 -23"><span class='ocrx_word' id='word_1_115' title='bbox 207 2620 334 2684; x_wconf 86' lang='lat' dir='ltr'>ordines</span> <span class='ocrx_word' id='word_1_116' title='bbox 358 2621 550 2701; x_wconf 73' lang='grc' dir='ltr'>(υναγωγῆε</span> <span class='ocrx_word' id='word_1_117' title='bbox 565 2621 780 2704; x_wconf 76' lang='lat' dir='ltr'>Seguerianae</span> <span class='ocrx_word' id='word_1_118' title='bbox 797 2619 831 2684; x_wconf 89' lang='lat' dir='ltr'>in</span> <span class='ocrx_word' id='word_1_119' title='bbox 854 2620 936 2700; x_wconf 83' lang='grc' dir='ltr'>ἀβ-</span> <span class='ocrx_word' id='word_1_120' title='bbox 953 2620 1036 2697; x_wconf 86' lang='grc' dir='ltr'>ἀγ-</span> <span class='ocrx_word' id='word_1_121' title='bbox 1058 2619 1136 2684; x_wconf 83' lang='lat' dir='ltr'>db-</span> <span class='ocrx_word' id='word_1_122' title='bbox 1163 2617 1244 2683; x_wconf 81' lang='grc' dir='ltr'>ἀε-</span> <span class='ocrx_word' id='word_1_123' title='bbox 1265 2619 1348 2683; x_wconf 76' lang='grc' dir='ltr'>ἀκ-</span> 
     </span>
     <span class='ocr_line' id='line_1_17' title="bbox 207 2728 1347 2814; baseline -0.002 -22"><span class='ocrx_word' id='word_1_124' title='bbox 207 2729 338 2814; x_wconf 77' lang='lat' dir='ltr'>fitteris,</span> <span class='ocrx_word' id='word_1_125' title='bbox 374 2729 476 2794; x_wconf 88' lang='lat' dir='ltr'>eidem</span> <span class='ocrx_word' id='word_1_126' title='bbox 502 2731 537 2794; x_wconf 92' lang='lat' dir='ltr'>in</span> <span class='ocrx_word' id='word_1_127' title='bbox 560 2732 642 2796; x_wconf 40' lang='lat' dir='ltr'>db*</span> <span class='ocrx_word' id='word_1_128' title='bbox 664 2730 788 2794; x_wconf 86' lang='lat' dir='ltr'>litteras</span> <span class='ocrx_word' id='word_1_129' title='bbox 811 2751 934 2814; x_wconf 91' lang='lat' dir='ltr'>quoque</span> <span class='ocrx_word' id='word_1_130' title='bbox 962 2731 1009 2794; x_wconf 85' lang='lat' dir='ltr'>ita</span> <span class='ocrx_word' id='word_1_131' title='bbox 1032 2731 1117 2793; x_wconf 87' lang='lat' dir='ltr'>certe</span> <span class='ocrx_word' id='word_1_132' title='bbox 1141 2728 1276 2810; x_wconf 88' lang='lat' dir='ltr'>cadunt,</span> <span class='ocrx_word' id='word_1_133' title='bbox 1311 2731 1347 2791; x_wconf 88' lang='lat' dir='ltr'>ut</span> 
     </span>
     <span class='ocr_line' id='line_1_18' title="bbox 207 2839 1346 2924; baseline -0.003 -20"><span class='ocrx_word' id='word_1_134' title='bbox 207 2861 244 2904; x_wconf 86' lang='lat' dir='ltr'>ea</span> <span class='ocrx_word' id='word_1_135' title='bbox 267 2862 339 2904; x_wconf 87' lang='lat' dir='ltr'>eum</span> <span class='ocrx_word' id='word_1_136' title='bbox 361 2839 536 2924; x_wconf 87' lang='lat' dir='ltr'>recipiendi</span> <span class='ocrx_word' id='word_1_137' title='bbox 558 2841 765 2906; x_wconf 88' lang='lat' dir='ltr'>omittendive</span> <span class='ocrx_word' id='word_1_138' title='bbox 781 2844 849 2903; x_wconf 91' lang='lat' dir='ltr'>tum</span> <span class='ocrx_word' id='word_1_139' title='bbox 871 2844 1000 2924; x_wconf 87' lang='lat' dir='ltr'>recepta</span> <span class='ocrx_word' id='word_1_140' title='bbox 1016 2839 1226 2922; x_wconf 78' lang='lat' dir='ltr'>componendi</span> <span class='ocrx_word' id='word_1_141' title='bbox 1249 2839 1346 2902; x_wconf 90' lang='lat' dir='ltr'>licen·</span> 
     </span>
     <span class='ocr_line' id='line_1_19' title="bbox 206 2948 1346 3035; baseline -0.001 -22"><span class='ocrx_word' id='word_1_142' title='bbox 206 2950 253 3014; x_wconf 88' lang='lat' dir='ltr'>tia</span> <span class='ocrx_word' id='word_1_143' title='bbox 268 2954 400 3034; x_wconf 83' lang='lat' dir='ltr'>vacent,</span> <span class='ocrx_word' id='word_1_144' title='bbox 417 2972 513 3034; x_wconf 87' lang='lat' dir='ltr'>quam</span> <span class='ocrx_word' id='word_1_145' title='bbox 531 2951 565 3014; x_wconf 91' lang='lat' dir='ltr'>in</span> <span class='ocrx_word' id='word_1_146' title='bbox 584 2951 811 3034; x_wconf 82' lang='lat' dir='ltr'>posterioribus</span> <span class='ocrx_word' id='word_1_147' title='bbox 826 2949 1022 3014; x_wconf 89' lang='lat' dir='ltr'>notavimus:</span> <span class='ocrx_word' id='word_1_148' title='bbox 1039 2951 1139 3035; x_wconf 87' lang='lat' dir='ltr'>(velut</span> <span class='ocrx_word' id='word_1_149' title='bbox 1154 2950 1189 3013; x_wconf 90' lang='lat' dir='ltr'>in</span> <span class='ocrx_word' id='word_1_150' title='bbox 1204 2949 1254 3012; x_wconf 89' lang='lat' dir='ltr'>his</span> <span class='ocrx_word' id='word_1_151' title='bbox 1266 2948 1346 3012; x_wconf 86' lang='lat' dir='ltr'>desi-</span> 
     </span>
     <span class='ocr_line' id='line_1_20' title="bbox 207 3058 1346 3145; baseline -0.001 -22"><span class='ocrx_word' id='word_1_152' title='bbox 207 3059 335 3124; x_wconf 88' lang='lat' dir='ltr'>deratur</span> <span class='ocrx_word' id='word_1_153' title='bbox 358 3061 526 3128; x_wconf 68' lang='grc' dir='ltr'>ἀνατείνας</span> <span class='ocrx_word' id='word_1_154' title='bbox 548 3061 666 3145; x_wconf 78' lang='lat' dir='ltr'>glossa,</span> <span class='ocrx_word' id='word_1_155' title='bbox 691 3061 732 3124; x_wconf 91' lang='lat' dir='ltr'>ab</span> <span class='ocrx_word' id='word_1_156' title='bbox 759 3059 952 3124; x_wconf 87' lang='lat' dir='ltr'>Ruhnkenio</span> <span class='ocrx_word' id='word_1_157' title='bbox 973 3060 1099 3142; x_wconf 86' lang='lat' dir='ltr'>prolata</span> <span class='ocrx_word' id='word_1_158' title='bbox 1118 3059 1158 3122; x_wconf 88' lang='lat' dir='ltr'>ad</span> <span class='ocrx_word' id='word_1_159' title='bbox 1180 3058 1346 3122; x_wconf 85' lang='lat' dir='ltr'>Timaeum</span> 
     </span>
     <span class='ocr_line' id='line_1_21' title="bbox 207 3167 1346 3254; baseline -0.002 -20"><span class='ocrx_word' id='word_1_160' title='bbox 207 3191 238 3252; x_wconf 91' lang='lat' dir='ltr'>p.</span> <span class='ocrx_word' id='word_1_161' title='bbox 256 3172 307 3252; x_wconf 84' lang='lat'>31,</span> <span class='ocrx_word' id='word_1_162' title='bbox 331 3193 397 3234; x_wconf 88' lang='lat' dir='ltr'>non</span> <span class='ocrx_word' id='word_1_163' title='bbox 412 3170 611 3234; x_wconf 85' lang='lat' dir='ltr'>desideratur</span> <span class='ocrx_word' id='word_1_164' title='bbox 632 3191 706 3253; x_wconf 88' lang='lat' dir='ltr'>pars</span> <span class='ocrx_word' id='word_1_165' title='bbox 731 3191 849 3252; x_wconf 83' lang='lat' dir='ltr'>eorum,</span> <span class='ocrx_word' id='word_1_166' title='bbox 873 3190 953 3254; x_wconf 88' lang='lat' dir='ltr'>quae</span> <span class='ocrx_word' id='word_1_167' title='bbox 969 3191 986 3232; x_wconf 92' lang='lat' dir='ltr'>e</span> <span class='ocrx_word' id='word_1_168' title='bbox 1000 3167 1243 3234; x_wconf 88' lang='lat' dir='ltr'>Vindobonensi</span> <span class='ocrx_word' id='word_1_169' title='bbox 1265 3169 1346 3232; x_wconf 89' lang='lat' dir='ltr'>libro</span> 
     </span>
     <span class='ocr_line' id='line_1_22' title="bbox 208 3278 1346 3364; baseline 0 -22"><span class='ocrx_word' id='word_1_170' title='bbox 208 3283 357 3362; x_wconf 87' lang='lat' dir='ltr'>excerpta</span> <span class='ocrx_word' id='word_1_171' title='bbox 379 3280 541 3364; x_wconf 86' lang='lat' dir='ltr'>posuimus</span> <span class='ocrx_word' id='word_1_172' title='bbox 563 3303 594 3364; x_wconf 91' lang='lat' dir='ltr'>p.</span> <span class='ocrx_word' id='word_1_173' title='bbox 620 3279 751 3346; x_wconf 83' lang='lat' dir='ltr'>CXLIV</span> <span class='ocrx_word' id='word_1_174' title='bbox 766 3280 840 3364; x_wconf 83' lang='lat' dir='ltr'>sq).</span> <span class='ocrx_word' id='word_1_175' title='bbox 885 3278 1083 3362; x_wconf 84' lang='lat' dir='ltr'>Quamquam</span> <span class='ocrx_word' id='word_1_176' title='bbox 1105 3301 1146 3342; x_wconf 87' lang='lat' dir='ltr'>ne</span> <span class='ocrx_word' id='word_1_177' title='bbox 1170 3300 1207 3342; x_wconf 86' lang='lat' dir='ltr'>ex</span> <span class='ocrx_word' id='word_1_178' title='bbox 1231 3278 1275 3342; x_wconf 90' lang='lat' dir='ltr'>eis</span> <span class='ocrx_word' id='word_1_179' title='bbox 1298 3300 1346 3342; x_wconf 90' lang='lat' dir='ltr'>ar-</span> 
     </span>
    </p>
   </div>
   <div class='ocr_carea' id='block_1_5' title="bbox 206 3571 1347 4478">
    <p class='ocr_par' dir='ltr' id='par_1_5' title="bbox 206 3571 1347 4478">
     <span class='ocr_line' id='line_1_23' title="bbox 274 3571 1346 3644; baseline -0.001 -16"><span class='ocrx_word' id='word_1_180' title='bbox 274 3575 299 3642; x_wconf 86' lang='lat'>*)</span> <span class='ocrx_word' id='word_1_181' title='bbox 331 3575 468 3644; x_wconf 85' lang='lat' dir='ltr'>[Pluribus</span> <span class='ocrx_word' id='word_1_182' title='bbox 497 3576 531 3628; x_wconf 89' lang='lat' dir='ltr'>de</span> <span class='ocrx_word' id='word_1_183' title='bbox 561 3575 707 3629; x_wconf 83' lang='lat' dir='ltr'>Eudemo</span> <span class='ocrx_word' id='word_1_184' title='bbox 734 3577 799 3644; x_wconf 86' lang='lat' dir='ltr'>post</span> <span class='ocrx_word' id='word_1_185' title='bbox 824 3591 875 3629; x_wconf 86' lang='lat' dir='ltr'>uos</span> <span class='ocrx_word' id='word_1_186' title='bbox 902 3572 1083 3629; x_wconf 87' lang='lat' dir='ltr'>commentati</span> <span class='ocrx_word' id='word_1_187' title='bbox 1112 3575 1177 3627; x_wconf 90' lang='lat' dir='ltr'>sunt</span> <span class='ocrx_word' id='word_1_188' title='bbox 1201 3571 1346 3627; x_wconf 86' lang='lat' dir='ltr'>Eduardus</span> 
     </span>
     <span class='ocr_line' id='line_1_24' title="bbox 206 3667 1346 3738; baseline -0.001 -18"><span class='ocrx_word' id='word_1_189' title='bbox 206 3667 354 3722; x_wconf 86' lang='lat' dir='ltr'>Meierus</span> <span class='ocrx_word' id='word_1_190' title='bbox 377 3669 472 3722; x_wconf 88' lang='lat' dir='ltr'>noster</span> <span class='ocrx_word' id='word_1_191' title='bbox 495 3668 695 3738; x_wconf 88' lang='lat' dir='ltr'>Opusculorum</span> <span class='ocrx_word' id='word_1_192' title='bbox 718 3667 796 3722; x_wconf 85' lang='lat' dir='ltr'>acad.</span> <span class='ocrx_word' id='word_1_193' title='bbox 815 3667 841 3721; x_wconf 87' lang='grc' dir='ltr'>ΙΙ</span> <span class='ocrx_word' id='word_1_194' title='bbox 862 3685 889 3736; x_wconf 89' lang='lat' dir='ltr'>p.</span> <span class='ocrx_word' id='word_1_195' title='bbox 910 3673 958 3722; x_wconf 78' lang='lat'>147</span> <span class='ocrx_word' id='word_1_196' title='bbox 977 3685 1028 3735; x_wconf 78' lang='lat' dir='ltr'>sq,</span> <span class='ocrx_word' id='word_1_197' title='bbox 1052 3667 1085 3722; x_wconf 83' lang='lat' dir='ltr'>G.</span> <span class='ocrx_word' id='word_1_198' title='bbox 1104 3667 1346 3735; x_wconf 83' lang='lat' dir='ltr'>Bernhardyua</span> 
     </span>
     <span class='ocr_line' id='line_1_25' title="bbox 207 3759 1347 3830; baseline 0.001 -17"><span class='ocrx_word' id='word_1_199' title='bbox 207 3759 312 3814; x_wconf 82' lang='lat' dir='ltr'>Comm.</span> <span class='ocrx_word' id='word_1_200' title='bbox 341 3760 375 3814; x_wconf 89' lang='lat' dir='ltr'>de</span> <span class='ocrx_word' id='word_1_201' title='bbox 401 3760 501 3815; x_wconf 85' lang='lat' dir='ltr'>Suidae</span> <span class='ocrx_word' id='word_1_202' title='bbox 523 3761 612 3816; x_wconf 87' lang='lat' dir='ltr'>lexico</span> <span class='ocrx_word' id='word_1_203' title='bbox 641 3777 700 3830; x_wconf 86' lang='lat' dir='ltr'>cap.</span> <span class='ocrx_word' id='word_1_204' title='bbox 727 3761 752 3814; x_wconf 93' lang='lat' dir='ltr'>II</span> <span class='ocrx_word' id='word_1_205' title='bbox 777 3779 804 3830; x_wconf 88' lang='lat' dir='ltr'>p.</span> <span class='ocrx_word' id='word_1_206' title='bbox 830 3759 876 3814; x_wconf 81' lang='lat' dir='ltr'>XL</span> <span class='ocrx_word' id='word_1_207' title='bbox 904 3761 998 3815; x_wconf 87' lang='lat' dir='ltr'>adnot.</span> <span class='ocrx_word' id='word_1_208' title='bbox 1028 3762 1057 3815; x_wconf 87' lang='lat' dir='ltr'>et</span> <span class='ocrx_word' id='word_1_209' title='bbox 1083 3778 1109 3829; x_wconf 89' lang='lat' dir='ltr'>p.</span> <span class='ocrx_word' id='word_1_210' title='bbox 1134 3759 1222 3827; x_wconf 86' lang='lat' dir='ltr'>XLII,</span> <span class='ocrx_word' id='word_1_211' title='bbox 1251 3759 1347 3814; x_wconf 87' lang='lat' dir='ltr'>dedita</span> 
     </span>
     <span class='ocr_line' id='line_1_26' title="bbox 207 3852 1346 3923; baseline -0.002 -15"><span class='ocrx_word' id='word_1_212' title='bbox 207 3855 301 3908; x_wconf 82' lang='lat' dir='ltr'>autem</span> <span class='ocrx_word' id='word_1_213' title='bbox 313 3869 399 3923; x_wconf 83' lang='lat' dir='ltr'>opera</span> <span class='ocrx_word' id='word_1_214' title='bbox 416 3855 553 3923; x_wconf 82' lang='lat' dir='ltr'>longeque</span> <span class='ocrx_word' id='word_1_215' title='bbox 572 3852 695 3909; x_wconf 87' lang='lat' dir='ltr'>omnium</span> <span class='ocrx_word' id='word_1_216' title='bbox 713 3857 742 3909; x_wconf 91' lang='lat' dir='ltr'>et</span> <span class='ocrx_word' id='word_1_217' title='bbox 759 3853 899 3909; x_wconf 87' lang='lat' dir='ltr'>uberrime</span> <span class='ocrx_word' id='word_1_218' title='bbox 917 3857 946 3908; x_wconf 87' lang='lat' dir='ltr'>et</span> <span class='ocrx_word' id='word_1_219' title='bbox 964 3852 1143 3908; x_wconf 85' lang='lat' dir='ltr'>subtilissime</span> <span class='ocrx_word' id='word_1_220' title='bbox 1160 3852 1346 3908; x_wconf 85' lang='lat' dir='ltr'>Mauricius</span> 
     </span>
     <span class='ocr_line' id='line_1_27' title="bbox 207 3943 1346 4016; baseline -0.002 -16"><span class='ocrx_word' id='word_1_221' title='bbox 207 3943 417 4001; x_wconf 86' lang='lat' dir='ltr'>Schmidtius</span> <span class='ocrx_word' id='word_1_222' title='bbox 441 3964 503 4004; x_wconf 83' lang='lat' dir='ltr'>omn</span> <span class='ocrx_word' id='word_1_223' title='bbox 526 3947 554 4000; x_wconf 89' lang='lat' dir='ltr'>in</span> <span class='ocrx_word' id='word_1_224' title='bbox 576 3946 749 4002; x_wconf 85' lang='lat' dir='ltr'>Fleckeiseni</span> <span class='ocrx_word' id='word_1_225' title='bbox 770 3946 924 4001; x_wconf 81' lang='lat' dir='ltr'>Annalibus</span> <span class='ocrx_word' id='word_1_226' title='bbox 947 3946 1041 4016; x_wconf 89' lang='lat' dir='ltr'>philol.</span> <span class='ocrx_word' id='word_1_227' title='bbox 1066 3947 1086 4000; x_wconf 91' lang='lat' dir='ltr'>t.</span> <span class='ocrx_word' id='word_1_228' title='bbox 1106 3945 1192 4000; x_wconf 87' lang='lat' dir='ltr'>LXXI</span> <span class='ocrx_word' id='word_1_229' title='bbox 1214 3949 1249 4012; x_wconf 81' lang='lat' dir='ltr'>(a.</span> <span class='ocrx_word' id='word_1_230' title='bbox 1271 3947 1346 4013; x_wconf 79' lang='lat'>185⁵)</span> 
     </span>
     <span class='ocr_line' id='line_1_28' title="bbox 206 4037 1346 4108; baseline 0 -16"><span class='ocrx_word' id='word_1_231' title='bbox 206 4056 232 4106; x_wconf 86' lang='lat' dir='ltr'>p.</span> <span class='ocrx_word' id='word_1_232' title='bbox 252 4045 301 4094; x_wconf 81' lang='lat'>481</span> <span class='ocrx_word' id='word_1_233' title='bbox 321 4057 380 4108; x_wconf 88' lang='lat' dir='ltr'>sqq.</span> <span class='ocrx_word' id='word_1_234' title='bbox 401 4045 451 4094; x_wconf 79' lang='grc'>486</span> <span class='ocrx_word' id='word_1_235' title='bbox 469 4057 530 4108; x_wconf 89' lang='lat' dir='ltr'>sqq.</span> <span class='ocrx_word' id='word_1_236' title='bbox 548 4045 598 4094; x_wconf 82' lang='grc'>496</span> <span class='ocrx_word' id='word_1_237' title='bbox 618 4057 677 4106; x_wconf 89' lang='lat' dir='ltr'>sqq.</span> <span class='ocrx_word' id='word_1_238' title='bbox 697 4042 758 4094; x_wconf 85' lang='lat' dir='ltr'>turn</span> <span class='ocrx_word' id='word_1_239' title='bbox 774 4040 803 4092; x_wconf 87' lang='lat' dir='ltr'>iu</span> <span class='ocrx_word' id='word_1_240' title='bbox 821 4038 1029 4108; x_wconf 84' lang='lat' dir='ltr'>Prolegomenis</span> <span class='ocrx_word' id='word_1_241' title='bbox 1047 4039 1092 4092; x_wconf 87' lang='lat' dir='ltr'>vel</span> <span class='ocrx_word' id='word_1_242' title='bbox 1108 4039 1200 4108; x_wconf 84' lang='lat' dir='ltr'>potius</span> <span class='ocrx_word' id='word_1_243' title='bbox 1218 4037 1346 4108; x_wconf 82' lang='lat' dir='ltr'>Epilego·</span> 
     </span>
     <span class='ocr_line' id='line_1_29' title="bbox 206 4130 1345 4202; baseline 0.001 -20"><span class='ocrx_word' id='word_1_244' title='bbox 206 4131 295 4185; x_wconf 85' lang='lat' dir='ltr'>menis</span> <span class='ocrx_word' id='word_1_245' title='bbox 317 4133 448 4200; x_wconf 78' lang='lat' dir='ltr'>Hesychii</span> <span class='ocrx_word' id='word_1_246' title='bbox 470 4133 512 4186; x_wconf 90' lang='lat' dir='ltr'>sui</span> <span class='ocrx_word' id='word_1_247' title='bbox 533 4151 560 4201; x_wconf 92' lang='lat' dir='ltr'>p.</span> <span class='ocrx_word' id='word_1_248' title='bbox 585 4131 671 4186; x_wconf 67' lang='lat' dir='ltr'>XLOE</span> <span class='ocrx_word' id='word_1_249' title='bbox 695 4149 754 4199; x_wconf 86' lang='lat' dir='ltr'>sqq.</span> <span class='ocrx_word' id='word_1_250' title='bbox 797 4131 879 4186; x_wconf 84' lang='lat' dir='ltr'>Cuius</span> <span class='ocrx_word' id='word_1_251' title='bbox 903 4131 991 4185; x_wconf 88' lang='lat' dir='ltr'>doctis</span> <span class='ocrx_word' id='word_1_252' title='bbox 1015 4131 1250 4202; x_wconf 85' lang='lat' dir='ltr'>disputationibus</span> <span class='ocrx_word' id='word_1_253' title='bbox 1278 4130 1345 4184; x_wconf 86' lang='lat' dir='ltr'>satis</span> 
     </span>
     <span class='ocr_line' id='line_1_30' title="bbox 207 4223 1346 4294; baseline 0.001 -18"><span class='ocrx_word' id='word_1_254' title='bbox 207 4240 268 4276; x_wconf 85' lang='lat' dir='ltr'>csse</span> <span class='ocrx_word' id='word_1_255' title='bbox 287 4225 416 4278; x_wconf 85' lang='lat' dir='ltr'>effectum</span> <span class='ocrx_word' id='word_1_256' title='bbox 434 4225 562 4292; x_wconf 83' lang='lat' dir='ltr'>arbitror,</span> <span class='ocrx_word' id='word_1_257' title='bbox 581 4225 612 4278; x_wconf 90' lang='lat' dir='ltr'>ut</span> <span class='ocrx_word' id='word_1_258' title='bbox 623 4243 674 4280; x_wconf 88' lang='lat' dir='ltr'>nec</span> <span class='ocrx_word' id='word_1_259' title='bbox 687 4225 720 4279; x_wconf 90' lang='lat' dir='ltr'>de</span> <span class='ocrx_word' id='word_1_260' title='bbox 738 4223 904 4294; x_wconf 91' lang='lat' dir='ltr'>scriptorum</span> <span class='ocrx_word' id='word_1_261' title='bbox 916 4223 1029 4277; x_wconf 90' lang='lat' dir='ltr'>indiculi</span> <span class='ocrx_word' id='word_1_262' title='bbox 1042 4223 1143 4278; x_wconf 86' lang='lat' dir='ltr'>Suidae</span> <span class='ocrx_word' id='word_1_263' title='bbox 1161 4223 1249 4278; x_wconf 87' lang='lat' dir='ltr'>lexico</span> <span class='ocrx_word' id='word_1_264' title='bbox 1267 4240 1346 4294; x_wconf 87' lang='lat' dir='ltr'>prae·</span> 
     </span>
     <span class='ocr_line' id='line_1_31' title="bbox 207 4316 1345 4388; baseline 0.002 -20"><span class='ocrx_word' id='word_1_265' title='bbox 207 4316 283 4368; x_wconf 82' lang='lat' dir='ltr'>missi</span> <span class='ocrx_word' id='word_1_266' title='bbox 306 4333 356 4370; x_wconf 85' lang='lat' dir='ltr'>nec</span> <span class='ocrx_word' id='word_1_267' title='bbox 379 4317 413 4371; x_wconf 88' lang='lat' dir='ltr'>de</span> <span class='ocrx_word' id='word_1_268' title='bbox 437 4318 629 4386; x_wconf 85' lang='lat' dir='ltr'>Hesychianae</span> <span class='ocrx_word' id='word_1_269' title='bbox 652 4319 689 4373; x_wconf 82' lang='lat' dir='ltr'>ad</span> <span class='ocrx_word' id='word_1_270' title='bbox 711 4318 859 4388; x_wconf 78' lang='lat' dir='ltr'>Eulogium</span> <span class='ocrx_word' id='word_1_271' title='bbox 886 4317 1021 4388; x_wconf 86' lang='lat' dir='ltr'>epistulae</span> <span class='ocrx_word' id='word_1_272' title='bbox 1043 4317 1097 4372; x_wconf 90' lang='lat' dir='ltr'>fide</span> <span class='ocrx_word' id='word_1_273' title='bbox 1120 4316 1267 4384; x_wconf 84' lang='lat' dir='ltr'>quicquam</span> <span class='ocrx_word' id='word_1_274' title='bbox 1289 4317 1345 4371; x_wconf 88' lang='lat' dir='ltr'>iam</span> 
     </span>
     <span class='ocr_line' id='line_1_32' title="bbox 207 4408 513 4478; baseline 0.003 -16"><span class='ocrx_word' id='word_1_275' title='bbox 207 4408 388 4465; x_wconf 87' lang='lat' dir='ltr'>dubitationis</span> <span class='ocrx_word' id='word_1_276' title='bbox 407 4411 513 4478; x_wconf 81' lang='lat' dir='ltr'>restet]</span> 
     </span>
    </p>
   </div>
   <div class='ocr_carea' id='block_1_6' title="bbox 0 0 1615 5094">
    <p class='ocr_par' dir='ltr' id='par_1_6' title="bbox 0 0 1615 5094">
     <span class='ocr_line' id='line_1_33' title="bbox 0 0 1615 5094; baseline 0 0"><span class='ocrx_word' id='word_1_277' title='bbox 0 0 1615 5094; x_wconf 95' lang='lat' dir='ltr'> </span> 
     </span>
    </p>
   </div>
  </div>
 </body>
</html>
