3270 5094
275 358 337 432 386
598 375 628 431 c.
652 381 798 432 narsron
821 379 1093 432 airaunanonus

276 535 418 620 seiungi,
458 535 541 620 quod
569 536 711 619 sequitur
737 535 881 619 proximo
911 557 1019 618 versu,
1054 535 1179 600 πόνων.
1224 527 1314 608 Quod
1344 549 1415 594 cum

276 668 336 710 nec
351 646 545 710 sententiam
559 667 619 710 nec
634 649 827 710 structuram
849 645 1094 731 grammaticam
1116 644 1248 727 planam
1269 641 1413 722 haberet,

276 755 399 839 insigni
420 756 552 820 levitate
580 755 621 820 ab
644 756 818 820 editoribus
840 755 1029 839 quibusdam
1055 775 1184 837 proram
1207 756 1256 816 cst
1278 773 1415 835 expunc-

275 867 355 946 tum,
379 887 439 928 nec
461 866 575 932 πόνων
598 863 715 948 solum,
745 865 800 929 sed
823 865 920 928 etiam
942 866 1053 944 γάμων
1076 863 1111 926 in
1133 861 1265 945 stropha
1287 884 1317 924 v.
1341 861 1413 924 895.

276 974 349 1037 Non
373 977 421 1038 est
448 978 555 1038 autem
581 975 835 1060 neglegendum,
865 974 899 1037 in
922 973 1042 1038 Aldina
1071 972 1136 1057 legi
1163 975 1197 1036 δ’
1220 971 1415 1050 ἁπτομένην,

255 1082 309 1158 ¹in
331 1105 396 1147 uno
418 1088 525 1148 autem
547 1083 763 1148 Vauvilliersii
787 1083 896 1148 codice
917 1085 1017 1163 γάμοι
1052 1103 1133 1166 quae
1155 1081 1210 1144 ubi
1232 1085 1318 1144 recte
1342 1101 1415 1144 con-

278 1191 429 1275 iunxeris,
453 1193 624 1276 pristinam
645 1193 759 1258 horum
781 1215 928 1258 versuum
950 1193 1087 1257 formam
1108 1191 1194 1254 hanc
1215 1189 1329 1254 habes:

519 1350 626 1425 ταρβῶ
649 1346 710 1424 γὰρ
734 1345 952 1424 ἀπτεργάνορα
975 1345 1149 1424 παρθενίαν

520 1455 667 1535 εἰτορῶ(’
690 1457 768 1520 'lonc
790 1455 915 1534 γάμον
938 1455 1164 1533 ἁπτομέναν

520 1567 713 1630 turoldum<
735 1567 836 1643 Ἥρα(
858 1563 1015 1629 ἀλατείαις
1037 1565 1159 1628 πόνων.

276 1741 444 1806 Sententia
465 1741 545 1805 haec
568 1745 634 1824 est,
668 1746 705 1805 ut
726 1742 761 1805 Io
784 1742 923 1824 dicatur,
959 1740 1043 1824 quod
1070 1739 1188 1804 attinet
1215 1737 1256 1802 ad
1285 1738 1414 1822 nuptias

277 1872 348 1914 eum
363 1851 437 1914 love
460 1873 533 1914 suas
557 1851 699 1936 (γάμον),
724 1850 869 1936 alligata,
894 1850 1048 1914 adstricta
1065 1871 1132 1914 esse
1147 1847 1296 1930 miseriis,
1317 1849 1414 1913 ἁπτο-

275 1963 356 2039 μένα
377 1961 490 2025 πόνων
513 1960 545 2024 h.
567 1982 594 2024 e.
618 1983 701 2024 nexa
717 1982 734 2024 e
748 1961 899 2025 miseriis:
922 1961 1033 2024 eodem
1056 1958 1263 2042 comparandi
1284 1979 1412 2042 genere,

276 2090 337 2152 quo
359 2091 389 2132 v.
412 2069 476 2133 580
497 2069 536 2132 de
559 2070 669 2133 eadem
691 2091 725 2134 re
747 2072 886 2154 positum
914 2074 962 2133 eat
988 2073 1146 2148 πημοναῖς
1173 2069 1414 2146 ἐνεζευγμὲνον,

277 2183 308 2242 et
338 2178 377 2242 de
408 2178 598 2243 Prometheo
632 2180 782 2258 ἀνάγκαι(
815 2181 1051 2259 ὑπεζευγμένον
1081 2200 1111 2241 ν.
1145 2178 1220 2260 108,
1251 2178 1301 2240 vel
1330 2176 1414 2260 apud

276 2287 464 2370 Sophoclem
490 2291 602 2368 γάμων
624 2291 772 2370 ἐνέδηεεν
796 2289 856 2373 ἄτᾳ
884 2289 962 2354 Oed.
987 2287 1053 2354 Col.
1076 2289 1155 2370 517,
1184 2290 1221 2351 ut
1241 2286 1414 2351 Homerica

275 2398 446 2461 mittantur
468 2399 667 2484 pervulgata.
712 2422 749 2480 με
771 2400 893 2483 syllaba
916 2399 1091 2482 scripturae
1112 2395 1250 2462 Aldinae
1273 2400 1343 2460 orta
1366 2400 1415 2460 est

276 2528 314 2570 ex
336 2529 377 2587 μο
399 2507 625 2572 terminatione
648 2509 862 2592 superscripta
884 2508 939 2571 illa
961 2509 1053 2593 γάμῳ
1076 2507 1194 2571 dative.

359 2616 400 2680 V.
424 2617 603 2682 903-908.
648 2617 882 2682 Difficillimam
908 2617 993 2681 hanc
1014 2617 1200 2702 tragoediae
1222 2613 1414 2700 particulam

275 2727 532 2812 redintegraturo
554 2729 728 2791 tenendum
749 2727 810 2793 hoc
832 2731 890 2810 cst,
915 2749 1008 2791 omne
1023 2727 1083 2791 hoc
1099 2748 1228 2790 carmen
1252 2726 1413 2792 eboricum

275 2837 455 2900 necessario
478 2833 546 2900 e'sse
569 2837 845 2921 antistrophicum.
877 2837 1008 2900 Etenim
1024 2859 1095 2901 cum
1110 2836 1171 2900 duo
1186 2837 1268 2918 sint,
1292 2858 1330 2900 ex
1346 2837 1413 2919 qui·

276 2947 334 3010 bus
350 2949 471 3009 certum
493 2945 643 3010 iudicium
665 2947 722 3010 fiat
745 2947 784 3012 de
807 2947 1001 3010 carminibus
1016 2968 1082 3011 non
1098 2946 1139 3011 ab
1153 2947 1301 3010 universo
1317 2945 1413 3010 choro

277 3055 487 3120 communiter
514 3057 668 3140 cantatis,
703 3060 759 3121 aut
785 3056 933 3140 repetitio
962 3056 1134 3120 earundem
1168 3056 1410 3138 sententiarum,

275 3168 331 3229 aut
358 3164 555 3230 diversarum
582 3167 812 3252 repugnantia:
851 3169 920 3230 tum
947 3165 1009 3230 hac
1036 3166 1163 3250 quidem
1195 3165 1410 3248 cantiuncula,

275 3296 355 3358 quae
384 3279 432 3338 est
454 3299 473 3338 a
495 3298 525 3338 ν.
550 3275 612 3340 903
635 3278 674 3339 ad
698 3277 776 3359 908,
805 3275 888 3339 nihil
915 3275 982 3338 fere
1011 3276 1169 3358 prolatum
1190 3275 1294 3359 vides,
1329 3273 1412 3360 quod

181 3427 185 3434 -
275 3406 340 3448 non
368 3385 473 3468 priore
502 3386 557 3449 illo
587 3385 728 3449 carmine
761 3386 804 3470 (v.
829 3385 1011 3468 889—899)
1044 3385 1122 3448 item
1150 3385 1412 3468 comprehensum

274 3495 326 3557 sit.
357 3493 442 3557 Nam
457 3516 538 3578 quae
558 3495 593 3558 in
614 3494 720 3578 priore
742 3494 874 3578 stropha
896 3495 1025 3558 effertur
1047 3494 1231 3577 nuptiarum
1254 3515 1411 3559 commen-

274 3603 362 3666 datio
384 3603 578 3687 aequalium,
613 3603 724 3668 eadem
751 3605 804 3668 hio
825 3605 908 3668 redit
930 3605 971 3668 ab
994 3604 1103 3687 initio,
1135 3603 1220 3688 quod
1248 3607 1355 3668 autem
1376 3604 1412 3668 in

274 3712 476 3796 antistropha
497 3713 582 3776 Iovis
605 3713 777 3778 aliorumve
805 3713 935 3778 deorum
961 3714 1162 3778 detestantur
1189 3735 1344 3796 amorem,
1378 3711 1411 3776 id

273 3821 326 3886 hic
348 3822 385 3885 fit
406 3822 511 3885 verbis
533 3825 611 3902 μηδὲ
632 3825 824 3902 κρειττόνων
848 3845 875 3888 e.
892 3844 923 3907 q.
940 3845 965 3888 s.
1004 3823 1108 3907 Ergo,
1133 3823 1261 3907 quando
1284 3823 1411 3907 quidem

274 3931 396 3994 nullum
419 3931 471 3994 hie
493 3931 598 3995 locum
620 3953 657 3995 ea
680 3933 763 3996 ratio
785 3932 898 4015 habet,
922 3935 958 3996 ut
980 3933 1115 4018 singulis
1138 3933 1283 4015 personis
1305 3931 1410 3996 distri-

275 4041 390 4104 buatur
418 4041 535 4124 oratio,
573 4042 776 4126 consequitur
810 4065 875 4106 non
904 4041 945 4106 ad
977 4042 1104 4107 easdem
1137 4041 1225 4106 chori
1257 4063 1410 4126 personas

273 4171 365 4233 posse
388 4149 478 4232 haec,
502 4149 540 4213 de
563 4151 675 4234 quibus
698 4153 833 4236 agimus,
857 4153 1028 4236 pertinere,
1053 4151 1202 4235 aquibus
1224 4151 1332 4235 priora
1354 4151 1411 4215 illa

274 4259 317 4342 (v.
342 4259 405 4322 889
427 4261 511 4343 μορ.)
540 4265 671 4324 cantata
699 4265 789 4344 sunt,
825 4261 880 4325 sed
903 4261 996 4326 alteri
1017 4261 1213 4325 hemichorio
1236 4283 1303 4325 esse
1326 4261 1411 4324 hanc

273 4371 408 4452 partem,
432 4368 525 4432 alteri
548 4371 654 4434 autem
670 4371 907 4435 attribuendam
928 4372 1076 4454 priorem.
1108 4370 1195 4448 Quae
1217 4392 1287 4434 cum
1309 4371 1410 4434 mani-
