3254 5092
255 337 316 399 184
658 351 705 398 ns
728 349 985 398 srrcnoumnm

254 504 282 567 E
305 503 537 569 Schwarzianis
560 505 665 566 cirtem
686 503 923 566 commentariis
945 503 1221 566 commemorande
1244 526 1281 566 eu
1304 507 1389 586 sunt,

187 627 235 676 ινιι
255 636 335 698 quae
362 615 416 677 ille
438 612 686 696 interpretandis
714 614 855 678 ἁπλοῖς
883 614 1011 693 βιβλίοις
1038 613 1251 677 bibliothecae
1274 613 1391 697 Perga-

255 745 367 787 menae
395 723 504 786 attulit
530 745 562 805 p.
591 723 642 786 65.
698 722 782 786 Nem
814 742 884 785 cum
919 723 1071 786 usitatum
1103 721 1201 785 fuerit
1229 725 1392 806 complura

254 833 416 897 volumina
431 832 591 896 communi
606 832 734 896 vinculo
749 831 901 915 colligare
921 831 955 895 in
971 853 1069 896 unum
1085 854 1198 915 corpus
1222 833 1390 916 quoddam,

254 945 341 1009 ἁπλᾶ
355 942 516 1026 intellegit
531 942 659 1025 singula
674 941 836 1004 volumina
852 945 941 1006 extra
957 943 1035 1006 istos
1049 942 1219 1007 fasciculos
1234 947 1390 1025 spectata.

255 1053 336 1117 Vide
359 1051 569 1118 Corollarimn
591 1055 735 1114 nostrum
757 1073 789 1133 p.
813 1051 855 1114 34
879 1051 975 1140 [152].

719 1199 912 1210 ————--

338 1274 369 1338 5.
410 1271 458 1334 De
486 1271 637 1334 librorum
664 1270 868 1334 multitudine
896 1275 929 1334 et
956 1272 1094 1353 ambitu,
1125 1293 1202 1355 quos
1229 1272 1392 1356 reliquisse

255 1381 374 1466 singuli
396 1380 524 1465 quidam
546 1380 717 1461 scriptores
738 1379 901 1462 ferimtru,
931 1381 1067 1444 diximus
1091 1379 1174 1445 Bibl.
1199 1382 1252 1445 Al.
1276 1404 1307 1464 p.
1334 1382 1394 1446 130

255 1513 323 1576 sqq.
341 1491 412 1555 coll.
432 1489 502 1571 119,
519 1488 573 1552 ubi
589 1509 666 1572 quos
682 1488 939 1553 Zoroastreorum
954 1490 1107 1554 libromm
1123 1512 1231 1554 versus
1247 1489 1394 1556 2000000

255 1601 433 1684 ρουυίαιυυ,
463 1598 492 1662 ei
520 1619 651 1662 numero
680 1598 796 1681 aliquid
827 1599 1020 1663 firmamenti
1049 1599 1176 1662 aliunde
1205 1601 1392 1687 accedere*)

256 1709 476 1793 comperimus.
521 1707 797 1772 Praetermisimus
821 1713 928 1772 autem
943 1709 1100 1792 Diogenis
1121 1709 1219 1772 verba
1237 1709 1393 1792 quaedam

255 1818 414 1884 Prooemii
438 1818 493 1881 16:
522 1820 571 1882 καὶ
594 1819 703 1896 οἱμὲν
730 1819 838 1884 αὐτῶν
864 1821 1034 1884 κατέλιπον
1058 1819 1284 1898 ὑπομνήματα,
1313 1821 1344 1884 ol
1365 1823 1393 1884 δ’

256 1929 342 1993 ὅλως
370 1928 410 1991 οὐ
433 1927 636 2005 ςυνέγραψαν
784 1929 814 1992 οἱ
841 1931 877 1993 δὲ
899 1928 961 1994 ἀνὰ
983 1929 1018 1994 ἓν
1044 1929 1300 2008 ςυγγράψαντες,
1330 1930 1394 1993 Μέ-

256 2042 373 2112 λιςςος,
406 2037 621 2115 Παρμενίδης,
655 2037 885 2115 Ἀναξαγόρας·
919 2039 1025 2102 πολλὰ
1057 2040 1092 2102 δὲ
1124 2037 1257 2116 Ζήνων,
1290 2040 1392 2103 πλείω

257 2145 465 2227 Ξενοφάνης,
502 2145 604 2209 πλείω
637 2145 852 2224 Δημόκριτος,
889 2146 989 2212 πλείω
1027 2148 1256 2227 Ἀριςτοτέλης,
1293 2148 1394 2213 πλείω

256 2257 455 2335 Ἐπίκουρος,
490 2255 592 2319 πλείω
622 2254 813 2333 Χριίςιππος.
864 2255 943 2321 Cum
976 2255 1025 2318 his
1054 2255 1275 2320 contendendo
1307 2261 1392 2340 sunt,
1461 2269 1467 2284 ·

256 2387 336 2449 quae
364 2364 448 2448 apud
476 2363 610 2427 eundem
638 2363 817 2448 Diogenem
840 2366 991 2449 leguntur
1012 2363 1057 2448 X,
1086 2363 1143 2429 251
1170 2368 1220 2429 καὶ
1242 2367 1394 2431 Ἀπολλό-

255 2483 362 2554 δωρος
384 2475 403 2539 δ
424 2474 668 2554 κηποτύραννος
689 2474 825 2549 γέγονεν
842 2475 1024 2553 ἐλλόγιμος,
1047 2476 1084 2539 ὃς
1107 2475 1187 2555 ὑπὲρ
1210 2476 1394 2554 τετρακόςια

256 2587 437 2666 ςυνέγραψε
459 2583 563 2664 βιβλία
586 2630 644 2645 ...
668 2582 787 2662 Ζήνων
808 2605 842 2648 τε
859 2586 877 2649 δ
893 2586 1045 2650 (ιδώνιος
1068 2583 1225 2664 ἀκροατὴς
1241 2586 1393 2650 Ἀπολλο-

256 2698 365 2774 δώρου
386 2693 601 2773 πολυγράφος
628 2691 709 2771 ἀνήρ
733 2694 841 2755 ...et
863 2693 882 2770 ξ
905 2691 962 2754 261
988 2694 1104 2769 γέγονε
1132 2696 1167 2758 δὲ
1190 2694 1209 2758 ὁ
1231 2698 1393 2775 πολυγρα-

257 2804 409 2885 φώτατος
425 2801 444 2866 ὁ
460 2802 658 2880 Ἐπίκουρος,
681 2802 805 2866 πάντας
820 2801 1099 2882 ὑπερβαλλόμενος
1114 2804 1224 2882 πλήθει
1247 2806 1393 2885 βιβλίων·

258 2913 418 2991 κύλινδροι
445 2913 503 2989 μὲν
531 2911 593 2990 γὰρ
623 2913 705 2991 πρὸς
732 2913 809 2976 τοὺς
836 2912 1033 2990 τριακοςίους
1060 2912 1115 2977 εἰςί
1223 2914 1337 2992 ἐζήλου
1359 2917 1394 2979 δὲ

257 3022 356 3086 αὐτὸν
374 3021 554 3099 Χριίςιππος
569 3021 605 3085 ἐν
621 3022 838 3103 πολυγραφίᾳ.
863 3020 952 3104 Ergo
967 3022 986 3086 δ
1001 3023 1300 3102 πολυγραφώτατος
1315 3022 1393 3085 illud

256 3128 534 3213 interpretandum
544 3131 628 3208 πλήν
642 3130 836 3209 Χρυςίππου.
861 3129 942 3204 Quid
955 3135 1063 3194 autem
1073 3131 1151 3194 illud
1160 3153 1228 3194 esse
1239 3131 1393 3214 dicamne,

258 3239 340 3324 quod
362 3239 459 3303 etiam
475 3237 661 3321 Apollodori
683 3239 773 3302 libris
796 3239 1040 3323 quadringentis
1056 3244 1247 3323 superentur
1262 3241 1393 3325 Epicuri

257 3353 402 3415 trecente
417 3347 602 3412 volumina?
628 3347 717 3422 Quod
732 3348 779 3412 ita
793 3351 921 3412 tantum
936 3353 1023 3414 recte
1036 3371 1069 3414 se
1084 3350 1232 3432 haberet,
1249 3352 1276 3415 si
1292 3353 1394 3418 κυλίν-

257 3468 355 3540 δρους
376 3459 488 3522 liceret
502 3463 619 3521 codices
640 3457 856 3541 interpretari.
895 3459 940 3522 At
954 3479 1029 3523 vero
1050 3459 1152 3522 maior
1174 3459 1284 3523 haberi
1300 3481 1393 3542 quam

259 3571 379 3651 βιβλίου
391 3566 479 3632 nullo
491 3569 586 3648 pacto
597 3567 767 3646 κυλίνδρου
778 3567 889 3631 modus
902 3570 1017 3650 potest,
1030 3571 1066 3631 ut
1081 3589 1142 3650 quo
1157 3568 1227 3651 ipsa
1238 3575 1395 3633 voluminis

258 3679 347 3742 notio
362 3677 556 3741 declaretur:
579 3675 611 3737 id
632 3675 715 3757 quod
736 3679 822 3740 recte
838 3677 955 3742 Coraes
970 3677 1132 3760 perspexit
1148 3677 1231 3760 apud
1247 3677 1393 3743 Schaefe·

325 3882 350 3948 ⁸)
372 3880 505 3950 Apprime
528 3883 601 3938 enim
622 3883 651 3938 in
677 3885 750 3940 hunc
771 3903 916 3941 numerum
939 3887 1079 3952 convenit,
1109 3887 1183 3954 quod
1204 3888 1314 3942 Masudi
1338 3887 1395 3956 (qui

258 3975 349 4028 medio
367 3975 424 4028 fere
443 3977 552 4030 saeculo
570 3975 685 4041 llvixit)
702 3978 888 4032 Alexandrum
906 3979 1039 4048 Magnum
1057 3979 1181 4049 prodidit
1197 3981 1283 4034 libros
1296 3981 1395 4034 Zoroa

259 4068 349 4121 atreus
375 4066 403 4120 in
425 4067 516 4122 Persis
539 4069 695 4136 repperisse
718 4071 807 4124 erneis
829 4069 929 4125 litteris
952 4073 980 4125 in
1004 4078 1085 4126 12000
1108 4072 1189 4126 coriis
1215 4072 1393 4142 perscriptos.

259 4157 487 4215 Commodissima
510 4161 583 4215 enim
601 4161 773 4229 singulorum
791 4162 926 4217 coriorum
949 4163 1034 4218 fuisse
1054 4169 1101 4218 167
1120 4182 1216 4219 versus
1239 4165 1393 4218 credentur.

258 4250 398 4305 Debemus
420 4252 500 4306 huius
518 4252 558 4306 rei
575 4253 716 4318 notitiam,
740 4270 810 4319 quae
828 4273 843 4308 e
861 4255 949 4310 Notit.
968 4259 997 4310 et
1014 4259 1134 4326 excerpt.
1159 4275 1216 4310 mss
1233 4257 1305 4311 Bibl.
1324 4257 1393 4326 ltcg.

259 4343 313 4396 vol.
333 4343 344 4396 l
362 4360 390 4411 p.
409 4351 440 4397 21
459 4343 549 4412 petita
566 4347 621 4410 est,
644 4345 823 4400 eruditissimi
841 4347 965 4416 collegae
983 4346 1133 4402 Christiani
1150 4349 1266 4402 Lasseni
1284 4349 1392 4404 iudicio.
