<?xml version="1.0" encoding="UTF-8"?>
<!DOCTYPE html PUBLIC "-//W3C//DTD XHTML 1.0 Transitional//EN"
    "http://www.w3.org/TR/xhtml1/DTD/xhtml1-transitional.dtd">
<html xmlns="http://www.w3.org/1999/xhtml" xml:lang="en" lang="en">
 <head>
  <title>
</title>
<meta http-equiv="Content-Type" content="text/html;charset=utf-8" />
  <meta name='ocr-system' content='tesseract 3.04.00' />
  <meta name='ocr-capabilities' content='ocr_page ocr_carea ocr_par ocr_line ocrx_word'/>
</head>
<body>
  <div class='ocr_page' id='page_1' title='image "./fridericiritsch11wachgoog_0430.png"; bbox 0 0 3270 5094; ppageno 0'>
   <div class='ocr_carea' id='block_1_1' title="bbox 643 373 1370 438">
    <p class='ocr_par' dir='ltr' id='par_1_1' title="bbox 643 373 1370 438">
     <span class='ocr_line' id='line_1_1' title="bbox 643 373 1370 438; baseline 0.008 -6"><span class='ocrx_word' id='word_1_1' title='bbox 643 388 765 434; x_wconf 80' lang='lat' dir='ltr'>osmer</span> <span class='ocrx_word' id='word_1_2' title='bbox 787 389 951 436; x_wconf 78' lang='lat' dir='ltr'>coaouaa</span> <span class='ocrx_word' id='word_1_3' title='bbox 1307 373 1370 438; x_wconf 78' lang='grc'>409</span> 
     </span>
    </p>
   </div>
   <div class='ocr_carea' id='block_1_2' title="bbox 230 537 1437 3473">
    <p class='ocr_par' dir='ltr' id='par_1_2' title="bbox 230 537 1437 3473">
     <span class='ocr_line' id='line_1_2' title="bbox 232 537 1370 624; baseline 0.006 -24"><span class='ocrx_word' id='word_1_4' title='bbox 232 537 366 602; x_wconf 88' lang='lat' dir='ltr'>aliorum</span> <span class='ocrx_word' id='word_1_5' title='bbox 400 539 552 621; x_wconf 87' lang='lat' dir='ltr'>exemplis</span> <span class='ocrx_word' id='word_1_6' title='bbox 585 561 605 602; x_wconf 90' lang='lat' dir='ltr'>a</span> <span class='ocrx_word' id='word_1_7' title='bbox 632 539 822 624; x_wconf 85' lang='lat' dir='ltr'>gravissima</span> <span class='ocrx_word' id='word_1_8' title='bbox 851 541 1050 606; x_wconf 73' lang='lat' dir='ltr'><strong>dubitatione</strong></span> <span class='ocrx_word' id='word_1_9' title='bbox 1078 542 1240 607; x_wconf 79' lang='lat' dir='ltr'>liberabis,</span> <span class='ocrx_word' id='word_1_10' title='bbox 1285 543 1370 607; x_wconf 90' lang='lat' dir='ltr'>Nam</span> 
     </span>
     <span class='ocr_line' id='line_1_3' title="bbox 232 647 1370 736; baseline 0.004 -25"><span class='ocrx_word' id='word_1_11' title='bbox 232 647 370 713; x_wconf 83' lang='grc' dir='ltr'>εὔιππον</span> <span class='ocrx_word' id='word_1_12' title='bbox 399 649 551 715; x_wconf 86' lang='grc' dir='ltr'>εὔπωλον</span> <span class='ocrx_word' id='word_1_13' title='bbox 583 652 619 712; x_wconf 90' lang='lat' dir='ltr'>ut</span> <span class='ocrx_word' id='word_1_14' title='bbox 652 649 766 714; x_wconf 89' lang='lat' dir='ltr'>sociari</span> <span class='ocrx_word' id='word_1_15' title='bbox 799 648 868 714; x_wconf 90' lang='lat' dir='ltr'>sine</span> <span class='ocrx_word' id='word_1_16' title='bbox 896 652 1093 736; x_wconf 76' lang='lat' dir='ltr'>tautologiae</span> <span class='ocrx_word' id='word_1_17' title='bbox 1121 652 1200 716; x_wconf 87' lang='lat' dir='ltr'>vitio</span> <span class='ocrx_word' id='word_1_18' title='bbox 1229 651 1370 736; x_wconf 88' lang='lat' dir='ltr'>potuisse</span> 
     </span>
     <span class='ocr_line' id='line_1_4' title="bbox 232 758 1370 845; baseline 0.005 -25"><span class='ocrx_word' id='word_1_19' title='bbox 232 758 463 842; x_wconf 70' lang='lat' dir='ltr'>aliquantisper</span> <span class='ocrx_word' id='word_1_20' title='bbox 489 760 680 844; x_wconf 80' lang='lat' dir='ltr'>largiamur,</span> <span class='ocrx_word' id='word_1_21' title='bbox 716 765 750 824; x_wconf 89' lang='lat' dir='ltr'>at</span> <span class='ocrx_word' id='word_1_22' title='bbox 782 761 816 824; x_wconf 90' lang='lat' dir='ltr'>in</span> <span class='ocrx_word' id='word_1_23' title='bbox 850 783 911 845; x_wconf 91' lang='lat' dir='ltr'>quo</span> <span class='ocrx_word' id='word_1_24' title='bbox 945 762 1040 826; x_wconf 90' lang='lat' dir='ltr'>cardo</span> <span class='ocrx_word' id='word_1_25' title='bbox 1072 761 1119 825; x_wconf 85' lang='lat' dir='ltr'>rei</span> <span class='ocrx_word' id='word_1_26' title='bbox 1148 763 1282 826; x_wconf 88' lang='lat' dir='ltr'>vertitur</span> <span class='ocrx_word' id='word_1_27' title='bbox 1309 762 1370 826; x_wconf 93' lang='lat' dir='ltr'>hoc</span> 
     </span>
     <span class='ocr_line' id='line_1_5' title="bbox 231 869 1371 955; baseline 0.004 -25"><span class='ocrx_word' id='word_1_28' title='bbox 231 870 290 949; x_wconf 91' lang='lat' dir='ltr'>est,</span> <span class='ocrx_word' id='word_1_29' title='bbox 314 869 412 951; x_wconf 90' lang='lat' dir='ltr'>quod,</span> <span class='ocrx_word' id='word_1_30' title='bbox 446 891 517 932; x_wconf 86' lang='lat' dir='ltr'>curn</span> <span class='ocrx_word' id='word_1_31' title='bbox 545 869 731 952; x_wconf 89' lang='lat' dir='ltr'>bipertitum</span> <span class='ocrx_word' id='word_1_32' title='bbox 754 871 911 954; x_wconf 73' lang='lat' dir='ltr'>cogitetur</span> <span class='ocrx_word' id='word_1_33' title='bbox 933 871 973 935; x_wconf 91' lang='lat' dir='ltr'>ad</span> <span class='ocrx_word' id='word_1_34' title='bbox 996 871 1182 955; x_wconf 74' lang='lat' dir='ltr'>Neptunum</span> <span class='ocrx_word' id='word_1_35' title='bbox 1204 873 1371 955; x_wconf 81' lang='lat' dir='ltr'>pertinens</span> 
     </span>
     <span class='ocr_line' id='line_1_6' title="bbox 231 977 1370 1064; baseline 0.004 -25"><span class='ocrx_word' id='word_1_36' title='bbox 231 977 421 1042; x_wconf 86' lang='lat' dir='ltr'>beneficium</span> <span class='ocrx_word' id='word_1_37' title='bbox 443 1001 553 1062; x_wconf 88' lang='lat' dir='ltr'>omne,</span> <span class='ocrx_word' id='word_1_38' title='bbox 582 979 614 1042; x_wconf 93' lang='lat' dir='ltr'>id</span> <span class='ocrx_word' id='word_1_39' title='bbox 637 980 788 1063; x_wconf 78' lang='lat' dir='ltr'>epithetis</span> <span class='ocrx_word' id='word_1_40' title='bbox 810 980 874 1043; x_wconf 91' lang='lat' dir='ltr'>illis</span> <span class='ocrx_word' id='word_1_41' title='bbox 897 981 943 1044; x_wconf 89' lang='lat' dir='ltr'>ita</span> <span class='ocrx_word' id='word_1_42' title='bbox 966 981 1170 1062; x_wconf 86' lang='lat' dir='ltr'>describitur,</span> <span class='ocrx_word' id='word_1_43' title='bbox 1201 981 1291 1064; x_wconf 89' lang='lat' dir='ltr'>quasi</span> <span class='ocrx_word' id='word_1_44' title='bbox 1314 984 1370 1044; x_wconf 87' lang='lat' dir='ltr'>aut</span> 
     </span>
     <span class='ocr_line' id='line_1_7' title="bbox 231 1086 1437 1174; baseline 0.005 -26"><span class='ocrx_word' id='word_1_45' title='bbox 231 1086 427 1169; x_wconf 87' lang='lat' dir='ltr'>tripertitum</span> <span class='ocrx_word' id='word_1_46' title='bbox 449 1087 492 1152; x_wconf 90' lang='lat' dir='ltr'>sit</span> <span class='ocrx_word' id='word_1_47' title='bbox 514 1091 570 1152; x_wconf 89' lang='lat' dir='ltr'>aut</span> <span class='ocrx_word' id='word_1_48' title='bbox 591 1089 721 1153; x_wconf 88' lang='lat' dir='ltr'>alterius</span> <span class='ocrx_word' id='word_1_49' title='bbox 744 1091 845 1172; x_wconf 88' lang='lat' dir='ltr'>partis</span> <span class='ocrx_word' id='word_1_50' title='bbox 867 1091 1100 1174; x_wconf 85' lang='lat' dir='ltr'>praestantiam</span> <span class='ocrx_word' id='word_1_51' title='bbox 1121 1091 1255 1154; x_wconf 89' lang='lat' dir='ltr'>multum</span> <span class='ocrx_word' id='word_1_52' title='bbox 1269 1091 1370 1154; x_wconf 84' lang='lat' dir='ltr'>virtus</span> <span class='ocrx_word' id='word_1_53' title='bbox 1386 1098 1437 1146; x_wconf 79' lang='lat' dir='ltr'>xm</span> 
     </span>
     <span class='ocr_line' id='line_1_8' title="bbox 231 1195 1372 1284; baseline 0.005 -26"><span class='ocrx_word' id='word_1_54' title='bbox 231 1195 361 1260; x_wconf 89' lang='lat' dir='ltr'>alterius</span> <span class='ocrx_word' id='word_1_55' title='bbox 384 1197 509 1280; x_wconf 85' lang='lat' dir='ltr'>vincat,</span> <span class='ocrx_word' id='word_1_56' title='bbox 538 1202 574 1261; x_wconf 93' lang='lat' dir='ltr'>nt</span> <span class='ocrx_word' id='word_1_57' title='bbox 601 1220 681 1282; x_wconf 87' lang='lat' dir='ltr'>quae</span> <span class='ocrx_word' id='word_1_58' title='bbox 709 1221 775 1263; x_wconf 90' lang='lat' dir='ltr'>non</span> <span class='ocrx_word' id='word_1_59' title='bbox 802 1200 879 1263; x_wconf 85' lang='lat' dir='ltr'>item</span> <span class='ocrx_word' id='word_1_60' title='bbox 906 1201 1044 1284; x_wconf 83' lang='lat' dir='ltr'>simplici</span> <span class='ocrx_word' id='word_1_61' title='bbox 1065 1221 1142 1264; x_wconf 86' lang='lat' dir='ltr'>voce</span> <span class='ocrx_word' id='word_1_62' title='bbox 1164 1201 1313 1263; x_wconf 89' lang='lat' dir='ltr'>efferatur</span> <span class='ocrx_word' id='word_1_63' title='bbox 1334 1202 1372 1264; x_wconf 88' lang='lat' dir='ltr'>ut</span> 
     </span>
     <span class='ocr_line' id='line_1_9' title="bbox 231 1306 1371 1394; baseline 0.002 -24"><span class='ocrx_word' id='word_1_64' title='bbox 231 1306 438 1386; x_wconf 78' lang='grc' dir='ltr'>εὔθάλαεεον,</span> <span class='ocrx_word' id='word_1_65' title='bbox 460 1307 515 1371; x_wconf 91' lang='lat' dir='ltr'>sed</span> <span class='ocrx_word' id='word_1_66' title='bbox 537 1308 660 1372; x_wconf 87' lang='lat' dir='ltr'>duabus</span> <span class='ocrx_word' id='word_1_67' title='bbox 681 1309 868 1393; x_wconf 83' lang='lat' dir='ltr'>designetur</span> <span class='ocrx_word' id='word_1_68' title='bbox 889 1311 986 1394; x_wconf 89' lang='lat' dir='ltr'>longe</span> <span class='ocrx_word' id='word_1_69' title='bbox 1005 1310 1129 1373; x_wconf 89' lang='lat' dir='ltr'>fortius.</span> <span class='ocrx_word' id='word_1_70' title='bbox 1158 1309 1249 1373; x_wconf 89' lang='lat' dir='ltr'>Haec</span> <span class='ocrx_word' id='word_1_71' title='bbox 1264 1313 1371 1373; x_wconf 89' lang='lat' dir='ltr'>autem</span> 
     </span>
     <span class='ocr_line' id='line_1_10' title="bbox 231 1413 1369 1502; baseline 0.004 -24"><span class='ocrx_word' id='word_1_72' title='bbox 231 1413 294 1478; x_wconf 92' lang='lat' dir='ltr'>duo</span> <span class='ocrx_word' id='word_1_73' title='bbox 327 1416 536 1502; x_wconf 86' lang='lat' dir='ltr'>principalia,</span> <span class='ocrx_word' id='word_1_74' title='bbox 574 1439 655 1501; x_wconf 92' lang='lat' dir='ltr'>quae</span> <span class='ocrx_word' id='word_1_75' title='bbox 690 1421 766 1482; x_wconf 90' lang='lat' dir='ltr'>sunt</span> <span class='ocrx_word' id='word_1_76' title='bbox 798 1439 850 1482; x_wconf 88' lang='lat' dir='ltr'>ars</span> <span class='ocrx_word' id='word_1_77' title='bbox 888 1419 1041 1502; x_wconf 83' lang='lat' dir='ltr'>equestris</span> <span class='ocrx_word' id='word_1_78' title='bbox 1078 1423 1110 1483; x_wconf 87' lang='lat' dir='ltr'>et</span> <span class='ocrx_word' id='word_1_79' title='bbox 1146 1441 1197 1482; x_wconf 89' lang='lat' dir='ltr'>ars</span> <span class='ocrx_word' id='word_1_80' title='bbox 1232 1419 1369 1500; x_wconf 89' lang='lat' dir='ltr'>navalis,</span> 
     </span>
     <span class='ocr_line' id='line_1_11' title="bbox 230 1526 1371 1610; baseline 0.003 -23"><span class='ocrx_word' id='word_1_81' title='bbox 230 1544 359 1607; x_wconf 90' lang='lat' dir='ltr'>prorsus</span> <span class='ocrx_word' id='word_1_82' title='bbox 382 1526 467 1589; x_wconf 90' lang='lat' dir='ltr'>inter</span> <span class='ocrx_word' id='word_1_83' title='bbox 489 1548 523 1590; x_wconf 89' lang='lat' dir='ltr'>se</span> <span class='ocrx_word' id='word_1_84' title='bbox 551 1529 721 1610; x_wconf 87' lang='lat' dir='ltr'>exaequari</span> <span class='ocrx_word' id='word_1_85' title='bbox 748 1528 818 1610; x_wconf 89' lang='lat' dir='ltr'>ipsa</span> <span class='ocrx_word' id='word_1_86' title='bbox 847 1549 926 1590; x_wconf 89' lang='lat' dir='ltr'>sana</span> <span class='ocrx_word' id='word_1_87' title='bbox 957 1529 1039 1592; x_wconf 89' lang='lat' dir='ltr'>ratio</span> <span class='ocrx_word' id='word_1_88' title='bbox 1067 1529 1207 1592; x_wconf 87' lang='lat' dir='ltr'>iubebat.</span> <span class='ocrx_word' id='word_1_89' title='bbox 1252 1527 1371 1604; x_wconf 82' lang='lat' dir='ltr'>Quodsi</span> 
     </span>
     <span class='ocr_line' id='line_1_12' title="bbox 231 1633 1371 1722; baseline 0.004 -26"><span class='ocrx_word' id='word_1_90' title='bbox 231 1633 266 1696; x_wconf 88' lang='lat' dir='ltr'>in</span> <span class='ocrx_word' id='word_1_91' title='bbox 289 1633 344 1698; x_wconf 88' lang='lat' dir='ltr'>illa</span> <span class='ocrx_word' id='word_1_92' title='bbox 366 1640 461 1718; x_wconf 87' lang='lat' dir='ltr'>poeta</span> <span class='ocrx_word' id='word_1_93' title='bbox 483 1637 580 1700; x_wconf 82' lang='lat' dir='ltr'>vellet</span> <span class='ocrx_word' id='word_1_94' title='bbox 607 1636 792 1700; x_wconf 86' lang='lat' dir='ltr'>alendorum</span> <span class='ocrx_word' id='word_1_95' title='bbox 821 1658 970 1720; x_wconf 88' lang='lat' dir='ltr'>equorum</span> <span class='ocrx_word' id='word_1_96' title='bbox 999 1637 1230 1721; x_wconf 89' lang='lat' dir='ltr'>eorundemque</span> <span class='ocrx_word' id='word_1_97' title='bbox 1258 1659 1371 1722; x_wconf 86' lang='lat' dir='ltr'>regen-</span> 
     </span>
     <span class='ocr_line' id='line_1_13' title="bbox 231 1743 1370 1830; baseline 0.004 -25"><span class='ocrx_word' id='word_1_98' title='bbox 231 1743 342 1806; x_wconf 86' lang='lat' dir='ltr'>dorum</span> <span class='ocrx_word' id='word_1_99' title='bbox 365 1745 512 1809; x_wconf 81' lang='lat' dir='ltr'>notiones</span> <span class='ocrx_word' id='word_1_100' title='bbox 534 1745 731 1830; x_wconf 86' lang='lat' dir='ltr'>distinguere</span> <span class='ocrx_word' id='word_1_101' title='bbox 755 1747 806 1829; x_wconf 90' lang='lat' dir='ltr'>(eo</span> <span class='ocrx_word' id='word_1_102' title='bbox 829 1746 913 1810; x_wconf 89' lang='lat' dir='ltr'>enim</span> <span class='ocrx_word' id='word_1_103' title='bbox 936 1750 1080 1830; x_wconf 85' lang='lat' dir='ltr'>spectare</span> <span class='ocrx_word' id='word_1_104' title='bbox 1103 1748 1253 1812; x_wconf 83' lang='grc' dir='ltr'>εὔπωλον</span> <span class='ocrx_word' id='word_1_105' title='bbox 1276 1750 1370 1830; x_wconf 85' lang='lat' dir='ltr'>atque</span> 
     </span>
     <span class='ocr_line' id='line_1_14' title="bbox 232 1853 1369 1940; baseline 0.002 -22"><span class='ocrx_word' id='word_1_106' title='bbox 232 1853 369 1920; x_wconf 88' lang='grc' dir='ltr'>εὔιππον</span> <span class='ocrx_word' id='word_1_107' title='bbox 399 1854 554 1919; x_wconf 88' lang='lat' dir='ltr'>creditum</span> <span class='ocrx_word' id='word_1_108' title='bbox 580 1859 629 1919; x_wconf 89' lang='lat' dir='ltr'>est</span> <span class='ocrx_word' id='word_1_109' title='bbox 656 1855 873 1939; x_wconf 86' lang='lat' dir='ltr'>Hermanno),</span> <span class='ocrx_word' id='word_1_110' title='bbox 908 1857 976 1919; x_wconf 91' lang='lat' dir='ltr'>iure</span> <span class='ocrx_word' id='word_1_111' title='bbox 1003 1877 1136 1940; x_wconf 87' lang='lat' dir='ltr'>quaeras</span> <span class='ocrx_word' id='word_1_112' title='bbox 1165 1877 1220 1920; x_wconf 91' lang='lat' dir='ltr'>cur</span> <span class='ocrx_word' id='word_1_113' title='bbox 1248 1879 1314 1920; x_wconf 88' lang='lat' dir='ltr'>non</span> <span class='ocrx_word' id='word_1_114' title='bbox 1335 1857 1369 1920; x_wconf 92' lang='lat' dir='ltr'>in</span> 
     </span>
     <span class='ocr_line' id='line_1_15' title="bbox 232 1961 1370 2051; baseline 0.004 -25"><span class='ocrx_word' id='word_1_115' title='bbox 232 1962 293 2026; x_wconf 90' lang='lat' dir='ltr'>hac</span> <span class='ocrx_word' id='word_1_116' title='bbox 315 1985 438 2048; x_wconf 86' lang='lat' dir='ltr'>quoque</span> <span class='ocrx_word' id='word_1_117' title='bbox 458 1965 547 2028; x_wconf 75' lang='lat' dir='ltr'>velut</span> <span class='ocrx_word' id='word_1_118' title='bbox 567 1965 828 2030; x_wconf 82' lang='lat' dir='ltr'>fabricandamm</span> <span class='ocrx_word' id='word_1_119' title='bbox 849 1966 979 2030; x_wconf 86' lang='lat' dir='ltr'>narium</span> <span class='ocrx_word' id='word_1_120' title='bbox 1002 1961 1235 2051; x_wconf 70' lang='lat' dir='ltr'>earumdemque</span> <span class='ocrx_word' id='word_1_121' title='bbox 1257 1967 1370 2050; x_wconf 87' lang='lat' dir='ltr'>guber-</span> 
     </span>
     <span class='ocr_line' id='line_1_16' title="bbox 231 2073 1370 2160; baseline 0.004 -25"><span class='ocrx_word' id='word_1_122' title='bbox 231 2073 411 2136; x_wconf 87' lang='lat' dir='ltr'>nandarum</span> <span class='ocrx_word' id='word_1_123' title='bbox 434 2077 536 2138; x_wconf 88' lang='lat' dir='ltr'>artem</span> <span class='ocrx_word' id='word_1_124' title='bbox 563 2074 761 2140; x_wconf 78' lang='lat' dir='ltr'>distinxerit:</span> <span class='ocrx_word' id='word_1_125' title='bbox 789 2081 850 2139; x_wconf 83' lang='lat' dir='ltr'>ricc</span> <span class='ocrx_word' id='word_1_126' title='bbox 877 2075 963 2139; x_wconf 91' lang='lat' dir='ltr'>enim</span> <span class='ocrx_word' id='word_1_127' title='bbox 989 2077 1094 2140; x_wconf 88' lang='lat' dir='ltr'>minus</span> <span class='ocrx_word' id='word_1_128' title='bbox 1122 2076 1173 2140; x_wconf 89' lang='lat' dir='ltr'>vel</span> <span class='ocrx_word' id='word_1_129' title='bbox 1194 2076 1254 2140; x_wconf 85' lang='lat' dir='ltr'>hoo</span> <span class='ocrx_word' id='word_1_130' title='bbox 1276 2098 1370 2160; x_wconf 86' lang='lat' dir='ltr'>quam</span> 
     </span>
     <span class='ocr_line' id='line_1_17' title="bbox 232 2182 1371 2269; baseline 0.004 -25"><span class='ocrx_word' id='word_1_131' title='bbox 232 2182 309 2244; x_wconf 88' lang='lat' dir='ltr'>illud</span> <span class='ocrx_word' id='word_1_132' title='bbox 334 2183 533 2247; x_wconf 77' lang='lat' dir='ltr'>commodum</span> <span class='ocrx_word' id='word_1_133' title='bbox 554 2185 604 2248; x_wconf 88' lang='lat' dir='ltr'>vel</span> <span class='ocrx_word' id='word_1_134' title='bbox 626 2184 705 2248; x_wconf 91' lang='lat' dir='ltr'>illud</span> <span class='ocrx_word' id='word_1_135' title='bbox 727 2206 821 2269; x_wconf 90' lang='lat' dir='ltr'>quam</span> <span class='ocrx_word' id='word_1_136' title='bbox 844 2186 905 2249; x_wconf 90' lang='lat' dir='ltr'>hoc</span> <span class='ocrx_word' id='word_1_137' title='bbox 927 2185 1018 2249; x_wconf 86' lang='lat' dir='ltr'>exile.</span> <span class='ocrx_word' id='word_1_138' title='bbox 1047 2185 1166 2250; x_wconf 79' lang='lat' dir='ltr'>Velut</span> <span class='ocrx_word' id='word_1_139' title='bbox 1187 2187 1252 2248; x_wconf 87' lang='lat' dir='ltr'>iam</span> <span class='ocrx_word' id='word_1_140' title='bbox 1267 2185 1371 2249; x_wconf 89' lang='lat' dir='ltr'>verius</span> 
     </span>
     <span class='ocr_line' id='line_1_18' title="bbox 232 2291 1371 2378; baseline 0.004 -24"><span class='ocrx_word' id='word_1_141' title='bbox 232 2291 390 2356; x_wconf 86' lang='lat' dir='ltr'>dicamus:</span> <span class='ocrx_word' id='word_1_142' title='bbox 420 2296 589 2377; x_wconf 90' lang='lat' dir='ltr'>utrumque</span> <span class='ocrx_word' id='word_1_143' title='bbox 618 2294 709 2376; x_wconf 83' lang='lat' dir='ltr'>exile,</span> <span class='ocrx_word' id='word_1_144' title='bbox 740 2294 939 2358; x_wconf 88' lang='lat' dir='ltr'>commodum</span> <span class='ocrx_word' id='word_1_145' title='bbox 965 2299 1124 2358; x_wconf 90' lang='lat' dir='ltr'>neutrum.</span> <span class='ocrx_word' id='word_1_146' title='bbox 1169 2295 1276 2378; x_wconf 90' lang='lat' dir='ltr'>Atque</span> <span class='ocrx_word' id='word_1_147' title='bbox 1302 2295 1371 2378; x_wconf 88' lang='lat' dir='ltr'>ipse</span> 
     </span>
     <span class='ocr_line' id='line_1_19' title="bbox 230 2402 1368 2487; baseline 0.002 -23"><span class='ocrx_word' id='word_1_148' title='bbox 230 2405 337 2485; x_wconf 90' lang='lat' dir='ltr'>poeta,</span> <span class='ocrx_word' id='word_1_149' title='bbox 361 2402 437 2486; x_wconf 92' lang='lat' dir='ltr'>quid</span> <span class='ocrx_word' id='word_1_150' title='bbox 459 2403 594 2467; x_wconf 91' lang='lat' dir='ltr'>voluerit</span> <span class='ocrx_word' id='word_1_151' title='bbox 616 2403 690 2486; x_wconf 91' lang='lat' dir='ltr'>quid</span> <span class='ocrx_word' id='word_1_152' title='bbox 713 2425 789 2486; x_wconf 90' lang='lat' dir='ltr'>non,</span> <span class='ocrx_word' id='word_1_153' title='bbox 812 2407 881 2468; x_wconf 89' lang='lat' dir='ltr'>tam</span> <span class='ocrx_word' id='word_1_154' title='bbox 897 2407 981 2467; x_wconf 90' lang='lat' dir='ltr'>certe</span> <span class='ocrx_word' id='word_1_155' title='bbox 1000 2407 1032 2466; x_wconf 90' lang='lat' dir='ltr'>et</span> <span class='ocrx_word' id='word_1_156' title='bbox 1053 2408 1163 2487; x_wconf 89' lang='lat' dir='ltr'>aperte</span> <span class='ocrx_word' id='word_1_157' title='bbox 1184 2403 1368 2485; x_wconf 86' lang='lat' dir='ltr'>declaravit,</span> 
     </span>
     <span class='ocr_line' id='line_1_20' title="bbox 232 2509 1371 2598; baseline 0.002 -25"><span class='ocrx_word' id='word_1_158' title='bbox 232 2509 284 2574; x_wconf 86' lang='lat' dir='ltr'>vix</span> <span class='ocrx_word' id='word_1_159' title='bbox 312 2516 349 2574; x_wconf 90' lang='lat' dir='ltr'>ut</span> <span class='ocrx_word' id='word_1_160' title='bbox 369 2511 510 2594; x_wconf 89' lang='lat' dir='ltr'>potuisse</span> <span class='ocrx_word' id='word_1_161' title='bbox 533 2511 632 2576; x_wconf 88' lang='lat' dir='ltr'>errari</span> <span class='ocrx_word' id='word_1_162' title='bbox 655 2511 809 2576; x_wconf 85' lang='lat' dir='ltr'>rideatur.</span> <span class='ocrx_word' id='word_1_163' title='bbox 855 2511 915 2588; x_wconf 88' lang='lat' dir='ltr'>Qui</span> <span class='ocrx_word' id='word_1_164' title='bbox 938 2532 1031 2598; x_wconf 87' lang='lat' dir='ltr'>quem</span> <span class='ocrx_word' id='word_1_165' title='bbox 1057 2511 1097 2576; x_wconf 91' lang='lat' dir='ltr'>ad</span> <span class='ocrx_word' id='word_1_166' title='bbox 1120 2512 1247 2577; x_wconf 90' lang='lat' dir='ltr'>modum</span> <span class='ocrx_word' id='word_1_167' title='bbox 1270 2513 1371 2576; x_wconf 91' lang='lat' dir='ltr'>solam</span> 
     </span>
     <span class='ocr_line' id='line_1_21' title="bbox 231 2619 1371 2706; baseline 0.001 -23"><span class='ocrx_word' id='word_1_168' title='bbox 231 2619 410 2705; x_wconf 79' lang='lat' dir='ltr'>navigandi</span> <span class='ocrx_word' id='word_1_169' title='bbox 431 2621 581 2704; x_wconf 86' lang='lat' dir='ltr'>peritiam</span> <span class='ocrx_word' id='word_1_170' title='bbox 604 2622 745 2686; x_wconf 84' lang='lat' dir='ltr'>celebrat</span> <span class='ocrx_word' id='word_1_171' title='bbox 766 2622 801 2685; x_wconf 89' lang='lat' dir='ltr'>in</span> <span class='ocrx_word' id='word_1_172' title='bbox 824 2625 966 2685; x_wconf 82' lang='lat' dir='ltr'>extrema</span> <span class='ocrx_word' id='word_1_173' title='bbox 988 2621 1135 2706; x_wconf 89' lang='lat' dir='ltr'>stropha,</span> <span class='ocrx_word' id='word_1_174' title='bbox 1164 2623 1211 2686; x_wconf 87' lang='lat' dir='ltr'>ita</span> <span class='ocrx_word' id='word_1_175' title='bbox 1238 2622 1291 2686; x_wconf 90' lang='lat' dir='ltr'>hic</span> <span class='ocrx_word' id='word_1_176' title='bbox 1313 2621 1371 2685; x_wconf 93' lang='lat' dir='ltr'>mi·</span> 
     </span>
     <span class='ocr_line' id='line_1_22' title="bbox 233 2729 1370 2814; baseline 0.002 -22"><span class='ocrx_word' id='word_1_177' title='bbox 233 2729 318 2792; x_wconf 86' lang='lat' dir='ltr'>nime</span> <span class='ocrx_word' id='word_1_178' title='bbox 340 2734 542 2813; x_wconf 87' lang='lat' dir='ltr'>procreatum</span> <span class='ocrx_word' id='word_1_179' title='bbox 564 2729 749 2813; x_wconf 79' lang='lat' dir='ltr'>aNeptrmo</span> <span class='ocrx_word' id='word_1_180' title='bbox 772 2752 896 2814; x_wconf 85' lang='lat' dir='ltr'>equum,</span> <span class='ocrx_word' id='word_1_181' title='bbox 920 2731 975 2795; x_wconf 89' lang='lat' dir='ltr'>sed</span> <span class='ocrx_word' id='word_1_182' title='bbox 995 2732 1051 2795; x_wconf 90' lang='lat' dir='ltr'>illo</span> <span class='ocrx_word' id='word_1_183' title='bbox 1066 2735 1195 2797; x_wconf 84' lang='lat' dir='ltr'>auctore</span> <span class='ocrx_word' id='word_1_184' title='bbox 1209 2731 1370 2794; x_wconf 85' lang='lat' dir='ltr'>frenatum</span> 
     </span>
     <span class='ocr_line' id='line_1_23' title="bbox 232 2839 1369 2925; baseline 0.003 -24"><span class='ocrx_word' id='word_1_185' title='bbox 232 2861 266 2901; x_wconf 87' lang='lat' dir='ltr'>se</span> <span class='ocrx_word' id='word_1_186' title='bbox 297 2839 456 2923; x_wconf 88' lang='lat' dir='ltr'>cogitare,</span> <span class='ocrx_word' id='word_1_187' title='bbox 492 2861 558 2903; x_wconf 90' lang='lat' dir='ltr'>non</span> <span class='ocrx_word' id='word_1_188' title='bbox 590 2839 690 2924; x_wconf 85' lang='lat' dir='ltr'>igitur</span> <span class='ocrx_word' id='word_1_189' title='bbox 723 2840 842 2923; x_wconf 91' lang='lat' dir='ltr'>equitia</span> <span class='ocrx_word' id='word_1_190' title='bbox 875 2840 931 2904; x_wconf 87' lang='lat' dir='ltr'>sed</span> <span class='ocrx_word' id='word_1_191' title='bbox 962 2841 1138 2924; x_wconf 86' lang='lat' dir='ltr'>equitatum</span> <span class='ocrx_word' id='word_1_192' title='bbox 1168 2841 1369 2925; x_wconf 87' lang='lat' dir='ltr'>conlaudare,</span> 
     </span>
     <span class='ocr_line' id='line_1_24' title="bbox 232 2947 1371 3036; baseline 0.004 -26"><span class='ocrx_word' id='word_1_193' title='bbox 232 2947 417 3031; x_wconf 89' lang='lat' dir='ltr'>planissime</span> <span class='ocrx_word' id='word_1_194' title='bbox 439 2947 489 3012; x_wconf 91' lang='lat' dir='ltr'>his</span> <span class='ocrx_word' id='word_1_195' title='bbox 512 2970 593 3032; x_wconf 88' lang='lat' dir='ltr'>quae</span> <span class='ocrx_word' id='word_1_196' title='bbox 615 2948 731 3012; x_wconf 90' lang='lat' dir='ltr'>subicit</span> <span class='ocrx_word' id='word_1_197' title='bbox 758 2949 862 3014; x_wconf 88' lang='lat' dir='ltr'>verbis</span> <span class='ocrx_word' id='word_1_198' title='bbox 890 2949 998 3031; x_wconf 89' lang='lat' dir='ltr'>dccet,</span> <span class='ocrx_word' id='word_1_199' title='bbox 1033 2950 1146 3036; x_wconf 88' lang='lat' dir='ltr'>quibus</span> <span class='ocrx_word' id='word_1_200' title='bbox 1173 2969 1254 3033; x_wconf 89' lang='lat' dir='ltr'>non,</span> <span class='ocrx_word' id='word_1_201' title='bbox 1288 2951 1371 3034; x_wconf 93' lang='lat' dir='ltr'>quod</span> 
     </span>
     <span class='ocr_line' id='line_1_25' title="bbox 232 3057 1371 3141; baseline 0.004 -21"><span class='ocrx_word' id='word_1_202' title='bbox 232 3061 390 3140; x_wconf 87' lang='lat' dir='ltr'>potuerat,</span> <span class='ocrx_word' id='word_1_203' title='bbox 413 3058 516 3123; x_wconf 86' lang='grc' dir='ltr'>ἵππον</span> <span class='ocrx_word' id='word_1_204' title='bbox 539 3059 642 3123; x_wconf 68' lang='lat' dir='ltr'>artior</span> <span class='ocrx_word' id='word_1_205' title='bbox 665 3057 762 3141; x_wconf 85' lang='lat' dir='ltr'>dixit,</span> <span class='ocrx_word' id='word_1_206' title='bbox 786 3058 841 3122; x_wconf 88' lang='lat' dir='ltr'>sed</span> <span class='ocrx_word' id='word_1_207' title='bbox 861 3059 1004 3125; x_wconf 85' lang='grc' dir='ltr'>ἵπποιειν</span> <span class='ocrx_word' id='word_1_208' title='bbox 1026 3062 1084 3125; x_wconf 89' lang='grc' dir='ltr'>τὸν</span> <span class='ocrx_word' id='word_1_209' title='bbox 1108 3061 1263 3139; x_wconf 85' lang='grc' dir='ltr'>ἀκεετῆρα</span> <span class='ocrx_word' id='word_1_210' title='bbox 1284 3064 1371 3140; x_wconf 86' lang='grc' dir='ltr'>χαλι-</span> 
     </span>
     <span class='ocr_line' id='line_1_26' title="bbox 232 3168 1371 3246; baseline 0.001 -14"><span class='ocrx_word' id='word_1_211' title='bbox 232 3169 292 3232; x_wconf 91' lang='grc' dir='ltr'>νὸν</span> <span class='ocrx_word' id='word_1_212' title='bbox 316 3169 468 3246; x_wconf 84' lang='grc' dir='ltr'>πρώταιει</span> <span class='ocrx_word' id='word_1_213' title='bbox 489 3171 593 3233; x_wconf 74' lang='lat' dir='ltr'>solete</span> <span class='ocrx_word' id='word_1_214' title='bbox 616 3168 720 3233; x_wconf 77' lang='grc' dir='ltr'>κτίεαε</span> <span class='ocrx_word' id='word_1_215' title='bbox 741 3169 863 3245; x_wconf 68' lang='grc' dir='ltr'>ἀγυιαῖς</span> <span class='ocrx_word' id='word_1_216' title='bbox 886 3168 1013 3232; x_wconf 85' lang='lat' dir='ltr'>excluso</span> <span class='ocrx_word' id='word_1_217' title='bbox 1036 3168 1146 3233; x_wconf 89' lang='lat' dir='ltr'>altero.</span> <span class='ocrx_word' id='word_1_218' title='bbox 1191 3169 1279 3244; x_wconf 80' lang='lat' dir='ltr'>Quae</span> <span class='ocrx_word' id='word_1_219' title='bbox 1301 3193 1371 3233; x_wconf 87' lang='lat' dir='ltr'>cum</span> 
     </span>
     <span class='ocr_line' id='line_1_27' title="bbox 232 3275 1367 3362; baseline 0.004 -23"><span class='ocrx_word' id='word_1_220' title='bbox 232 3277 278 3340; x_wconf 89' lang='lat' dir='ltr'>ita</span> <span class='ocrx_word' id='word_1_221' title='bbox 301 3277 377 3360; x_wconf 90' lang='lat' dir='ltr'>sint,</span> <span class='ocrx_word' id='word_1_222' title='bbox 401 3275 504 3360; x_wconf 89' lang='lat' dir='ltr'>ipsam</span> <span class='ocrx_word' id='word_1_223' title='bbox 525 3277 611 3340; x_wconf 85' lang='lat' dir='ltr'>viam</span> <span class='ocrx_word' id='word_1_224' title='bbox 633 3277 778 3341; x_wconf 87' lang='lat' dir='ltr'>veritatis</span> <span class='ocrx_word' id='word_1_225' title='bbox 800 3277 910 3341; x_wconf 89' lang='lat' dir='ltr'>iniisse</span> <span class='ocrx_word' id='word_1_226' title='bbox 926 3275 1087 3362; x_wconf 86' lang='lat' dir='ltr'>Reisigius</span> <span class='ocrx_word' id='word_1_227' title='bbox 1111 3278 1286 3343; x_wconf 83' lang='lat' dir='ltr'>credendus</span> <span class='ocrx_word' id='word_1_228' title='bbox 1309 3283 1367 3362; x_wconf 89' lang='lat' dir='ltr'>est,</span> 
     </span>
     <span class='ocr_line' id='line_1_28' title="bbox 233 3386 1370 3473; baseline 0.003 -24"><span class='ocrx_word' id='word_1_229' title='bbox 233 3407 250 3449; x_wconf 85' lang='lat' dir='ltr'>e</span> <span class='ocrx_word' id='word_1_230' title='bbox 264 3386 457 3470; x_wconf 81' lang='lat' dir='ltr'>glossemate</span> <span class='ocrx_word' id='word_1_231' title='bbox 472 3386 643 3469; x_wconf 84' lang='lat' dir='ltr'>repetitum</span> <span class='ocrx_word' id='word_1_232' title='bbox 658 3387 833 3473; x_wconf 77' lang='grc' dir='ltr'>εὔιππον*)</span> <span class='ocrx_word' id='word_1_233' title='bbox 850 3387 1047 3452; x_wconf 84' lang='lat' dir='ltr'>confidenter</span> <span class='ocrx_word' id='word_1_234' title='bbox 1059 3388 1186 3452; x_wconf 88' lang='lat' dir='ltr'>tollens.</span> <span class='ocrx_word' id='word_1_235' title='bbox 1211 3386 1272 3452; x_wconf 83' lang='lat' dir='ltr'>Sed</span> <span class='ocrx_word' id='word_1_236' title='bbox 1288 3387 1370 3472; x_wconf 91' lang='lat' dir='ltr'>quod</span> 
     </span>
    </p>
   </div>
   <div class='ocr_carea' id='block_1_3' title="bbox 232 3637 1372 4264">
    <p class='ocr_par' dir='ltr' id='par_1_3' title="bbox 232 3637 1372 4264">
     <span class='ocr_line' id='line_1_29' title="bbox 300 3637 1372 3709; baseline -0.001 -15"><span class='ocrx_word' id='word_1_237' title='bbox 300 3641 324 3706; x_wconf 72' lang='lat' dir='ltr'>*l</span> <span class='ocrx_word' id='word_1_238' title='bbox 342 3641 502 3709; x_wconf 87' lang='lat' dir='ltr'>Iurspserat</span> <span class='ocrx_word' id='word_1_239' title='bbox 524 3639 581 3694; x_wconf 88' lang='lat' dir='ltr'>iam</span> <span class='ocrx_word' id='word_1_240' title='bbox 603 3641 725 3694; x_wconf 84' lang='grc' dir='ltr'>εὔιππον</span> <span class='ocrx_word' id='word_1_241' title='bbox 747 3639 899 3708; x_wconf 88' lang='lat' dir='ltr'>glossema,</span> <span class='ocrx_word' id='word_1_242' title='bbox 930 3655 993 3692; x_wconf 89' lang='lat' dir='ltr'>cum</span> <span class='ocrx_word' id='word_1_243' title='bbox 1018 3638 1089 3694; x_wconf 88' lang='lat' dir='ltr'>baec</span> <span class='ocrx_word' id='word_1_244' title='bbox 1109 3639 1197 3692; x_wconf 88' lang='lat' dir='ltr'>verba</span> <span class='ocrx_word' id='word_1_245' title='bbox 1220 3637 1372 3693; x_wconf 85' lang='lat' dir='ltr'>scholiasta</span> 
     </span>
     <span class='ocr_line' id='line_1_30' title="bbox 234 3731 1371 3802; baseline 0.001 -17"><span class='ocrx_word' id='word_1_246' title='bbox 234 3732 356 3802; x_wconf 81' lang='lat' dir='ltr'>scripsit:</span> <span class='ocrx_word' id='word_1_247' title='bbox 380 3735 505 3800; x_wconf 75' lang='lat' dir='ltr'>auptcov</span> <span class='ocrx_word' id='word_1_248' title='bbox 523 3735 540 3786; x_wconf 84' lang='grc' dir='ltr'>ὁ</span> <span class='ocrx_word' id='word_1_249' title='bbox 559 3733 691 3786; x_wconf 82' lang='grc' dir='ltr'>Κολωνὺε</span> <span class='ocrx_word' id='word_1_250' title='bbox 709 3733 838 3786; x_wconf 74' lang='lat' dir='ltr'>inuste</span> <span class='ocrx_word' id='word_1_251' title='bbox 856 3731 968 3796; x_wconf 80' lang='grc' dir='ltr'>ἐλέγετο</span> <span class='ocrx_word' id='word_1_252' title='bbox 987 3733 1031 3785; x_wconf 77' lang='grc' dir='ltr'>καὶ</span> <span class='ocrx_word' id='word_1_253' title='bbox 1044 3731 1190 3786; x_wconf 79' lang='grc' dir='ltr'>Ποεειδῶν</span> <span class='ocrx_word' id='word_1_254' title='bbox 1208 3734 1252 3785; x_wconf 79' lang='grc' dir='ltr'>και</span> <span class='ocrx_word' id='word_1_255' title='bbox 1266 3734 1371 3799; x_wconf 78' lang='grc' dir='ltr'>Ἀθηνᾶ</span> 
     </span>
     <span class='ocr_line' id='line_1_31' title="bbox 234 3824 1370 3894; baseline 0 -16"><span class='ocrx_word' id='word_1_256' title='bbox 234 3825 333 3878; x_wconf 79' lang='grc' dir='ltr'>αὐτόθι</span> <span class='ocrx_word' id='word_1_257' title='bbox 358 3826 481 3879; x_wconf 83' lang='grc' dir='ltr'>ἵππιοι.</span> <span class='ocrx_word' id='word_1_258' title='bbox 515 3825 588 3879; x_wconf 85' lang='lat' dir='ltr'>Nam</span> <span class='ocrx_word' id='word_1_259' title='bbox 614 3825 684 3879; x_wconf 85' lang='lat' dir='ltr'>hacc</span> <span class='ocrx_word' id='word_1_260' title='bbox 709 3824 745 3878; x_wconf 87' lang='lat' dir='ltr'>ad</span> <span class='ocrx_word' id='word_1_261' title='bbox 768 3826 901 3880; x_wconf 81' lang='grc' dir='ltr'>εὔπωλον</span> <span class='ocrx_word' id='word_1_262' title='bbox 929 3824 1095 3893; x_wconf 85' lang='lat' dir='ltr'>scripturam</span> <span class='ocrx_word' id='word_1_263' title='bbox 1121 3825 1247 3893; x_wconf 85' lang='lat' dir='ltr'>spectaro</span> <span class='ocrx_word' id='word_1_264' title='bbox 1272 3841 1370 3894; x_wconf 89' lang='lat' dir='ltr'>parum</span> 
     </span>
     <span class='ocr_line' id='line_1_32' title="bbox 234 3915 1371 3985; baseline 0 -15"><span class='ocrx_word' id='word_1_265' title='bbox 234 3933 299 3971; x_wconf 87' lang='lat' dir='ltr'>sans</span> <span class='ocrx_word' id='word_1_266' title='bbox 317 3915 457 3972; x_wconf 81' lang='lat' dir='ltr'>credibile.</span> <span class='ocrx_word' id='word_1_267' title='bbox 481 3945 514 3957; x_wconf 81' lang='lat'><em>-</em></span> <span class='ocrx_word' id='word_1_268' title='bbox 537 3917 669 3972; x_wconf 79' lang='lat' dir='ltr'>Consulto</span> <span class='ocrx_word' id='word_1_269' title='bbox 687 3917 781 3970; x_wconf 85' lang='lat' dir='ltr'>autom</span> <span class='ocrx_word' id='word_1_270' title='bbox 804 3915 849 3970; x_wconf 92' lang='lat' dir='ltr'>hic</span> <span class='ocrx_word' id='word_1_271' title='bbox 867 3919 1000 3970; x_wconf 80' lang='grc' dir='ltr'>εὔπωλον</span> <span class='ocrx_word' id='word_1_272' title='bbox 1017 3915 1143 3985; x_wconf 88' lang='lat' dir='ltr'>posuisse</span> <span class='ocrx_word' id='word_1_273' title='bbox 1160 3918 1246 3985; x_wconf 86' lang='lat' dir='ltr'>posta</span> <span class='ocrx_word' id='word_1_274' title='bbox 1262 3917 1371 3972; x_wconf 88' lang='lat' dir='ltr'>varian-</span> 
     </span>
     <span class='ocr_line' id='line_1_33' title="bbox 233 4007 1370 4078; baseline 0.004 -17"><span class='ocrx_word' id='word_1_275' title='bbox 233 4007 285 4062; x_wconf 87' lang='lat' dir='ltr'>dae</span> <span class='ocrx_word' id='word_1_276' title='bbox 308 4008 441 4063; x_wconf 88' lang='lat' dir='ltr'>orationis</span> <span class='ocrx_word' id='word_1_277' title='bbox 465 4027 563 4064; x_wconf 87' lang='lat' dir='ltr'>caussa</span> <span class='ocrx_word' id='word_1_278' title='bbox 585 4009 708 4075; x_wconf 86' lang='lat' dir='ltr'>videtur,</span> <span class='ocrx_word' id='word_1_279' title='bbox 734 4009 887 4078; x_wconf 84' lang='lat' dir='ltr'>postquam·</span> <span class='ocrx_word' id='word_1_280' title='bbox 911 4009 947 4063; x_wconf 90' lang='lat' dir='ltr'>ab</span> <span class='ocrx_word' id='word_1_281' title='bbox 970 4009 1094 4064; x_wconf 79' lang='grc' dir='ltr'>εὔίππου</span> <span class='ocrx_word' id='word_1_282' title='bbox 1115 4009 1234 4063; x_wconf 86' lang='lat' dir='ltr'>nominis</span> <span class='ocrx_word' id='word_1_283' title='bbox 1257 4011 1370 4065; x_wconf 83' lang='lat' dir='ltr'>notione</span> 
     </span>
     <span class='ocr_line' id='line_1_34' title="bbox 233 4101 1371 4171; baseline 0.003 -17"><span class='ocrx_word' id='word_1_284' title='bbox 233 4101 372 4155; x_wconf 88' lang='lat' dir='ltr'>canticum</span> <span class='ocrx_word' id='word_1_285' title='bbox 395 4119 473 4156; x_wconf 88' lang='lat' dir='ltr'>suum</span> <span class='ocrx_word' id='word_1_286' title='bbox 495 4119 577 4157; x_wconf 89' lang='lat' dir='ltr'>omne</span> <span class='ocrx_word' id='word_1_287' title='bbox 600 4118 713 4156; x_wconf 86' lang='lat' dir='ltr'>exorsus</span> <span class='ocrx_word' id='word_1_288' title='bbox 736 4105 792 4156; x_wconf 90' lang='lat' dir='ltr'>est:</span> <span class='ocrx_word' id='word_1_289' title='bbox 822 4101 987 4171; x_wconf 86' lang='lat' dir='ltr'>praesertim</span> <span class='ocrx_word' id='word_1_290' title='bbox 1011 4117 1073 4154; x_wconf 87' lang='lat' dir='ltr'>cnm</span> <span class='ocrx_word' id='word_1_291' title='bbox 1097 4101 1192 4155; x_wconf 87' lang='lat' dir='ltr'>statim</span> <span class='ocrx_word' id='word_1_292' title='bbox 1208 4101 1371 4170; x_wconf 89' lang='lat' dir='ltr'>insequatur</span> 
     </span>
     <span class='ocr_line' id='line_1_35' title="bbox 232 4193 1371 4264; baseline 0.004 -18"><span class='ocrx_word' id='word_1_293' title='bbox 232 4193 358 4248; x_wconf 79' lang='grc' dir='ltr'>ἵπποιειν</span> <span class='ocrx_word' id='word_1_294' title='bbox 375 4211 399 4246; x_wconf 90' lang='grc' dir='ltr'>ν.</span> <span class='ocrx_word' id='word_1_295' title='bbox 420 4199 476 4247; x_wconf 84' lang='grc'><strong>714.</strong></span> <span class='ocrx_word' id='word_1_296' title='bbox 513 4195 667 4262; x_wconf 87' lang='lat' dir='ltr'>Vtrumque</span> <span class='ocrx_word' id='word_1_297' title='bbox 686 4195 710 4248; x_wconf 87' lang='lat' dir='ltr'>si</span> <span class='ocrx_word' id='word_1_298' title='bbox 726 4193 867 4260; x_wconf 82' lang='lat' dir='ltr'>iunxisset,</span> <span class='ocrx_word' id='word_1_299' title='bbox 887 4195 1019 4248; x_wconf 81' lang='grc' dir='ltr'>εὔπωλον</span> <span class='ocrx_word' id='word_1_300' title='bbox 1037 4195 1159 4248; x_wconf 87' lang='grc' dir='ltr'>εὔιππον</span> <span class='ocrx_word' id='word_1_301' title='bbox 1176 4195 1269 4263; x_wconf 88' lang='lat' dir='ltr'>potius</span> <span class='ocrx_word' id='word_1_302' title='bbox 1288 4213 1371 4264; x_wconf 88' lang='lat' dir='ltr'>quam</span> 
     </span>
    </p>
   </div>
   <div class='ocr_carea' id='block_1_4' title="bbox 211 4284 1372 4432">
    <p class='ocr_par' dir='ltr' id='par_1_4' title="bbox 211 4284 1372 4432">
     <span class='ocr_line' id='line_1_36' title="bbox 211 4284 1372 4358; baseline 0.005 -21"><span class='ocrx_word' id='word_1_303' title='bbox 211 4284 341 4340; x_wconf 81' lang='lat' dir='ltr'>·invers0</span> <span class='ocrx_word' id='word_1_304' title='bbox 360 4285 456 4341; x_wconf 86' lang='lat' dir='ltr'>ordina</span> <span class='ocrx_word' id='word_1_305' title='bbox 475 4286 606 4354; x_wconf 82' lang='lat' dir='ltr'>dixisset,</span> <span class='ocrx_word' id='word_1_306' title='bbox 634 4286 699 4356; x_wconf 88' lang='lat' dir='ltr'>quia</span> <span class='ocrx_word' id='word_1_307' title='bbox 722 4303 801 4340; x_wconf 86' lang='lat' dir='ltr'>usum</span> <span class='ocrx_word' id='word_1_308' title='bbox 820 4287 849 4340; x_wconf 84' lang='lat' dir='ltr'>et</span> <span class='ocrx_word' id='word_1_309' title='bbox 866 4285 1040 4356; x_wconf 83' lang='lat' dir='ltr'>disciplinam</span> <span class='ocrx_word' id='word_1_310' title='bbox 1063 4286 1206 4356; x_wconf 86' lang='lat' dir='ltr'>praecedit</span> <span class='ocrx_word' id='word_1_311' title='bbox 1226 4290 1324 4358; x_wconf 86' lang='lat' dir='ltr'>partus</span> <span class='ocrx_word' id='word_1_312' title='bbox 1342 4291 1372 4351; x_wconf 89' lang='lat' dir='ltr'>et</span> 
     </span>
     <span class='ocr_line' id='line_1_37' title="bbox 232 4375 341 4432; baseline 0.018 -2"><span class='ocrx_word' id='word_1_313' title='bbox 232 4375 341 4432; x_wconf 84' lang='lat' dir='ltr'>alitura.</span> 
     </span>
    </p>
   </div>
   <div class='ocr_carea' id='block_1_5' title="bbox 0 0 1640 5094">
    <p class='ocr_par' dir='ltr' id='par_1_5' title="bbox 0 0 1640 5094">
     <span class='ocr_line' id='line_1_38' title="bbox 0 0 1640 5094; baseline 0 0"><span class='ocrx_word' id='word_1_314' title='bbox 0 0 1640 5094; x_wconf 95' lang='lat' dir='ltr'> </span> 
     </span>
    </p>
   </div>
  </div>
 </body>
</html>
