3184 5100
280 315 342 379 712
673 331 833 380 scannia
855 331 1029 380 es1rrean.

279 485 481 563 πανδάκρυτε
505 485 591 550 enim
614 485 648 549 in
672 485 762 550 bonis
778 485 900 570 aliquot
922 486 1011 550 libris
1034 485 1188 569 scriptum
1210 487 1260 549 est
1281 505 1337 568 pro
1359 504 1413 550 πο-

280 595 465 674 λυδάκρυτε.
510 594 650 660 Tantum
679 597 785 660 autern
811 600 1081 680 praetermorem
1104 597 1190 660 recte
1211 594 1292 658 vidit
1312 593 1414 658 Blom-

280 704 421 788 fieldius,
452 705 708 789 posthabendam
737 727 804 770 esse
833 707 1053 786 calabriacum
1075 704 1267 788 scripturam
1288 707 1415 788 propter

280 814 383 878 lusum
409 813 605 899 syllabarum
627 816 681 900 qui
709 815 849 880 cenatur
871 816 907 880 in
928 817 1099 884 πανάθλιε
1124 851 1163 863 -
1184 813 1414 893 πανδάκρυτει

279 1032 352 1118 Ego
373 1055 448 1100 vero
470 1038 503 1099 et
524 1036 600 1102 αιίτε
623 1036 815 1121 scripturam
835 1037 977 1102 omnium
997 1036 1065 1100 fere
1088 1034 1241 1100 librorum
1263 1037 1296 1098 et
1317 1031 1415 1117 dupli·

281 1143 409 1211 cernitis
433 1145 699 1212 exclamationem
721 1151 754 1211 et
775 1146 928 1212 iambicos
956 1168 1104 1213 versuum
1130 1165 1278 1210 numeros
1306 1143 1353 1210 sic
1373 1141 1415 1206 vi·

280 1254 356 1318 deor
377 1277 469 1341 posse
491 1255 607 1320 tutari:

433 1399 522 1454 ἈΝ7.
550 1390 588 1457 ἰὼ
610 1391 648 1458 ἰὼ
671 1393 871 1473 πάνδυρτε
894 1392 981 1478 τά.*)

433 1509 510 1567 ’tcta
547 1503 584 1567 cb
605 1504 639 1568 δ’
661 1502 738 1570 αὖτε
760 1503 810 1569 καὶ
831 1502 995 1570 πανάθλιε.

279 1653 396 1718 Rarior
419 1654 524 1718 forma
552 1655 734 1735 πάνδυρτος
760 1654 880 1739 legitur
903 1654 1001 1718 etiam
1026 1653 1193 1740 Sophoclis
1215 1653 1366 1718 Electrae
1387 1675 1414 1716 ν.
1536 1637 1537 1680 ³

282 1764 363 1829 1066
380 1761 475 1850 [1077
488 1762 611 1852 Dind.].
642 1764 692 1829 Ea
708 1767 815 1828 autem
830 1766 934 1829 curin
949 1765 1152 1845 πανδάκρυτε
1168 1765 1414 1843 converteretur,

279 1873 396 1956 duplex
418 1877 525 1957 potest
547 1895 658 1938 caussa
680 1875 833 1960 cogitari:
870 1873 976 1960 potuit
998 1875 1084 1938 enirn
1106 1873 1287 1938 litterarum
1309 1865 1417 1937 simili·

279 1983 356 2047 tudo
387 2005 499 2046 caussa
528 2004 596 2047 esse
624 1984 756 2067 erroris3
792 1985 899 2069 potuit
926 1985 1024 2049 etiam
1060 1985 1254 2069 'glossemate
1281 1982 1417 2069 pristina

280 2091 439 2175 scriptura
461 2092 635 2158 obscurari.
680 2092 783 2170 Quam
805 2095 840 2159 in
862 2116 930 2159 rem
951 2098 1024 2158 utor
1046 2094 1262 2178 explicatione
1284 2091 1416 2158 scholia·
1536 2107 1537 2182 j

269 2205 349 2266 stae
371 2201 410 2266 ad
426 2201 579 2288 Aeschyli
601 2203 690 2270 Pers.
713 2226 742 2270 v.
760 2205 823 2271 940
845 2203 920 2293 [944
942 2204 1071 2295 Dind.]:
1093 2203 1312 2292 πανόδυρτον]
1336 2203 1416 2280 πάν·
1536 2201 1537 2222 ’

279 2316 428 2379 κλαυτον.
473 2310 562 2388 Quod
590 2317 698 2379 autern
726 2315 761 2379 in
787 2314 897 2379 multis
924 2314 1014 2380 libris
1041 2315 1161 2400 legitur
1186 2314 1416 2394 reluctamine,

280 2419 311 2485 id
327 2423 420 2508 quale
435 2422 479 2488 sit
492 2423 627 2489 iudicari
649 2428 755 2510 potest
777 2447 816 2490 ex
838 2423 1083 2490 scholiastarum
1104 2423 1209 2490 verbis
1233 2425 1272 2488 ad
1289 2423 1416 2508 Septem

231 2553 262 2602 13
280 2554 307 2597 c.
331 2531 459 2598 Thebas
486 2533 548 2600 639
579 2533 653 2622 [654
675 2532 803 2628 Βάαλ]
841 2535 868 2599 ὦ
891 2535 1128 2624 πανδάκρυτον]
1153 2535 1180 2599 ὦ
1202 2537 1337 2601 πολλῶν
1365 2540 1416 2600 δα·

278 2643 386 2723 κρύυιν
402 2644 478 2723 ἄξιε,
502 2648 534 2708 et
551 2649 595 2708 B:
617 2645 854 2730 πανδάκρυτον]
877 2647 1098 2712 πολυπενθέει
1122 2666 1203 2730 quae
1218 2643 1417 2709 Blomfieldio

278 2774 447 2838 perperam
474 2753 543 2818 visa
570 2758 619 2820 ast
645 2753 790 2820 diversae
817 2755 995 2840 scripturae
1018 2755 1189 2840 explicatio
1211 2775 1297 2819 esse:
1334 2753 1416 2817 idern
1536 2767 1537 2814 ι

278 2863 430 2927 nimirum
457 2864 560 2928 visum
582 2867 631 2928 est
653 2863 852 2950 Wellauero‚
877 2888 896 2929 a
918 2865 1111 2932 scholiorum
1134 2863 1319 2950 cognitione
1341 2863 1416 2927 alio·
1536 2935 1537 2938 Ἴ

279 2972 333 3056 qui
355 2972 433 3037 satis
456 2973 571 3039 alieno.
587 2973 752 3039 —Primo
774 2985 882 3040 autem
904 2975 1060 3061 scriptum
1081 2975 1179 3040 fuisse
1203 2974 1415 3040 conieceram:
1536 2971 1537 2974 ’

430 3110 468 3174 ἰὼ
491 3109 528 3176 ἰὼ
551 3109 737 3190 ἀριδάκρυτε
760 3111 796 3179 τά
817 3148 860 3162 —-

279 3357 411 3437 propter
432 3355 631 3420 notationem
654 3355 815 3440 quandam
837 3355 1030 3421 scholiastae
1052 3355 1092 3421 ad
1114 3355 1285 3422 Persarum
1306 3379 1337 3420 ν.
1356 3355 1417 3420 944

281 3463 355 3551 [948
377 3464 504 3552 Βανά]
528 3466 714 3556 ἀρίδακρυν]
738 3469 954 3548 πολύδακρυν.
985 3465 1046 3532 Sed
1069 3467 1220 3532 abhorret
1243 3466 1310 3531 aius
1331 3464 1416 3530 modi

280 3596 387 3638 versus
410 3573 451 3640 ab
473 3575 565 3640 huius
589 3575 739 3641 carminis
762 3598 872 3641 severa
895 3576 1124 3660 concinnitate,
1148 3576 1183 3640 in
1198 3597 1260 3661 quo
1275 3573 1416 3661 syllabae

279 3685 384 3750 solent
416 3685 547 3769 syllabis
582 3685 763 3772 exaequari.
813 3687 960 3752 Ceterum
994 3687 1083 3772 quasi
1116 3686 1315 3770 praeteriens
1347 3707 1415 3771 per·
1463 3667 1475 3682 ’

278 3793 405 3879 stringo
427 3793 619 3867 Blomfieldii
642 3796 826 3880 opinionem
848 3796 888 3860 ad
909 3797 1039 3883 Septem
1060 3819 1090 3862 κ.
1115 3797 1178 3862 369
1202 3795 1288 3884 [349]
1312 3795 1417 3880 prodi·
1536 3783 1537 3820 ³

279 3907 362 3987 tam,
386 3905 441 3969 nbi
464 3909 681 3991 praepostero,
705 3911 741 3972 ut
763 3907 911 3990 arbitror,
935 3907 1040 3972 studio
1062 3907 1296 3974 colonariam
1318 3906 1415 3990 scrip·

279 4014 322 4078 sit
342 4036 401 4099 pro
422 4019 644 4094 παγκλαύτων.

346 4251 371 4319 *)
385 4251 515 4320 [Probavi
532 4253 585 4310 hoc
600 4253 632 4309 G.
646 4253 797 4310 Dindcrfio.
822 4253 982 4310 Hermanno
999 4252 1172 4325 probabilius
1191 4253 1280 4310 visum
1297 4255 1416 4322 δακρυτέ

279 4344 552 4415 hachmannianum.]
1536 4347 1537 4350 ’
