3254 5092
252 343 315 406 23ss
605 358 761 405 marana
784 357 1044 407 ιυιοιιυυοιυυυλ

336 511 366 576 5.
397 511 510 576 Suidas
533 533 561 574 v.
588 512 826 591 Ἐρατοτθένητι
848 515 987 592 μαθητὴς
1004 513 1204 592 Καλλιμάχου
1219 519 1277 578 τοῡ
1298 535 1388 593 ποιη-

252 628 319 688 τοῦ.
348 621 452 704 Vnde,
471 643 542 686 cum
556 621 736 685 nesciamus
752 621 840 685 cuius
852 621 937 686 modi
954 622 1010 685 illa
1025 621 1185 686 institutio
1200 623 1307 706 fuerit,
1324 623 1390 688 sive

253 753 384 816 puerum
399 732 645 796 Eratosthenem
661 732 695 796 in
710 733 780 796 rico
794 731 959 796 Eleusinio
975 733 1041 796 eius
1056 733 1172 796 scholis
1194 733 1389 816 interfuisse,

253 843 283 906 id
307 843 389 926 quod
411 842 516 924 minus
538 842 702 925 probabile
725 847 789 924 est,
814 864 884 906 curn
905 842 1089 906 Weicherto
1112 842 1133 905 l.
1159 864 1185 906 e.
1209 843 1300 926 dicis,
1323 844 1391 908 sive

252 952 414 1037 Euergeta
428 955 587 1036 regnante
602 954 643 1016 ab
658 974 695 1017 eo
710 953 819 1016 nescio
840 975 902 1036 qua
923 937 1092 1035 disciplina
1108 952 1264 1017 eruditum
1285 954 1389 1037 ponis,

253 1063 303 1126 vix
332 1063 501 1146 quicquam
528 1062 667 1144 efficias,
697 1083 792 1146 quam
815 1061 1046 1127 Callimachum
1069 1062 1284 1142 Eratosthene
1312 1067 1391 1128 natu

253 1172 421 1254 maiorem,
445 1173 505 1236 hoc
528 1175 577 1236 est
599 1175 674 1236 ante
697 1173 738 1237 ol.
765 1173 826 1238 125
847 1175 959 1236 natum
982 1193 1059 1237 esse.

337 1331 367 1396 6.
397 1332 561 1415 Apollonii
584 1333 650 1396 vita
674 1357 704 1416 p.
721 1335 742 1398 9
762 1333 811 1398 ed.
835 1333 948 1397 Well.:
973 1335 1173 1414 Καλλιμάχου
1194 1338 1331 1415 μαθητὴς
1353 1339 1391 1401 τὸ

252 1445 309 1522 μὲν
331 1446 463 1522 πρῶτον
480 1445 585 1514 (υνὼν
608 1445 794 1526 Καλλιμάχῳ
816 1449 862 1527 τῷ
885 1443 953 1528 ἰδίῳ
976 1445 1172 1528 διδατκάλῳ,
1195 1445 1260 1524 ὀψὲ
1282 1448 1317 1510 δὲ
1340 1447 1391 1510 ἐπὶ

252 1553 290 1617 τά
313 1556 417 1619 ποιεῖν
440 1554 598 1633 ποιήματα
621 1555 785 1634 ἐτράπετο.
830 1553 943 1618 Suidas
965 1576 995 1616 v.
1018 1553 1106 1633 Ἴβιτι
1129 1554 1191 1619 ἔετι
1214 1557 1249 1620 δὲ
1272 1556 1391 1634 ποίημα

253 1663 535 1741 ἐπιτετηδευμένον
551 1663 594 1728 εἰ(
616 1663 773 1743 ἀτάφειαν
796 1665 845 1727 καὶ
868 1663 1031 1743 λοιδορίαν
1048 1663 1092 1728 εἴτ
1114 1684 1183 1729 τινα
1204 1665 1279 1744 Ἰβιν
1301 1665 1392 1742 γενά-

88 1769 93 1778 ’
184 1797 235 1848 856
253 1793 351 1850 μενον
374 1773 491 1852 ἐχθρὸν
505 1777 564 1838 τοῦ
582 1774 795 1853 Καλλιμάχου·
818 1773 857 1851 ἦν
880 1775 916 1837 δὲ
931 1771 1027 1838 οὗτοι
1050 1775 1269 1840 Ἀπολλώνιος
1284 1775 1303 1839 ὁ
1318 1777 1392 1855 γρά-

253 1902 318 1960 ψα(
346 1884 385 1946 τά
413 1883 648 1962 Ἀμγοναυτικά
693 1881 783 1945 Nihil
811 1882 845 1944 in
872 1881 922 1945 his
950 1882 1049 1964 inest,
1080 1904 1135 1946 cur
1162 1881 1392 1948 Callimachum

252 1993 384 2073 propter
411 1989 590 2074 Apollonii,
625 2013 705 2075 quae
732 1991 940 2056 Eratostheni
967 1992 1108 2076 aequalis
1137 1995 1224 2075 erat,
1254 1997 1392 2057 aetatem

253 2099 307 2163 diu
329 2103 402 2183 post
417 2099 598 2185 Euergetae
620 2102 745 2185 imperii
767 2101 894 2164 initium
917 2104 1075 2164 mortuum
1091 2123 1158 2165 esse
1181 2107 1237 2166 aut
1260 2107 1391 2166 conten-

254 2210 364 2273 damus
398 2213 454 2273 aut
485 2232 648 2295 negemus.
708 2211 776 2274 Nec
809 2211 880 2294 plus
917 2211 1098 2294 proficimus
1133 2233 1240 2275 eorum
1273 2215 1390 2294 aetate,

254 2341 386 2404 quorum
413 2323 579 2403 praeterea
605 2324 663 2385 aut
689 2324 878 2405 praeceptor
905 2323 960 2384 aut
989 2320 1109 2385 amicus
1136 2321 1233 2384 fuisse
1263 2321 1390 2404 dicitnr,

253 2433 289 2493 ut
304 2429 461 2494 Heracliti
477 2429 773 2496 Halicarnassensis
796 2429 902 2494 Strab.
920 2429 998 2494 XIV
1020 2453 1051 2513 p.
1068 2431 1141 2512 656,
1165 2429 1260 2515 Diog.
1284 2431 1389 2495 Laert.

253 2539 316 2622 lX,
348 2541 402 2621 17,
432 2539 676 2624 Philostephani
704 2539 859 2624 Cyrenaei
889 2539 1007 2603 Athen.
1037 2538 1133 2622 VIII,
1163 2541 1223 2603 331
1241 2545 1283 2621 Ι),
1317 2539 1392 2604 Istri

255 2649 341 2716 Suid.
365 2649 497 2730 ’lcrpoc‚
524 2649 694 2734 Hermippi
716 2649 836 2713 Athen.
860 2647 940 2713 XIII
962 2672 995 2732 p.
1018 2649 1081 2714 589
1097 2655 1129 2732 0,
1154 2649 1194 2712 al.

337 2819 449 2902 Itaque
477 2840 558 2903 quae
580 2841 619 2882 ex
647 2819 697 2882 his
704 2869 712 2900 ,
742 2820 768 2882 si
792 2823 894 2884 certos
923 2839 1070 2884 niuneros
1092 2819 1289 2902 quaerimus,
1319 2841 1391 2884 con-

255 2931 360 3011 stant,
383 2928 464 2992 haec
486 2931 576 2993 sunt:
599 2933 757 2992 mortuum
779 2951 847 2993 esse
863 2927 1093 2994 Callimachum
1117 2929 1201 2993 inter
1216 2930 1257 2993 ol.
1278 2931 1338 2995 135
1360 2933 1393 2993 et

257 3038 327 3120 139,
344 3039 375 3120 3,
398 3042 510 3102 natum
533 3059 592 3102 nee
615 3043 691 3103 ante
712 3039 753 3103 ol.
778 3040 839 3103 118
854 3059 914 3103 nec
936 3041 1008 3122 post
1028 3038 1069 3103 ol.
1090 3038 1160 3102 126.
1194 3038 1264 3102 Iam
1285 3043 1391 3103 autem

254 3149 378 3212 accedit
399 3148 534 3212 Taetaae
562 3150 612 3212 vel
641 3149 708 3213 eius
737 3148 842 3232 potius
869 3169 963 3232 quem
990 3148 1045 3211 ille
1074 3152 1236 3212 auctorem
1265 3153 1391 3214 secutus

254 3262 302 3321 est
338 3257 570 3340 testimonium,
609 3259 691 3342 quod
725 3257 957 3324 Callimachum
988 3257 1198 3340 Philadelpho
1233 3263 1391 3342 regnante

254 3368 488 3452 adolescentem
509 3369 607 3433 fuisse
624 3369 773 3433 certiores
788 3389 846 3433 nos
868 3367 957 3431 facit.
997 3365 1142 3432 Caicum
1157 3389 1223 3431 non
1245 3389 1390 3452 pugnan-

252 3478 338 3542 tibus
361 3479 416 3561 iis,
440 3500 520 3562 quae
542 3478 669 3543 aliunde
688 3482 838 3542 constant
845 3527 853 3560 ,
878 3498 943 3542 non
965 3477 1008 3540 sit
1030 3498 1086 3540 cur
1107 3477 1185 3540 fides
1208 3477 1393 3562 abrogeturJ

253 3589 395 3672 sequitur
428 3611 549 3652 annum
581 3589 723 3652 natalem
756 3589 853 3653 etiam
887 3587 971 3652 ultra
1004 3586 1045 3649 ol.
1080 3585 1141 3651 120
1174 3587 1388 3670 quaerendum

253 3719 338 3780 esse,
370 3701 405 3762 ut
432 3698 540 3763 omnia
569 3698 650 3762 bene
678 3720 784 3762 secum
808 3695 1020 3780 composuisse
1042 3696 1134 3760 nobis
1156 3696 1335 3778 videamur,
1364 3696 1391 3759 si

254 3809 338 3872 inter
369 3809 410 3872 ol.
438 3808 494 3871 121
519 3811 552 3872 et
577 3809 637 3873 139
665 3808 731 3872 eius
759 3807 859 3873 vitam
888 3806 1128 3871 coercuerimus.
1179 3805 1230 3869 Ad
1258 3805 1391 3869 senilem

254 3920 361 3982 autem
384 3939 455 3982 cnm
477 3923 644 4001 provectus
668 3937 736 3981 esse
758 3917 903 3981 videatur
926 3919 1065 3980 aetatem
1088 3914 1184 4000 (Stat.
1208 3914 1278 3978 silv.
1302 3914 1334 3996 Ι,
1358 3915 1390 3996 2,

253 4027 331 4110 253;
355 4027 435 4093 Call.
460 4027 562 4110 epigr.
578 4026 631 4109 22,
655 4027 689 4108 63
712 4026 840 4091 Hecker
862 4048 894 4109 p.
915 4027 978 4111 18),
1003 4047 1063 4090 nec
1084 4046 1168 4089 mors
1191 4045 1250 4088 nee
1273 4023 1391 4088 natalis

254 4159 358 4200 annus
395 4137 492 4220 longe
525 4137 565 4200 ab
598 4157 635 4201 eo
669 4157 762 4219 quem
792 4136 960 4200 statuimus
993 4135 1057 4198 fine
1089 4134 1236 4198 recedere
1273 4137 1389 4216 potest.

255 4245 374 4310 Contra
402 4245 486 4310 hanc
514 4247 629 4310 aetatis
658 4245 876 4310 definitionem
903 4266 941 4308 ea
969 4265 1107 4328 quoque,
1141 4265 1221 4328 qnae
1250 4265 1267 4306 e
1297 4243 1391 4308 Calli-

254 4355 359 4418 machi
383 4355 576 4420 eanninibus
595 4361 627 4420 et
648 4355 841 4440 fragmentis
864 4355 904 4419 ad
927 4375 1032 4418 rerum
1054 4353 1254 4437 publicarum
1275 4373 1391 4416 merno-
