3254 5086
538 380 799 430 ouononoarvu
822 381 1104 432 vrunoaounusn.
1322 367 1385 432 573

329 533 420 600 Haec
446 533 547 620 igitur
579 535 880 616 neocosmum,
915 539 1085 617 γνῶμαι,
1119 535 1385 616 παραινέτειτ,

245 645 362 725 ὅμοια
389 645 553 729 quaeritur
578 667 656 709 num
684 650 835 728 excerpta
862 644 963 709 videri
991 666 1029 709 ex
1058 644 1216 710 Orionis
1239 644 1385 709 Antho-

244 755 354 840 logio
376 756 512 839 possint.
549 758 656 840 Atque
678 753 756 819 illud
779 758 865 820 certe
886 749 981 820 nemo
1003 754 1130 839 obiciet,
1153 754 1236 839 quod
1258 757 1386 839 practer

245 865 404 930 rationem
426 867 609 949 φιλότοφο(
636 868 769 932 vocatur
790 865 882 950 Orio,
905 865 1051 950 idemque
1073 867 1156 949 quod
1178 865 1247 948 ipse
1269 865 1385 946 εἰρηκέ·

244 997 298 1042 ναι
328 975 460 1059 dicitur,
496 996 592 1061 quae,
629 975 684 1060 qui
711 977 791 1042 haee
819 973 1094 1061 apophthegmata
1121 973 1385 1040 Vindobonensia

246 1087 434 1170 composuit,
458 1085 494 1150 in
514 1086 597 1150 libro
619 1086 749 1150 Orionis
770 1085 900 1150 nomine
922 1086 1077 1169 inscripto
1099 1083 1286 1169 reppererit.
1316 1083 1386 1149 Nee

245 1197 314 1261 leve
341 1196 466 1280 pondus
488 1196 537 1260 illi
560 1196 762 1262 coniecturae
785 1196 936 1261 accedere
957 1195 1116 1280 quispiam
1138 1217 1177 1260 ex
1198 1217 1235 1260 eo
1258 1197 1383 1280 arguat,

245 1306 329 1390 quod
350 1329 449 1371 unum
465 1306 623 1392 quoddam
638 1307 795 1372 editorum
810 1329 829 1371 a
844 1307 937 1372 nobis
951 1306 1259 1392 apophthegmatum
1272 1325 1386 1388 reapse

246 1419 351 1481 exstat
373 1417 458 1501 apud
480 1439 590 1482 verum
612 1421 645 1481 et
667 1417 882 1484 indubitatum
905 1416 1058 1481 Orionem
1080 1416 1131 1480 tit.
1154 1416 1181 1500 I,
1197 1415 1255 1481 26:
1278 1416 1386 1481 ἃποι-

246 1531 294 1593 εἳν
316 1527 463 1608 αἰτχρὸν,
491 1530 570 1608 μηδὲ
597 1529 704 1608 νόμιζε
727 1530 842 1606 λέγειν.
886 1525 956 1592 Nec
977 1524 1121 1610 impedit,
1145 1525 1313 1610 quominus
1335 1525 1384 1589 in-

246 1637 352 1701 didem
374 1637 476 1721 petita
498 1638 620 1723 reliqua
641 1640 807 1724 putemus,
838 1637 1029 1720 scriptorum
1058 1638 1147 1700 aetas
1168 1635 1219 1700 vel
1240 1636 1385 1700 nomina-

245 1747 304 1811 tim
331 1747 381 1812 vel
410 1747 510 1813 tacito
538 1748 668 1813 nomine
694 1749 919 1832 usurpatorum
925 1797 934 1830 ,
970 1745 1183 1832 Protagorae,
1218 1744 1384 1830 Diogenis,

246 1857 394 1942 Secundi,
417 1857 627 1943 Antiphanis,
652 1857 757 1942 Sexti,
780 1857 944 1941 Platonis,
964 1856 1132 1939 Isocratis,
1161 1855 1331 1920 Menandri
1354 1857 1387 1920 et

247 1970 438 2052 ceterorum,
470 1989 548 2053 quos
584 1969 619 2033 in
646 1968 855 2033 adnotatione
882 1966 1137 2032 memoravimus.
1187 1965 1272 2030 Nam
1303 1965 1387 2049 quod

246 2077 322 2142 Nilo
344 2079 493 2164 episeopo
515 2099 579 2143 una
602 2079 763 2144 sententia
785 2078 820 2142 in
835 2077 969 2142 Maximi
993 2079 1025 2141 et
1041 2075 1178 2141 Antonii
1200 2075 1279 2140 locis
1303 2097 1386 2139 eom-

246 2188 395 2253 munibus
423 2189 589 2271 tribuitur,
624 2210 690 2253 non
717 2188 788 2272 plur
818 2187 906 2252 valet
931 2208 1026 2272 quam
1054 2186 1138 2270 quod
1164 2185 1199 2249 in
1226 2186 1297 2269 ipsa
1319 2184 1386 2248 Nili

247 2301 467 2379 παραινέεενιν
491 2299 679 2364 collectione
702 2299 805 2364 altera
826 2298 984 2382 quaedam
1006 2299 1125 2361 exstat:
1157 2317 1239 2380 qnae
1260 2294 1388 2379 quidem

248 2429 319 2472 eum
341 2409 414 2473 aliis
435 2408 470 2472 in
493 2407 560 2473 Nili
582 2409 728 2494 syllogen
756 2429 888 2473 manare
917 2428 955 2471 ex
984 2406 1216 2490 antiquioribus
1243 2404 1387 2469 fontibus

247 2519 362 2601 potuit.
413 2517 532 2583 Verum
570 2519 719 2604 graviora
758 2539 836 2584 sane
873 2520 1064 2602 argumenta
1096 2518 1235 2599 restant,
1273 2514 1387 2598 quibus

247 2628 339 2692 valde
369 2628 597 2712 labefactetur,
635 2621 733 2714 'quam
767 2628 909 2693 nondum
942 2626 1079 2711 cognitis
1112 2623 1274 2690 Lambecii
1313 2646 1388 2708 apo·

247 2739 467 2824 phthegmatis
482 2738 558 2802 olim
580 2738 799 2823 proposuimus
824 2738 1049 2803 coniecturam.
1080 2735 1165 2800 Nam
1180 2735 1317 2818 primum
1339 2733 1387 2797 in·

248 2848 334 2913 doles
356 2849 555 2933 quanmdam
578 2849 811 2913 sententiarum
832 2851 867 2912 in
890 2846 1089 2914 Christianos
1114 2845 1221 2928 potius
1242 2844 1387 2908 homines

247 2958 372 3023 videtur
395 2959 576 3042 convenire,
600 2959 688 3024 velut
708 2959 839 3023 harum:
871 2960 929 3026 τὸν
953 2958 1183 3038 εὐεργετοῦντα
1206 2976 1238 3022 ιε
1261 2955 1305 3021 εἰ(
1326 2977 1387 3035 ψυ-

247 3071 309 3150 χὴν
343 3070 388 3134 ὼε
423 3069 583 3152 ὑπηρέτην
617 3071 805 3162 occepere
838 3069 915 3134 θεὸν
942 3069 1027 3148 ripe:
1065 3066 1168 3148 ἀρχὴν
1195 3067 1387 3147 μαθημάτων

248 3181 357 3259 λαβὼν
380 3180 545 3261 πρόκοπτε
566 3185 605 3264 τῇ
627 3183 686 3245 τοῦ
708 3183 785 3244 θεοῦ
814 3181 929 3261 βουλῇς
968 3176 1129 3243 ἀδύνατόν
1159 3176 1221 3241 dtu
1249 3177 1307 3241 τὸν
1330 3176 1384 3256 ὀμ-

247 3295 312 3354 erte
341 3293 565 3370 βιοῦντα...
594 3291 774 3370 πεμιπετεῑν
803 3288 986 3367 πταίτματιν
1014 3286 1162 3367 αἰτχύνηι
1190 3306 1217 3350 e.
1241 3307 1272 3368 q.
1296 3307 1321 3349 s.
1355 3288 1388 3348 et

250 3399 356 3478 decep
384 3401 419 3464 δὲ
448 3400 569 3479 τκώληξ
597 3447 664 3463 ...
693 3398 785 3464 οὕτω
813 3398 863 3463 καὶ
890 3397 909 3475 ἡ
939 3396 1073 3477 ἁμαρτία
1100 3396 1239 3475 μένοντα
1272 3394 1308 3461 ἐν
1341 3400 1387 3478 τῷ

247 3511 414 3589 ποιήεαντι
435 3509 544 3588 αὐτήν.
581 3507 642 3574 Sed
665 3512 774 3572 tamen
797 3509 833 3570 ut
855 3505 1026 3570 eiusmodi
1048 3503 1203 3590 quaedam
1225 3503 1388 3586 potuerint

248 3619 417 3683 admisceri
439 3639 505 3683 non
521 3641 559 3682 ex
576 3619 695 3684 Orione
717 3621 862 3700 sumptas
886 3616 983 3680 etiam
1000 3616 1150 3680 universa
1171 3613 1254 3678 ratio
1276 3613 1388 3677 horum

248 3729 558 3813 apophthegmatum
586 3728 702 3792 mirum
730 3727 954 3811 quaatumab
982 3726 1110 3791 Orionis
1145 3724 1294 3790 instituto
1326 3723 1388 3787 dis·

249 3843 369 3924 erepat.
401 3837 588 3904 Vberrimus
610 3838 664 3902 ille
687 3841 737 3902 est
758 3839 925 3922 poetarum
940 3833 1045 3920 dictis,
1068 3839 1102 3900 et
1123 3856 1232 3900 eornm
1249 3833 1386 3920 quidem,
1460 3819 1469 3834 ⁶

248 3951 418 4036 inquibus
447 3949 505 4014 flos
534 3952 567 4014 et
593 3948 690 4012 robur
712 3946 791 4012 artis
814 3949 847 4010 et
868 3945 1048 4010 litterarum
1069 3965 1258 4030 graecarum
1287 3943 1387 4008 consi-

248 4061 320 4124 stit:
357 4061 441 4125 idem
463 4057 669 4144 parcissimus
690 4056 923 4122 sententiarum
946 4076 965 4119 a
987 4055 1185 4139 philosophis
1206 4055 1388 4139 suppedita-

247 4171 363 4232 tarum.
408 4169 529 4235 Contra
550 4169 601 4233 his
624 4167 703 4252 ipsis
726 4167 823 4253 longe
845 4167 985 4231 maxima
1007 4187 1081 4249 pars
1104 4165 1246 4248 syllegae
1268 4164 1388 4230 Vindo·
1407 4181 1438 4234 lx

248 4279 399 4343 bonensis
428 4283 570 4363 constat,
605 4277 805 4362 paucissimis
835 4275 989 4340 immixtis
1017 4273 1181 4339 versiculis
1210 4278 1386 4359 poetarum.

249 4389 308 4472 At,
338 4389 458 4473 inquit,
492 4390 554 4454 boc
584 4389 652 4472 ipse
681 4388 749 4471 egit
776 4386 965 4472 quicumque
993 4386 1167 4470 excerpsit,
1202 4387 1238 4448 ut
1260 4384 1385 4450 omissis
