3270 5094
576 341 613 391 m
635 339 809 394 insanam
831 339 1084 392 raousmavu.
1179 411 1182 418 Ι
1342 321 1405 392 383

350 492 391 561 V.
415 497 488 562 609.
518 495 700 582 Perpolitur
721 517 830 561 versus
852 501 980 581 recepto
1003 496 1148 561 Elmsleii
1170 498 1335 581 praeclaro
1357 499 1404 562 in·

265 610 362 671 vento
385 610 418 670 et
440 609 566 671 servata
588 607 701 670 ultima
724 611 783 688 χρὴ
805 607 893 672 vocis
914 607 1039 672 littera:

460 760 635 833 παθεῖντί
657 764 783 840 μῆχαρ
806 761 825 838 ἢ
848 760 880 824 τί
903 760 1072 841 φάρμακον
1096 761 1210 836 νόεου;
1334 763 1336 767 ’

265 911 317 976 Ita
347 911 388 976 ad
421 911 572 975 amussim
603 911 774 994 respondet
807 911 983 995 strophico‚
1018 933 1037 974 a
1063 911 1247 976 Wellauero
1279 911 1405 977 demum
1424 921 1481 970 xxv

266 1025 385 1085 temere
408 1024 566 1103 corrupto.

349 1130 390 1195 V.
406 1131 468 1196 645
491 1131 615 1195 diversa
631 1130 800 1215 scriptura,
824 1129 950 1195 etiamsi
972 1153 1037 1196 non
1052 1131 1246 1216 recipienda,
1271 1136 1406 1217 atquae

267 1241 391 1306 exstitit
412 1243 522 1304 tamen
545 1241 636 1323 oiim,
665 1241 760 1304 latuit
781 1241 816 1306 in
838 1243 1003 1307 πεύεοιεθε
1024 1241 1282 1325 RoborteIliano,
1319 1241 1352 1306 h.
1376 1263 1403 1305 e.

266 1356 438 1434 πευεεῑεθε,
461 1354 498 1430 ut
520 1354 568 1415 est
590 1351 676 1415 infra
697 1373 727 1414 ν.
750 1350 814 1415 990
835 1355 1020 1417 πευεεῑεθαι.
1065 1350 1148 1416 Vide
1163 1351 1348 1416 Fischerum
1363 1351 1403 1416 ad

226 1533 231 1547 ,
266 1461 363 1526 Well.
387 1461 473 1545 Hp.
496 1461 570 1544 428,
594 1459 791 1525 Brunckium
814 1459 854 1523 ad
875 1460 1007 1544 Hippoi.
1034 1461 1125 1526 1104.

351 1571 389 1636 V.
404 1571 467 1636 648
482 1570 509 1634 si
524 1570 709 1634 terminatio
726 1570 880 1653 probatur
895 1571 995 1654 epica,
1020 1571 1260 1636 adsciscendum
1273 1571 1405 1636 Homeri
1431 1589 1435 1637 ν

268 1681 411 1764 exemplo
434 1681 532 1744 etiam
555 1704 581 1745 ω
601 1683 650 1744 est
671 1681 923 1760 πωλεύμεναι
946 1681 1050 1745 verbi:
1072 1703 1133 1764 qua
1156 1679 1282 1765 quidem
1302 1681 1406 1745 forma
1429 1641 1434 1789 i

268 1791 378 1855 eodem
399 1794 494 1875 poeta
509 1791 577 1854 iure
593 1790 764 1874 eademque
786 1790 888 1854 utitm
909 1790 941 1855 vi
962 1793 1057 1875 atque
1079 1791 1263 1870 εἰεοιχνεῡει
1284 1792 1404 1855 ν.122.
1430 1802 1433 1819 ·

351 1900 391 1966 V.
416 1901 477 1966 656
500 1902 598 1981 πρό(
624 1902 745 1981 πατρόε
766 1901 953 1965 notandum.

352 2010 393 2076 V.
416 2011 480 2075 680
506 2011 650 2095 proxime
678 2009 718 2074 ad
745 2032 855 2074 verum
877 2010 1001 2076 aceedit
1022 2009 1210 2094 Spanhcmii
1232 2013 1327 2090 ἀκτήν
1351 2012 1405 2096 (ad

269 2121 393 2186 Callim.
416 2120 571 2205 hymnum
592 2121 627 2184 in
649 2120 730 2184 Pali.
754 2143 784 2185 ν.
807 2121 875 2207 46).
920 2119 982 2186 Sed
1010 2121 1114 2205 ipsum
1144 2143 1253 2184 verum
1282 2121 1407 2184 videtur

267 2229 328 2296 hoc
351 2251 436 2296 esse:

463 2341 613 2421 Λέρνηε
635 2345 666 2406 τ’
689 2343 728 2406 tc
751 2341 872 2421 ἀκτήν
894 2379 946 2404 -.

267 2475 426 2548 Pindarus
449 2475 500 2540 01.
524 2474 598 2557 VII,
622 2475 678 2540 60:
701 2476 857 2555 Λερναίαε
879 2477 937 2541 ἀπ’
961 2476 1064 2541 ἀκτᾶς.

352 2585 393 2651 V.
417 2585 479 2649 709
501 2607 569 2670 sqq.
614 2584 667 2648 Ad
694 2585 906 2670 expediendos
933 2585 987 2649 Ius
1014 2605 1136 2650 errores
1163 2606 1228 2650 non
1257 2585 1336 2649 satis
1358 2591 1407 2650 est

267 2697 417 2760 lacunam
438 2694 536 2760 statui
559 2697 632 2778 post
653 2717 683 2759 ν.
708 2696 779 2760 793.
824 2695 1017 2759 Manifestaa
1039 2696 1125 2760 enim
1146 2697 1312 2781 praeterea
1333 2719 1406 2760 nar-

268 2805 403 2870 rationis
425 2805 538 2870 turbae
566 2807 641 2868 sunt
663 2804 737 2869 inde
760 2827 779 2868 a
801 2828 831 2868 v.
856 2805 932 2889 719,
961 2805 990 2870 si
1011 2809 1160 2870 accurate
1183 2809 1407 2890 comparentur

256 2921 298 2980 ‘v.
323 2917 396 2982 736.
420 2916 492 2981 737.
536 2915 586 2979 Aa
608 2937 666 2998 pro
689 2918 775 2980 certo
797 2915 923 2999 quidem
946 2918 979 2979 et
1001 2915 1164 3000 explorato
1186 2915 1265 2980 illud
1286 2915 1406 2981 haben-

269 3025 343 3089 dum
380 3028 443 3108 ast,
480 3024 611 3088 minime
647 3024 683 3088 in
719 3024 862 3090 Caucaso
896 3025 1041 3092 vinctum
1077 3047 1145 3090 esse
1181 3025 1407 3091 Prometheum
1505 3021 1510 3028 ’

269 3134 491 3219 Aeschylium,
521 3135 576 3199 sed
598 3135 634 3198 in
656 3133 787 3218 rupibus
809 3134 1001 3219 Europaeis,
1025 3135 1066 3199 ad
1087 3136 1173 3220 ipsos
1195 3137 1293 3201 Asiae
1315 3137 1405 3201 fines.

269 3243 392 3309 Deinde
413 3247 474 3309 hoc
490 3248 538 3309 est
559 3243 744 3328 tenendum,
768 3266 840 3308 eum
855 3265 923 3309 esse
938 3268 968 3309 ν.
987 3246 1048 3310 736
1066 3247 1262 3311 narrationis
1278 3269 1405 3328 nexum,

269 3358 305 3419 ut
336 3355 452 3440 palude
479 3355 639 3419 Maeotide
672 3355 814 3439 separari
847 3356 927 3420 Asia
960 3359 992 3418 et
1019 3355 1149 3440 Europa
1178 3357 1360 3441 cogitentur
1387 3377 1406 3420 a

269 3469 378 3548 poeta:
407 3487 542 3550 quocum
565 3465 715 3529 convenit
736 3465 915 3549 Herodoto,
944 3465 998 3550 qui
1026 3466 1061 3529 in
1082 3466 1245 3550 utriusque
1268 3466 1406 3532 confinio

270 3575 406 3640 collocat
437 3575 583 3639 Tanaim.
629 3575 751 3639 Eadem
783 3575 883 3660 igitur
915 3575 1006 3659 palus
1040 3574 1176 3640 Maeotis
1206 3575 1407 3660 significatur

269 3707 299 3749 ν.
316 3686 378 3750 792
394 3684 472 3750 ὅταν
490 3686 628 3770 περάεῃε
645 3686 772 3765 ῥεῖθρον
787 3685 930 3765 ἠπείρων
948 3686 1040 3767 ὅρον,
1065 3685 1178 3769 quibus
1202 3685 1407 3751 continuatur

269 3795 449 3878 interrupta
476 3817 506 3858 v.
536 3796 597 3860 737
626 3795 780 3859 narratio,
837 3792 966 3859 Summa
994 3798 1100 3860 autem
1126 3817 1212 3860 nunc
1240 3796 1406 3881 regionum

269 3905 429 3988 perversio
452 3905 552 3969 oritur
574 3927 627 3988 eo,
651 3903 733 3990 quod
754 3904 842 3989 prius
864 3926 960 3988 quam
980 3905 1160 3988 permeatus
1183 3906 1226 3969 sit
1247 3905 1406 3989 Bosporus

271 4013 457 4080 Cimmerius
479 4019 575 4100 atque
597 4015 732 4079 Maeotis
758 4015 866 4098 palus,
899 4015 940 4078 ad
963 4015 1139 4080 Caucasum
1160 4017 1353 4099 perventura
1375 4019 1407 4080 et

270 4126 452 4190 Amazonas
473 4125 509 4189 Io
532 4124 658 4190 dicitur.
703 4123 753 4188 Nc
775 4125 845 4209 quis
871 4128 978 4190 autem
1000 4124 1249 4202 inoccidentali
1272 4123 1407 4209 Bospori

271 4233 432 4300 Cimmerii
453 4239 545 4319 parte
567 4234 744 4302 Caucasum
770 4237 804 4298 et
826 4234 1009 4300 Colchidam
1036 4237 1113 4319 poni
1141 4235 1328 4300 arbitretur:
1365 4235 1407 4299 ab

156 4387 163 4396 ·
271 4345 337 4409 eius
359 4345 445 4410 modi
471 4345 673 4430 ignoratione
701 4345 834 4409 istarum
862 4367 967 4410 ranan
989 4367 1055 4410 non
1087 4346 1192 4430 potuit
1218 4349 1314 4430 poeta
1340 4367 1407 4410 non
