3254 5092
638 367 756 426 naqu
778 367 997 416 namonono.
1327 353 1386 415 189

333 519 384 582 Ad
407 518 706 582 Aristarcheam
728 521 947 602 quaestionem
969 542 1055 583 nunc
1077 520 1141 584 iam
1156 520 1386 583 transeundum

249 631 349 709 esset,
372 628 435 691 nisi
457 649 573 692 novam
595 628 846 710 disputationem
869 629 1051 693 chartarum
1074 630 1244 713 angustiae
1267 629 1386 694 dissua-

248 738 371 801 derent.
416 736 455 800 In
478 737 563 800 aliud
591 737 691 822 igitur
712 741 838 820 tempus
861 761 941 822 quae
964 741 1089 802 restant
1111 739 1234 821 dilatis,
1264 739 1385 802 curabi-

248 869 317 912 mus
344 850 381 910 ut
409 846 596 910 destitutam
623 869 709 910 nune
735 848 934 930 provinciam
961 847 1164 931 diligentius,
1194 870 1290 931 quam
1317 849 1386 912 fieri

248 957 307 1020 hoc
340 956 410 1020 loco
442 959 606 1038 potuerat,
645 957 831 1020 recolamus.
889 955 985 1042 [Casu
1016 958 1154 1039 factum,
1193 957 1274 1040 quod
1307 957 1387 1020 haec

248 1066 415 1148 promissio
438 1071 587 1130 eventum
615 1087 680 1128 non
709 1065 831 1130 habuit.
876 1066 1011 1130 Interim
1040 1066 1264 1130 retractandae
1295 1066 1386 1129 huius

249 1175 443 1257 quaestionis
480 1175 580 1238 otium
616 1175 709 1238 nobis
752 1176 830 1239 fecit
866 1175 969 1240 Maur.
1008 1175 1177 1240 Schmidtii
1216 1175 1387 1259 diligentia

248 1283 408 1368 Philologi
431 1287 455 1347 t.
478 1283 542 1348 Vn
564 1305 596 1366 p.
620 1285 683 1348 360
705 1283 786 1372 sqq]

250 1519 318 1573 Iuba
335 1519 462 1584 metrico,
480 1537 542 1572 cum
554 1537 605 1573 uos
618 1517 738 1572 stamina
750 1521 861 1572 tantum
873 1521 1012 1587 quaedam
1025 1520 1239 1574 tetendissemus
1252 1521 1386 1575 curiosius

251 1628 333 1678 quam
352 1613 539 1666 antefactum
558 1614 619 1666 erat
637 1612 808 1680 quaerendo,
831 1631 894 1667 mox
912 1613 1019 1667 mtexto
1038 1613 1193 1668 subtemine
1212 1616 1240 1668 et
1261 1614 1387 1682 pleniora

249 1706 328 1757 etex
346 1707 426 1772 parte
445 1705 564 1758 rectiora
581 1704 662 1758 multi
680 1704 844 1758 docuerunt:
879 1705 1015 1774 Bergkius
1027 1705 1115 1758 Musei
1131 1707 1197 1774 phil.
1216 1706 1304 1759 Rhen.
1322 1707 1387 1760 nori

249 1797 300 1864 lp.
313 1803 363 1850 3⁷4
376 1815 444 1865 sqq,
463 1797 493 1850 B.
512 1799 560 1850 ten
578 1795 664 1850 Brink
681 1797 709 1849 in
728 1797 813 1850 lubae
829 1797 963 1851 Maurusii
980 1797 1103 1864 reliquiis
1116 1798 1261 1852 Vltraiecti
1279 1798 1386 1852 emissis

250 1905 274 1942 a.
295 1895 371 1954 1864,
395 1889 556 1943 Leutschins
580 1888 718 1957 Philologi
740 1890 766 1941 ΙΙ
788 1907 815 1958 p.
835 1895 884 1943 746
907 1907 980 1957 sqq,
1004 1890 1190 1944 Rossbachius
1213 1891 1241 1943 in
1265 1890 1387 1959 disputa-

248 1981 324 2034 tione
352 1981 386 2035 de
410 1981 624 2050 Hephaestionis
650 1981 831 2036 Alexandrini
856 1981 934 2035 libris
957 1981 1141 2038 Vratislariae
1164 2001 1188 2036 a.
1215 1989 1279 2038 1861
1302 1983 1387 2048 edita,

249 2077 362 2142 praeter
384 2077 490 2128 ceteros
513 2077 607 2128 autem
629 2074 763 2128 chricns
785 2074 889 2128 Kailios
912 2073 1111 2139 Quaestionum
1136 2093 1253 2144 gramm.
1276 2075 1386 2145 Lipsiae

249 2183 273 2220 a.
296 2172 360 2222 1860
378 2167 554 2235 vulgaturum
572 2185 599 2235 p.
619 2173 634 2220 6
654 2184 713 2234 sqq.
739 2167 801 2220 coll.
824 2167 918 2222 adnot.
943 2168 980 2221 ud
1001 2167 1172 2222 Priscianum
1193 2173 1213 2220 t.
1234 2169 1258 2220 ll
1281 2186 1307 2236 p.
1326 2174 1384 2220 411.

248 2259 289 2312 De
313 2276 429 2326 quorum
453 2259 687 2328 disputationibus
710 2259 838 2313 omnibus
856 2263 932 2314 recto
955 2259 1055 2314 iudicio
1074 2261 1093 2312 l.
1113 2261 1145 2313 H.
1164 2260 1273 2328 Lipsius
1296 2259 1386 2314 existi-

249 2352 335 2405 mavit
346 2351 374 2404 in
388 2351 559 2405 l'lcckeiseni
571 2353 669 2405 Annal.
683 2352 750 2420 phil.
763 2355 783 2405 t.
798 2357 828 2405 81
844 2355 930 2418 (1860)
941 2369 967 2420 p.
981 2357 1029 2405 607
1044 2369 1103 2419 sqq.
1123 2352 1247 2406 Accessit
1256 2352 1386 2420 deinceps

248 2444 339 2497 bonae
361 2444 449 2512 turgis
467 2445 564 2511 plenus
583 2443 787 2498 Wachsmuthii
808 2444 838 2497 in
857 2444 954 2497 Philol.
973 2443 1036 2497 XVI
1054 2463 1080 2512 p.
1100 2449 1227 2510 61811111.
1250 2461 1386 2497 commen·

248 2536 377 2600 hariolus,
396 2553 483 2605 nuper
502 2541 596 2590 autem
615 2538 726 2591 uberior
738 2536 896 2604 Westphali
911 2536 1050 2590 enarratio
1068 2535 1120 2589 Rei
1138 2536 1270 2590 metricae
1289 2537 1341 2589 vol.
1361 2537 1386 2589 II

248 2631 321 2697 part.
340 2635 355 2682 2
374 2631 461 2696 (1866)
479 2647 506 2698 p.
527 2635 576 2683 116
594 2645 655 2696 sqq.
672 2629 797 2697 inserta]

317 2847 488 2917 [Moderandi
505 2847 715 2917 corrigendique
733 2849 897 2918 typothetae
915 2866 1009 2903 curam
1026 2865 1135 2903 mecum
1152 2847 1278 2920 partiens
1297 2849 1387 2902 ocula-

248 2939 370 2994 tissimus
388 2941 493 2995 amicus
509 2941 638 2994 Allrodus
656 2941 850 2996 Fleckeisenus
873 2942 1004 3008 quoniam
1025 2941 1053 2995 in
1072 2941 1278 2996 stichometriae
1296 2959 1386 2995 exem-

248 3031 301 3102 plis
314 3033 508 3104 suprapositis
526 3033 663 3100 quaedam
679 3033 821 3087 desiderat
833 3051 849 3087 a
862 3033 1069 3088 Schneidewino
1081 3041 1177 3088 nostro
1190 3034 1256 3087 olim
1269 3051 1386 3088 commc-

249 3129 359 3180 morata
380 3145 441 3180 cmn
463 3127 492 3180 in
515 3127 601 3180 Nunt.
623 3126 677 3179 litt.
696 3125 822 3194 Gotting.
842 3142 867 3180 a.
887 3131 951 3182 1838
968 3144 1005 3180 m.
1024 3127 1089 3180 Dec.
1108 3145 1135 3196 p.
1153 3133 1217 3180 2061
1236 3129 1296 3180 tum
1318 3126 1385 3180 Con-

247 3217 435 3273 iectaneorum
458 3219 518 3272 crit.
543 3217 691 3284 (editorum
708 3235 733 3272 a.
755 3223 830 3286 1839)
848 3237 875 3288 p.
896 3225 944 3273 116
962 3236 1012 3286 sq,
1034 3219 1104 3272 haec
1126 3218 1268 3273 sciendmn
1285 3220 1328 3272 cst
1350 3219 1386 3272 ad

249 3310 401 3380 simplicem
419 3311 571 3365 carminum
589 3311 792 3365 metiendorum
809 3311 947 3365 rationein
965 3315 1099 3380 spectare.
1134 3311 1208 3365 Nam
1225 3312 1259 3366 de
1277 3312 1385 3364 Solonis

249 3403 340 3471 elegia
352 3403 532 3458 celeberrima
544 3421 630 3472 agens
643 3403 806 3458 Plutarchus
824 3404 853 3456 in
869 3404 927 3458 rita
940 3403 994 3457 Sol.
1009 3421 1031 3458 c.
1046 3411 1061 3458 8
1078 3409 1165 3458 τοῦτο
1182 3407 1212 3458 δέ
1229 3407 1263 3458 τὸ
1281 3405 1386 3471 ποίημα

248 3495 338 3563 inquit
357 3497 476 3561 Calcat(
494 3498 695 3564 ἐπιγέγραπται
713 3500 758 3550 καὶ
777 3498 903 3563 (τίχων
922 3498 1048 3551 έκατόν
1066 3499 1121 3551 trra
1140 3498 1292 3564 χαριέντως
1312 3497 1386 3548 πάνυ

249 3591 456 3655 πεποιημένων.
491 3590 561 3642 Item
574 3588 759 3658 Euphorionis
778 3587 906 3644 carminis
925 3587 1038 3642 alicirims
1057 3588 1181 3656 singmos
1198 3587 1284 3641 libros
1296 3587 1321 3639 V
1333 3589 1386 3640 διὰ

249 3682 370 3747 χιλίων
387 3683 481 3735 ἐπῶν
498 3681 668 3750 perscriptos
691 3681 774 3735 fuisse
793 3681 892 3734 Suidas
911 3699 935 3734 ν.
954 3681 1104 3748 Εὐφορίων
1127 3681 1247 3734 testatur
1264 3681 1339 3733 recte
1358 3683 1387 3733 et

248 3773 410 3828 emendatus
434 3776 463 3828 et
484 3773 644 3842 explicatus.
693 3773 752 3838 Quo
780 3773 975 3842 Bernhardyus
998 3773 1142 3826 Niebuhrii
1169 3789 1251 3826 suasu
1279 3772 1388 3826 addidit

249 3865 436 3931 Turdetanos,
455 3867 501 3933 qai
520 3866 657 3921 Strabone
676 3869 788 3921 anctore
807 3867 854 3920 lib.
874 3867 920 3932 ΙΙΙ,
940 3874 963 3931 1,
981 3871 995 3918 6
1013 3884 1040 3934 p.
1056 3873 1104 3920 136
1117 3865 1178 3918 Cras.
1197 3870 1247 3932 τῆ(
1267 3869 1385 3918 παλαιὰ(

249 3961 357 4028 μνήμη(
381 3963 471 4026 exoso
495 3961 693 4026 ευγγράμματα
716 3963 760 4013 καί
784 3961 927 4025 ποιήματα
950 3961 995 4013 καὶ
1014 3961 1118 4023 νόμου(
1141 3959 1292 4024 ἐμμέτρου(
1314 3959 1386 4010 ti!-

249 4054 427 4118 κιεχιλίων
445 4053 537 4106 ἐπῶν
555 4058 619 4120 (non
639 4055 722 4120 ἐτῶν)
742 4055 780 4106 ol<
798 4053 881 4119 φαει]

669 4287 966 4297 u-——-*·——-——--
