3184 5100
688 363 848 410 sonabas:
871 362 1043 411 camena.

445 547 538 612 nolit
561 551 725 614 ce'cwcrct·
748 551 905 629 βααλέοιν
927 551 962 614 δ’
984 550 1181 631 δμοεπόραιν

445 660 595 726 πέπωκεν
618 658 693 738 αἷμα
713 661 781 737 γαῖ’
804 659 862 724 ὑπ’
884 659 1034 738 ἀλλήλων
1056 661 1169 745 φόνῳ·

292 836 480 920 quibuscum
508 836 731 901 contendendo
757 840 847 921 sunt,
887 859 968 922 quae
996 838 1149 923 leguntur
1186 861 1217 903 v.
1245 838 1429 904 arr—784.

292 946 393 1024 Quem
415 946 455 1012 ad
477 946 605 1012 modum
628 950 734 1012 autem
755 947 830 1012 illue
852 948 993 1032 virgines
1016 949 1051 1012 in
1072 949 1178 1032 priore
1200 949 1329 1014 fabulae
1343 951 1430 1032 parte

292 1080 358 1122 non
385 1057 488 1121 solum
520 1061 652 1141 propter
683 1057 770 1123 urbis
803 1057 944 1123 futuram
977 1058 1216 1142 calamitatem,
1250 1061 1306 1124 sed
1339 1060 1431 1124 ctiam

291 1170 422 1253 propter
443 1189 534 1233 suam
555 1167 697 1252 ipsarum
717 1165 883 1232 fortunam
904 1172 991 1232 metu
1012 1169 1135 1234 fractae
1163 1172 1257 1233 crant
1278 1173 1311 1233 et
1332 1189 1431 1253 paene

292 1278 509 1342 exanimatae:
539 1278 580 1341 cs.
603 1299 634 1342 v.
657 1277 731 1343 235.
754 1277 817 1342 308
839 1299 908 1362 sqq.
938 1279 1012 1344 345.
1035 1280 1098 1344 436
1120 1279 1234 1344 well:
1262 1279 1310 1343 ita
1336 1300 1430 1362 nunc,

291 1387 346 1452 ubi
383 1409 502 1452 vacuae
531 1391 607 1452 sunt
639 1387 796 1472 periculo,
831 1388 958 1453 easdem
996 1391 1247 1455 consentaneum
1284 1392 1333 1454 est
1367 1410 1432 1454 non

291 1498 385 1561 modo
407 1498 446 1562 dc
468 1497 574 1580 urbia,
598 1497 654 1562 sed
669 1497 707 1562 tle
730 1519 787 1562 sua
809 1519 933 1583 quoquc
955 1499 1058 1563 salute
1079 1500 1204 1566 laetari.
1242 1499 1287 1564 Et
1300 1520 1345 1564 eo
1368 1499 1432 1584 qui·

291 1608 363 1671 dem
390 1609 476 1672 valet
504 1608 627 1692 ἀεινήε,
660 1609 720 1672 hoc
748 1612 783 1672 ut
811 1608 936 1672 dicant:
969 1621 1070 1674 utrum
1096 1616 1192 1674 Ineter
1220 1623 1250 1675 et
1275 1617 1430 1686 exsultent,

289 1725 358 1798 ipsc
379 1726 480 1794 salva,
516 1724 598 1784 urbis
625 1726 744 1784 salute?
771 1741 812 1782 aa
834 1757 887 1782 -—.
911 1719 1001 1794 Quod
1028 1722 1064 1784 ut
1092 1723 1247 1803 appareat
1273 1720 1307 1784 iu
1335 1721 1435 1785 ἀεινεῖ

290 1828 386 1892 facile
408 1830 550 1914 potuisse
578 1829 737 1911 converti,
772 1828 918 1912 profecto
950 1850 1015 1894 non
1043 1851 1164 1914 magua
1192 1852 1270 1913 opus
1299 1834 1349 1894 est
1383 1829 1434 1893 de·
1489 1897 1494 1908 ¹

289 1939 491 2004 monstrandi
526 1939 746 2003 contentione:
782 1939 1038 2024 quandoquidem
1066 1940 1152 2004 inter
1179 1944 1264 2020 ὴεαυ
1298 1944 1332 2004 et
1361 1945 1436 2006 εῑεω

290 2048 485 2131 syllabarum
511 2070 605 2113 sonos
640 2048 723 2114 nihil
745 2054 815 2114 erat
841 2049 1035 2114 discriminis
1068 2049 1106 2114 de
1134 2050 1261 2114 novicio
1292 2071 1435 2134 pronun-

289 2159 393 2222 tiandi
416 2159 553 2240 more.*)
590 2159 650 2234 Qui
678 2159 806 2243 quidem
827 2163 904 2244 quot
926 2181 1067 2224 errorum
1090 2181 1202 2224 caussa
1223 2161 1337 2242 fuerit,
1362 2181 1437 2224 cum

291 2273 416 2332 constet
438 2268 523 2332 inter
545 2290 672 2350 omneS,
696 2273 764 2332 tum
786 2269 878 2334 novis
894 2269 1083 2353 quibusdam
1099 2269 1252 2353 exemplis
1268 2269 1359 2334 lubet
1374 2269 1438 2334 hcc

288 2379 358 2442 loeo
381 2379 595 2463 comprobare.

373 2489 411 2553 ln
435 2489 578 2574 Hedyli
601 2510 693 2553 versu
716 2489 798 2573 apud
820 2489 1065 2554 Athenaeum
1087 2489 1169 2554 libro
1184 2489 1265 2554 Vlll
1280 2513 1311 2574 p.
1328 2491 1397 2554 344
1412 2495 1443 2552 F

288 2602 382 2680 φύκει
405 2605 437 2664 et
459 2602 544 2680 φύκη
566 2600 742 2683 scripturae
764 2603 853 2664 ortae
881 2603 957 2664 sunt
985 2622 1023 2664 ex
1046 2603 1151 2683 φυκί-,
1181 2601 1304 2684 reliqua
1327 2602 1439 2664 autern

288 2710 495 2793 perpolienda
517 2709 577 2774 hoc
598 2714 708 2794 pacto:

735 2855 866 2921 Φαίδων
889 2855 925 2920 δέ
949 2855 1259 2934 recalcitrabat

440 2965 559 3046 χορδά(
581 2965 614 3030 θ’
636 2965 655 3030 ὁ
678 2965 818 3046 ψάλτης·
842 2966 905 3031 {cn
926 2967 989 3044 γὰρ
1010 2965 1194 3046 ὀψοφάγοι

288 3109 327 3173 111
350 3109 462 3193 quibus
490 3114 523 3173 et
551 3131 584 3176 τε
613 3108 691 3173 illud
720 3114 753 3173 et
779 3112 812 3175 θ’
836 3107 969 3173 debetur
995 3109 1048 3174 ll.
1077 3108 1233 3192 Iacobsio,
1261 3121 1296 3172 ΔΙ
1326 3114 1444 3175 auteur

238 3237 267 3283 41
289 3219 497 3285 interciderat
519 3225 649 3304 propter
678 3229 708 3283 ΑΙ
732 3219 912 3283 litterarum
933 3219 1217 3304 propinquitatem.
1262 3221 1312 3285 Dc
1333 3221 1445 3286 demi-

288 3331 399 3393 nutiva
420 3331 523 3394 forma
545 3331 638 3410 φυκί(
661 3329 799 3394 nominis
822 3328 989 3392 dubitandi
1006 3349 1118 3393 caussa
1132 3329 1221 3394 nulla
1244 3335 1306 3395 est:
1329 3333 1445 3396 Athe-

288 3463 386 3504 naeus
409 3441 494 3504 enim
517 3463 547 3524 p.
565 3439 670 3504 355A
693 3440 712 3504 ὁ
735 3443 840 3522 φυκήν
863 3439 967 3522 inquit
988 3441 1038 3503 καὶ
1059 3440 1079 3519 ἡ
1102 3439 1210 3526 φυκία,
1234 3441 1447 3508 ἁπαλώτατα

287 3553 446 3630 ἰχθύδια
474 3551 562 3615 ὄντα.
607 3551 658 3615 καί
687 3550 878 3634 particulam
906 3571 925 3612 a
951 3549 1091 3613 librariis
1119 3549 1259 3614 arbitror
1285 3573 1359 3615 esse
1394 3552 1447 3618 iu-

287 3664 427 3740 vcctam,
462 3661 515 3744 qui
544 3661 594 3724 vel
623 3682 736 3744 prosae
764 3659 902 3723 orationi
932 3659 1158 3724 continuarent
1185 3664 1300 3744 poetae
1333 3665 1449 3727 verba

287 3771 337 3834 vel
359 3771 495 3833 alterum
517 3791 642 3834 versum
664 3769 744 3833 alius
768 3791 835 3833 esse
854 3771 967 3852 poetae
982 3769 1163 3854 crederent3
1186 3773 1301 3852 χορδαί
1324 3779 1452 3840 autern

287 3884 362 3944 suut
389 3880 490 3944 botuli
519 3879 562 3962 (v.
592 3881 731 3963 interpp.
756 3879 795 3942 ad
823 3879 989 3963 Aristoph.
1013 3879 1096 3944 Nub.
1125 3881 1218 3966 454);
1246 3881 1397 3967 denique
1429 3889 1451 3951 ὁ

288 4071 491 4080 ι--ι--ι-

354 4196 379 4260 *)
409 4193 575 4264 [Simplicius
598 4195 724 4262 prolecto
749 4193 785 4250 ad
808 4193 964 4250 litterarum
987 4192 1194 4250 similitudinem
1218 4211 1357 4254 revocare
1387 4221 1457 4258 eor-

287 4287 425 4356 nrptelam
443 4287 557 4342 licebat:
808 4289 1089 4345 aclneccurnecal

775 4381 778 4386 ·
804 4383 1054 4438 Αακειεατκπ
1129 4385 1139 4452 ]
