3254 5092
650 379 686 426 rn
709 377 991 426 aarsroenannn.
1329 361 1390 426 237
1475 375 1482 388 ·

253 531 334 594 riam
362 529 456 594 solita
486 531 665 615 sagacitate
693 531 855 595 revocarit
882 531 1080 614 Droysenus,
1110 531 1235 595 etiamsi
1261 531 1321 612 sic,
1357 535 1392 594 ut

252 641 313 723 ipsi
336 641 438 704 visum
461 645 524 724 est,
548 641 586 704 de
609 642 755 706 omnibus
778 645 954 722 constaret,
984 663 1048 704 uon
1070 646 1263 726 pugnarent.

337 750 469 815 Praeter
484 751 738 834 expectationem
760 751 893 834 accidit,
917 754 968 832 ut,
993 772 1063 814 cum
1084 752 1299 815 Ambrosians
1321 773 1391 834 pro-

252 861 455 944 legonienaa
477 860 627 926 Plautino
648 861 769 925 scholio
791 861 962 925 defendere
985 861 1196 942 studeremus,
1221 861 1391 926 maximam

253 975 377 1053 partem
400 991 523 1054 eorum,
553 993 634 1054 quae
654 971 693 1034 de
715 971 889 1035 Ptolemaei
912 971 1116 1055 Philadelphi
1143 970 1338 1034 bibliotheca
1361 975 1393 1032 et

254 1079 292 1143 de
315 1081 533 1165 grammaticis
549 1080 778 1145 Alexandrinis
799 1081 919 1145 tradita
939 1085 1029 1164 sunt,
1054 1082 1112 1144 sub
1134 1080 1286 1144 iudicium
1300 1101 1391 1143 vocar-

253 1211 367 1254 remus.
413 1190 473 1254 Illa
501 1195 608 1255 autem
635 1213 716 1275 quae
744 1195 820 1256 sunt
846 1191 885 1254 de
912 1191 1042 1255 Homeri
1072 1191 1265 1255 carminibus
1293 1189 1393 1273 deque

253 1299 433 1363 fabularum
466 1301 610 1384 partibus
644 1305 676 1365 et
708 1323 823 1365 scenae
857 1303 1069 1384 ornamentis,
1104 1302 1131 1365 si
1165 1300 1239 1385 quid
1273 1322 1311 1363 ex
1344 1298 1393 1361 his
1476 1364 1479 1370 ,

254 1431 375 1494 quoque
398 1411 519 1474 utiliter
536 1411 644 1496 colligi
666 1415 778 1494 queat,
802 1411 953 1495 quoniam
974 1415 1030 1476 aut
1045 1411 1221 1475 omittenda
1241 1414 1317 1474 sunt
1339 1413 1395 1472 aut

256 1521 380 1603 copiose
395 1521 581 1603 tractanda,
605 1521 661 1584 alii
675 1522 812 1605 tempori
828 1526 860 1585 et
875 1522 1009 1586 aliorum
1024 1521 1194 1585 eruditioni
1216 1520 1393 1603 relinquere

255 1634 407 1712 praestat.
452 1630 489 1694 Id
512 1653 609 1695 unum
632 1631 748 1694 addere
769 1630 864 1714 libet,
889 1631 1043 1716 siquidem
1061 1631 1153 1694 video
1174 1630 1298 1693 futuros
1314 1651 1392 1710 esse,

254 1740 307 1822 qui
323 1739 361 1804 de
377 1743 490 1824 quarto
505 1741 561 1805 illo
577 1741 776 1805 Onomacriti
785 1791 793 1822 ,
817 1741 954 1824 Orphei,
979 1740 1096 1824 Zopyri
1117 1741 1151 1804 in
1168 1738 1394 1822 componendis

256 1847 386 1913 Homeri
410 1851 603 1915 carminibus
626 1851 712 1915 socio
734 1851 797 1914 iam
822 1851 937 1914 certius
960 1851 1170 1915 constitutum
1191 1849 1231 1912 iri
1251 1852 1391 1932 sperent,
1412 1867 1460 1915 eor

255 1960 321 2022 eius
336 1980 453 2025 nomen
476 1961 540 2025 iam
562 1961 597 2024 in
619 1961 681 2025 illo
695 1962 793 2044 lihrc,
818 1982 879 2045 quo
901 1983 975 2024 usus
991 1964 1040 2024 est
1055 1961 1187 2044 Taetza,
1212 1961 1394 2042 corruptum

255 2091 357 2154 neque
373 2071 415 2134 ab
436 2071 496 2136 hoc
519 2072 589 2155 ipso
612 2071 810 2136 intellectum
833 2071 941 2135 fuisse.
983 2071 1080 2137 tluius
1095 2073 1142 2135 rei
1158 2073 1279 2136 certum
1301 2069 1393 2132 docu-

255 2183 398 2243 mentum
420 2185 469 2244 est
491 2181 568 2264 hoc,
598 2181 680 2266 quod
704 2204 775 2245 cum
798 2183 850 2246 ἐπὶ
877 2181 1114 2264 praepositione
1138 2173 1401 2265 conglutinatimr'

255 2290 289 2352 in
318 2294 450 2374 utroque
478 2291 639 2375 prooemio
670 2292 774 2376 primo
802 2292 872 2354 loco
900 2292 1038 2374 positum
1066 2295 1124 2355 est.
1184 2289 1296 2373 ltaque
1324 2309 1394 2352 cum

256 2399 332 2462 illud
357 2402 468 2465 trilex
496 2401 676 2484 antiquiore
703 2401 794 2466 fonte
816 2389 994 2464 derivatum
1017 2421 1085 2464 esse
1106 2400 1267 2481 videatur,
1297 2420 1395 2482 eoque

256 2513 381 2574 servato
408 2510 460 2574 vix
483 2533 502 2574 a
525 2511 627 2575 vocali
655 2511 764 2575 littera
792 2533 901 2575 verum
928 2531 1045 2576 nomen
1074 2509 1214 2592 incipere
1243 2508 1393 2592 potuerit,
1518 2553 1526 2562 ·

132 2693 137 2702 Ι
256 2619 304 2682 vel
327 2620 389 2683 hac
417 2619 574 2684 decanea
602 2643 665 2685 non
695 2621 905 2704 probabiliter
927 2619 1169 2704 Bernhardynm
1192 2617 1311 2681 Annal.
1337 2615 1395 2679 Be·

257 2728 314 2793 rol.
343 2752 375 2812 p.
400 2730 463 2794 835
491 2733 524 2794 et
550 2729 636 2794 Hist.
666 2731 729 2794 litt.
759 2752 867 2815 graec.
896 2730 928 2795 ΙΙ
951 2753 982 2814 p.
1012 2731 1052 2794 68
1084 2730 1123 2793 de
1150 2728 1250 2792 Euclo
1278 2727 1395 2810 Cyprio

258 2839 415 2922 cogitasse
445 2839 542 2904 dicas.
593 2839 641 2904 Eo
670 2843 776 2904 autem
809 2845 919 2924 erepto
951 2841 1014 2904 nisi
1047 2840 1116 2924 quis
1149 2839 1246 2903 alium
1279 2837 1395 2901 aetatis

154 3003 160 3016 .
257 2947 462 3012 Pisistrateae
478 2950 595 3033 virum,
619 2951 651 3013 id
673 2951 756 3033 quod
772 2973 836 3014 non
853 2950 949 3014 facile
964 2951 1034 3014 fieri
1053 2951 1188 3033 poterit,
1211 2948 1394 3028 substituat,

257 3057 311 3138 iis,
335 3059 447 3141 quibus
470 3059 508 3124 de
532 3060 684 3144 legitimis
706 3081 893 3144 graecorum
916 3061 1079 3124 nominum
1106 3058 1217 3123 formis
1245 3078 1396 3142 quaerere

259 3166 378 3250 placet,
402 3190 453 3231 res
476 3169 684 3254 relinquenda
706 3173 766 3236 est.
