3272 5088
542 339 697 388 nroursn
723 339 1072 387 aanrcaauassnusrs
1317 323 1381 388 485

243 490 314 554 sino
337 491 552 556 commendari
576 491 766 556 Vrbinatem
794 515 891 576 supra
913 493 1065 575 vidimus,
1093 494 1170 578 quin
1197 493 1228 556 id
1251 493 1285 556 in
1308 493 1380 558 dhi-

242 600 333 664 siano
365 622 488 685 quoque
516 603 710 686 reperiatur,
746 603 834 666 nulla
861 603 987 666 illarum
1024 625 1101 688 quas
1129 605 1380 690 significavimus

242 711 443 794 lacunarum,
477 734 558 795 quae
587 735 652 776 non
687 712 804 776 eisdem
838 713 872 776 in
900 712 961 776 hoc
995 735 1117 796 quoque
1150 715 1380 798 supplementis
1398 723 1430 770 24

241 820 382 885 tollatur.
428 821 548 886 Contra
580 823 636 888 lib.
666 822 745 904 VII,
775 824 814 886 61
848 822 945 904 haec,
979 845 1059 906 quae
1093 822 1230 887 diductis
1263 825 1380 888 litteris

241 952 391 1014 expressa
412 931 543 1014 subieci,
567 932 735 997 excidisse:
759 921 868 1012 ἐπειδὴ
892 934 1039 1014 πάντως,
1065 933 1091 997 ὦ
1115 935 1286 1016 δήμαρχοι,
1317 941 1378 1014 ψῆ-

241 1063 307 1122 φον
331 1043 540 1122 ἐπενεχθῆναι
562 1043 713 1123 περὶτοῦ
736 1043 854 1122 ἀνδρὸς
876 1046 1096 1122 προθυμεῑςθε,
1119 1046 1217 1124 μηδὲν
1235 1045 1297 1110 έξιυ
1320 1051 1378 1110 τοῦ

241 1153 435 1232 ἐγκλήματος
457 1156 672 1232 κατηγορεῖτε·
710 1153 894 1234 ἀφεῑςθαι
916 1153 988 1232 γὰρ
1012 1152 1132 1220 αὐτὸν
1156 1154 1377 1235 έψηφίςατυ

240 1264 381 1341 ταύτης
402 1266 468 1340 τῆς
491 1262 619 1327 αἰτίας
641 1263 685 1327 τὸ
708 1264 917 1342 ςυνέδριον
946 1263 1090 1328 καὶέπὶ
1113 1264 1247 1342 ῥητοῖς
1269 1265 1378 1342 ἥκειν

240 1373 294 1437 είς
316 1373 386 1437 τὸν
410 1375 453 1450 δῆ
461 1393 549 1451 μον·
573 1372 647 1436 ἀλλ’
663 1373 770 1450 ἐπειδὴ
786 1374 949 1452 τυραννίδι
970 1375 1047 1454 κτλ,
1070 1373 1121 1436 vel
1136 1373 1215 1437 haec
1231 1372 1320 1456 VIII,
1338 1375 1377 1438 77

241 1484 320 1544 extr.
349 1485 420 1561 μιᾶς
448 1483 509 1561 γὰρ
538 1483 806 1561 καταλειπομένη(
837 1483 947 1548 αὐτοῖς
974 1483 1078 1562 τρίτης
1106 1483 1231 1563 μερίδος
1258 1485 1277 1562 ἢ
1306 1484 1378 1563 οὐχ

240 1592 343 1658 ἕξειν
372 1591 433 1656 ὅτι
461 1593 650 1657 δώςουςιν
680 1591 850 1656 ἐκείνοις
878 1593 995 1672 μέρος
1022 1593 1041 1671 ἢ
1064 1593 1103 1657 τὰ
1125 1592 1219 1672 ὅμοια
1241 1613 1377 1672 ψηφιςα-

239 1702 374 1782 μένους,
408 1723 449 1765 ne
470 1701 657 1765 tenuissimo
679 1701 806 1785 quidem
829 1700 997 1765 Vrbinatis
1025 1701 1161 1786 vestigio
1182 1702 1375 1786 proditur*),

240 1810 293 1874 sed
317 1831 334 1872 e
356 1811 423 1874 solo
446 1811 645 1894 intellegitur
660 1811 821 1876 Ohisiano.
853 1810 967 1874 Eidem
990 1811 1048 1874 soli
1071 1810 1226 1874 debentur
1248 1811 1282 1874 in
1305 1814 1376 1875 octo

240 1919 391 2002 prooemii
415 1920 573 2004 capitibus
595 1919 656 1984 hae
675 1921 852 2003 scripturae
867 1941 1020 2006 magnam
1041 1924 1166 2005 partem
1189 1921 1374 2004 exquisitae,

239 2030 308 2092 sine
331 2030 517 2113 exceptione
540 2051 648 2094 verae:
673 2030 880 2110 ὑπηγάγοντο
895 2052 928 2113 p.
945 2029 975 2112 3,
996 2030 1044 2112 16,
1069 2029 1194 2094 inverso
1209 2030 1376 2094 verborum

212 2146 213 2150 ’
239 2138 349 2203 ordine
371 2141 543 2219 τριάκοντα
565 2140 618 2219 έτη
640 2161 672 2223 p.
688 2141 719 2222 4,
747 2140 795 2222 13,
818 2142 890 2219 περὶ
912 2139 1028 2204 omissa
1050 2141 1184 2204 molesta
1206 2141 1256 2206 καί
1277 2141 1375 2222 ροτίί-

241 2249 312 2312 cula
335 2249 365 2331 6,
389 2249 442 2332 29,
471 2250 727 2329 ἐνθυμουμένους
755 2248 794 2312 ad
816 2270 1021 2333 praegressos
1042 2249 1218 2312 infinitivos
1240 2239 1376 2314 relatum

238 2359 269 2440 8,
295 2357 344 2441 19,
370 2359 465 2437 αὐτῆς
488 2359 518 2440 8,
545 2359 584 2424 15
607 2361 639 2422 et
661 2361 863 2439 φιλοθέωρος
887 2359 923 2441 8,
946 2359 1003 2441 27,
1027 2379 1108 2442 quae
1131 2357 1253 2422 Reiskii
1275 2380 1374 2443 sagax
1449 2388 1455 2397 ·

238 2467 405 2552 ingenium
426 2468 550 2551 pridem
579 2467 829 2551 coniectaverat,
859 2470 915 2548 μέν
945 2467 1004 2534 οὖν
1033 2489 1091 2550 pro
1113 2470 1169 2547 μέν
1193 2468 1223 2549 9,
1247 2467 1304 2532 3οι
1334 2490 1375 2532 ne

238 2576 271 2640 in
295 2577 479 2641 exilioribus
497 2577 658 2660 haeream,
682 2578 774 2661 quale
798 2581 846 2641 est
867 2577 984 2641 rectius
1007 2577 1160 2660 scriptum
1182 2577 1375 2655 ἐνενήκοντα

237 2687 287 2748 vel
322 2687 484 2769 antiquius
521 2687 769 2766 Ἁλικαρναςεύς.
821 2686 883 2751 sed
917 2687 1013 2750 etiam
1045 2686 1147 2749 maior
1185 2689 1233 2749 est
1267 2706 1374 2750 eorum

237 2817 386 2860 numerus
409 2797 564 2879 locorum,
593 2796 628 2860 in
656 2796 769 2879 quibus
797 2797 987 2860 coniunctae
1010 2795 1153 2862 (thisiani
1181 2797 1213 2859 et
1235 2795 1373 2859 Parisini

237 2905 423 2970 auctoritati
451 2927 516 2969 non
544 2909 649 2990 potest
676 2927 743 2970 non
772 2905 882 2970 cedere
908 2905 1059 2972 Vrbinas.
1105 2905 1222 2969 Eorum
1249 2908 1373 2989 partem

236 3037 332 3097 supra
363 3015 543 3098 attulimus,
575 3037 646 3078 cum
675 3015 713 3078 de
742 3015 905 3098 Stephano
932 3015 1128 3080 dicebamus:
1166 3015 1281 3079 addere
1310 3015 1373 3078 alia

236 3124 322 3207 licet,
346 3127 382 3188 ut
396 3125 680 3201 ἐγκαταλείποντες
702 3146 734 3207 p.
751 3124 781 3206 2,
799 3125 829 3206 9,
851 3125 906 3188 ubi
921 3124 972 3188 vix
993 3125 1071 3188 ferri
1094 3124 1229 3189 aoristus
1251 3129 1373 3208 potest3

236 3233 457 3313 προςηγάγετο
479 3234 511 3316 4,
535 3233 587 3314 24,
615 3233 670 3297 ubi
693 3237 819 3297 tuntum
841 3234 932 3297 abest
958 3235 994 3296 ut
1021 3237 1152 3318 propter
1179 3235 1373 3314 προῦβαινεν

236 3342 416 3427 requiratur
443 3342 681 3424 imperfectimr,
711 3342 743 3406 id
771 3346 807 3406 ut
837 3345 995 3428 repugnet
1022 3343 1202 3406 sententiae
1228 3343 1372 3424 veritati3

235 3453 374 3531 ἐτράπην
396 3452 428 3534 5,
455 3453 492 3515 ίίί
515 3452 615 3516 multo
639 3452 880 3517 convenientius
908 3475 1004 3536 quam
1031 3453 1213 3532 ἐτραπόμην
1242 3453 1373 3535 propter

235 3582 424 3645 praegressa
446 3559 524 3627 ἄνευ
552 3564 704 3640 λογιςμοῦ
726 3564 776 3626 καὶ
803 3563 960 3642 προνοίας
983 3563 1155 3642 ἔμφρονος.
1203 3559 1372 3625 Consecta-

235 3669 317 3733 rium
339 3673 405 3752 eat,
435 3672 471 3733 ut
498 3670 596 3734 etiam
624 3670 678 3734 ubi
707 3671 882 3734 necessitas
910 3671 1061 3755 sequendi
1083 3671 1133 3734 vel
1156 3669 1300 3735 Ohisiani
1322 3669 1372 3732 vel

235 3777 403 3842 Vrbinatis
425 3779 514 3842 nulla
536 3778 589 3862 sit,
614 3782 668 3843 sed
691 3779 792 3843 libera
814 3781 902 3862 optio
918 3780 1004 3862 data,
1028 3783 1137 3844 tamen
1159 3779 1244 3842 illius
1266 3779 1371 3862 potius

234 3910 330 3972 quam
361 3887 454 3951 huius
489 3887 583 3952 fidem
618 3889 849 3972 amplectamur
881 3893 913 3953 et
940 3894 1105 3971 προειπεῖν
1138 3889 1243 3972 potius
1277 3905 1371 3970 quam

234 3997 333 4063 εἰπεῖν
361 3997 553 4061 asciscumus
581 3998 733 4081 prooemii
761 3997 870 4081 initia,
899 3999 982 4083 quod
1008 4003 1057 4062 est
1084 4021 1160 4062 sane
1189 3995 1371 4081 impeditius

301 4247 326 4313 *)
351 4247 406 4314 [De
424 4249 477 4302 hoc
494 4249 625 4305 fefellisse
644 4250 801 4318 opinIonem
819 4251 956 4316 intellexi,
978 4269 1010 4305 ex
1029 4267 1083 4318 quo
1101 4251 1247 4318 utrumque
1266 4249 1372 4305 adulita-

234 4341 360 4395 mentum
378 4342 547 4410 comperire
565 4360 632 4398 veru
649 4345 757 4398 exstare
775 4345 803 4398 in
821 4343 975 4414 Vrbinatc.]
