3218 5094
593 390 640 438 nn
663 391 733 440 ono
756 389 800 439 ar
824 391 966 441 onronn.
1286 377 1349 444 605
1469 371 1477 384 ⁸

207 563 325 608 nomon
346 539 558 609 substituatur
586 544 621 608 in
649 544 779 609 alterius
800 545 921 630 flocum.
967 547 1074 630 Atque
1097 567 1167 610 eam
1189 547 1349 612 rationem

207 675 280 718 vere
301 654 475 719 tenendam
498 676 582 738 esse,
611 655 747 719 internis
776 655 973 740 argumentis
1001 656 1139 720 efficitur
1165 679 1232 722 non
1261 658 1348 721 infir-

207 765 374 848 mioribus,
404 787 500 849 quam
528 765 642 849 quibus
670 766 830 829 contraria
852 766 1002 829 Larcheri
1031 767 1214 831 coniectura
1241 768 1348 852 exagi-

206 877 276 939 tata
304 878 353 938 est
379 879 411 938 et
436 879 472 938 ut
499 875 636 940 arbitror
669 875 826 939 convicta.
877 875 964 951 Quae
997 876 1124 959 quidem
1158 881 1348 962 argumenta

207 985 357 1069 quoniam
380 1006 419 1048 ex
442 985 679 1069 comparatione
702 985 894 1070 reliquorum
916 985 972 1050 Ori
995 985 1249 1071 fragmentorum
1271 1009 1348 1070 pen-

207 1094 284 1158 dent
315 1098 428 1178 postea
459 1095 585 1159 demum
615 1095 828 1178 instituenda,
866 1094 927 1159 hoo
960 1096 1029 1160 loco
1062 1097 1140 1160 satis
1172 1097 1275 1160 habeo
1307 1097 1347 1160 ad

206 1205 347 1288 ipsorum
369 1205 600 1288 discrepantias
622 1204 917 1289 Etymologicorum
939 1227 1121 1288 provocare.
1156 1205 1254 1270 Velut
1275 1227 1347 1290 gra-

206 1316 370 1379 vissimum
391 1314 451 1380 hoc
474 1315 630 1398 estquod,
655 1315 776 1379 cumin
793 1315 985 1395 voceixvoc‚
1009 1336 1089 1400 qnae
1104 1337 1170 1379 non
1193 1319 1242 1378 est
1263 1316 1347 1400 apud

207 1424 375 1508 Orionem,
404 1427 439 1489 in
467 1425 614 1489 Gudiano
643 1447 674 1509 p.
697 1424 776 1508 286,
800 1425 842 1488 46
869 1425 1024 1508 scriptum
1052 1426 1095 1488 sit
1123 1426 1253 1507 Ὠρίων’,
1282 1426 1347 1510 ple-

207 1557 284 1598 num
317 1536 416 1615 'onr
450 1537 469 1600 ὁ
502 1537 655 1615 Μιλήειοε
686 1555 804 1598 nomen
833 1533 973 1598 Zonaras
1013 1535 1154 1617 prodidit
1185 1558 1217 1619 p.
1253 1536 1345 1601 1036.

206 1645 289 1709 Item
311 1646 345 1709 in
368 1645 421 1710 Et.
445 1644 490 1709 Μ.
513 1667 543 1707 v.
567 1644 735 1725 ἀδολεεχία
757 1666 789 1727 p.
815 1644 865 1725 18,
889 1644 909 1707 8
932 1642 1120 1729 Sylburgius
1142 1644 1242 1709 edidit
1264 1647 1347 1722 λέγει

207 1757 240 1819 δ’
261 1755 397 1838 Ὠρίων,
426 1755 483 1820 Ori
511 1775 629 1818 nomen
651 1754 772 1818 eruitur
800 1757 988 1837 ecorrupta
1010 1753 1200 1818 Dorvilliani
1230 1755 1346 1818 codicis

207 1865 366 1948 scriptura
389 1865 505 1950 (praef.
529 1863 563 1927 in
587 1863 669 1928 Gud.
692 1886 724 1947 p.
740 1863 818 1948 XII)
841 1865 926 1941 λέγω
948 1865 982 1928 δ’
1006 1862 1103 1944 ὦρον.
1140 1862 1260 1938 Quibus
1283 1865 1347 1928 alia

208 1974 361 2038 accedent
383 1978 403 2055 ὅ
428 1975 466 2038 16
493 1974 700 2064 reservanda,
730 1973 814 2056 quod
842 1974 1012 2038 coniuncta
1038 1976 1114 2037 sunt
1142 1995 1212 2037 cum
1240 1975 1346 2056 (orpo-

207 2086 264 2149 vr'n
287 2084 425 2148 nomine.
471 2083 626 2148 Nolumus
654 2084 740 2147 enim
769 2083 908 2166 arripere
939 2082 1098 2167 cupidius,
1128 2084 1210 2168 qnod
1237 2107 1267 2148 v.
1291 2085 1347 2171 ἄγ-

205 2215 305 2275 rapot
336 2197 368 2258 et
400 2195 531 2276 ἀγγριάε
564 2216 596 2277 p.
625 2195 664 2277 6,
697 2195 749 2257 46.
778 2194 821 2258 50
856 2193 940 2257 idem
974 2193 1191 2258 Dorvillianus
1227 2194 1272 2278 (p.
1302 2194 1346 2280 X)
1389 2279 1392 2286 .

206 2326 334 2387 prorsus
362 2304 470 2368 omisit
503 2305 606 2369 οὕτω(
634 2304 750 2384 Ὠρίων
778 2304 885 2378 rerba.
931 2301 1143 2386 Quamquam,
1177 2304 1205 2367 si
1237 2325 1347 2368 verum

205 2413 302 2478 fateri
329 2414 489 2497 volumus,
521 2415 597 2498 quid
625 2413 756 2477 tandem
783 2434 862 2495 opus
890 2415 939 2476 eat
966 2411 1150 2476 testimonia
1178 2414 1345 2496 anquirere

207 2524 273 2588 eius
300 2524 346 2588 rei
353 2575 362 2608 ,
395 2524 482 2588 cuius
516 2524 634 2587 similia
662 2524 808 2607 exempla
841 2526 966 2586 exstare
997 2543 1071 2586 rere
1099 2522 1345 2586 innumerabilia
1363 2536 1396 2583 22

207 2655 300 2698 nemo
322 2635 462 2717 nesciat,
493 2634 546 2717 qui
570 2633 707 2717 aliquem
728 2634 842 2697 harum
863 2654 969 2696 rerum
991 2653 1082 2696 usum
1103 2631 1221 2695 habeat
1243 2634 1275 2694 et
1295 2632 1346 2696 vel

206 2744 319 2808 leviter
345 2743 528 2808 recordetur
554 2743 720 2807 nominum
749 2743 790 2806 ab
816 2745 888 2823 Ἡρ-
916 2745 985 2808 Ἡε-
1014 2743 1087 2806 Φιλ-
1110 2743 1209 2818 Διογ-
1230 2744 1346 2822 'Apter-

206 2855 271 2938 ['lc-
295 2856 383 2935 Δημ-
406 2856 539 2920 Ἀπολλ-
563 2855 659 2919 Φαιδ-
682 2852 818 2940 'Arrio-l
842 2853 972 2936 syllabis
994 2851 1240 2936 incipientium?

728 3051 748 3130 a
773 3049 822 3112 12.

290 3184 352 3249 Via
373 3186 537 3268 patefacta
564 3188 628 3267 est,
658 3206 720 3268 qua
748 3205 814 3248 non
844 3183 975 3268 exiguus
997 3182 1142 3246 videatur
1168 3183 1345 3268 insignium

207 3315 244 3358 ex
267 3294 324 3360 Ori
346 3279 473 3378 scriptis
495 3293 713 3379 grammaticis
735 3294 989 3378 fragmentorum
1011 3313 1160 3356 numerus
1185 3294 1275 3375 quasi
1297 3314 1344 3355 re-

208 3405 351 3488 cuperari
374 3425 477 3488 posse.
522 3403 581 3470 Oui
609 3407 719 3467 tamen
747 3403 930 3487 priusquam
952 3405 1022 3465 tuto
1045 3401 1245 3483 insistemus,
1275 3401 1344 3464 dili-

74 3519 79 3526 '
206 3515 393 3599 gentissimc
415 3514 610 3598 pertexenda
631 3513 695 3577 alia
711 3517 760 3577 est
774 3513 917 3598 quaestio
933 3513 1097 3596 quaedam.
1132 3510 1214 3586 Quid
1237 3511 1345 3574 enim?

206 3625 249 3709 si,
279 3623 361 3709 quod
389 3625 428 3687 ad
457 3647 515 3689 nos
541 3623 702 3708 pervenit,
734 3611 775 3686 ne
806 3623 848 3686 sit
880 3621 1007 3707 quidem
1033 3621 1195 3705 integrum
1217 3621 1345 3685 Orionis

206 3734 358 3818 lerinum,
382 3734 437 3798 sed
460 3735 500 3798 ad
521 3733 744 3818 pervulgatum
766 3732 975 3814 epitomarum
998 3731 1079 3814 sive,
1107 3733 1144 3793 ut
1169 3729 1271 3794 latine
1299 3731 1344 3795 lo-

207 3867 350 3928 quamur,
379 3842 622 3908 summariorum
649 3863 751 3926 genus
773 3840 957 3925 pertineat?
1000 3841 1051 3905 Ita
1078 3841 1164 3904 enim
1185 3839 1220 3902 in
1241 3843 1344 3904 trans-

205 3977 331 4020 rersum
353 3977 521 4042 ageremur
542 3953 731 4018 necessario.
765 3953 871 4035 Atque
893 3950 992 4015 habet
1011 3950 1089 4015 illud
1111 3950 1265 4034 profecto,
1290 3971 1345 4012 cur

206 4067 314 4130 multis
350 4066 542 4150 placiturum
578 4065 621 4128 sit
657 4085 722 4127 non
754 4061 965 4125 mediocriter.
1021 4059 1141 4135 Quibus
1173 4059 1344 4124 viderimus

207 4175 282 4258 quid
305 4176 415 4239 critica
438 4197 490 4239 ars
512 4173 704 4258 respondeat
725 4194 791 4237 non
812 4171 925 4235 leviter
945 4171 1104 4235 factitata.

270 4284 396 4367 Duplex
419 4284 540 4348 editum
562 4287 611 4347 est
631 4305 672 4348 ex
695 4287 806 4348 Orione
826 4293 1039 4362 excerptorum
1061 4301 1178 4364 genus,
1209 4279 1344 4343 alterum

207 4415 224 4457 e
246 4393 475 4458 Darmstadino
504 4392 585 4458 libro
614 4393 691 4458 satis
716 4393 773 4457 illo
795 4391 899 4456 Bastii
920 4390 1111 4456 testimoniis
1138 4392 1231 4472 noto,
1259 4411 1290 4453 v.
1315 4411 1341 4453 c.
