<?xml version="1.0" encoding="UTF-8"?>
<!DOCTYPE html PUBLIC "-//W3C//DTD XHTML 1.0 Transitional//EN"
    "http://www.w3.org/TR/xhtml1/DTD/xhtml1-transitional.dtd">
<html xmlns="http://www.w3.org/1999/xhtml" xml:lang="en" lang="en">
 <head>
  <title>
</title>
<meta http-equiv="Content-Type" content="text/html;charset=utf-8" />
  <meta name='ocr-system' content='tesseract 3.04.00' />
  <meta name='ocr-capabilities' content='ocr_page ocr_carea ocr_par ocr_line ocrx_word'/>
</head>
<body>
  <div class='ocr_page' id='page_1' title='image "./fridericiritsch11wachgoog_0229.png"; bbox 0 0 3254 5092; ppageno 0'>
   <div class='ocr_carea' id='block_1_1' title="bbox 247 291 1039 356">
    <p class='ocr_par' dir='ltr' id='par_1_1' title="bbox 247 291 1039 356">
     <span class='ocr_line' id='line_1_1' title="bbox 247 291 1039 356; baseline -0.001 -2"><span class='ocrx_word' id='word_1_1' title='bbox 247 291 310 354; x_wconf 81' lang='lat'>208</span> <span class='ocrx_word' id='word_1_2' title='bbox 599 307 754 356; x_wconf 72' lang='grc' dir='ltr'>τπυτυλυ</span> <span class='ocrx_word' id='word_1_3' title='bbox 777 305 1039 355; x_wconf 74' lang='grc' dir='ltr'>υπουποοιιαιιι</span> 
     </span>
    </p>
   </div>
   <div class='ocr_carea' id='block_1_2' title="bbox 182 460 1450 3940">
    <p class='ocr_par' dir='ltr' id='par_1_2' title="bbox 248 460 1386 758">
     <span class='ocr_line' id='line_1_2' title="bbox 248 460 1385 542; baseline -0.002 -18"><span class='ocrx_word' id='word_1_4' title='bbox 248 481 337 538; x_wconf 91' lang='grc' dir='ltr'>μεναι</span> <span class='ocrx_word' id='word_1_5' title='bbox 347 510 355 542; x_wconf 85' lang='grc'>,</span> <span class='ocrx_word' id='word_1_6' title='bbox 380 461 467 539; x_wconf 89' lang='grc' dir='ltr'>ὅμωε</span> <span class='ocrx_word' id='word_1_7' title='bbox 490 461 590 538; x_wconf 87' lang='grc' dir='ltr'>λάθρα</span> <span class='ocrx_word' id='word_1_8' title='bbox 606 461 661 525; x_wconf 84' lang='grc' dir='ltr'>τὺν</span> <span class='ocrx_word' id='word_1_9' title='bbox 678 460 872 539; x_wconf 89' lang='grc' dir='ltr'>ὁμοτρόποιε</span> <span class='ocrx_word' id='word_1_10' title='bbox 888 462 1127 539; x_wconf 88' lang='grc' dir='ltr'>περιιπτάμεναι</span> <span class='ocrx_word' id='word_1_11' title='bbox 1142 462 1385 539; x_wconf 87' lang='grc' dir='ltr'>περιβομβοῦειν</span> 
     </span>
     <span class='ocr_line' id='line_1_3' title="bbox 249 568 1386 652; baseline -0.002 -18"><span class='ocrx_word' id='word_1_12' title='bbox 249 570 427 648; x_wconf 86' lang='grc' dir='ltr'>ἀνήκουετά</span> <span class='ocrx_word' id='word_1_13' title='bbox 449 591 483 634; x_wconf 90' lang='grc' dir='ltr'>τε</span> <span class='ocrx_word' id='word_1_14' title='bbox 506 570 555 633; x_wconf 86' lang='grc' dir='ltr'>καὶ</span> <span class='ocrx_word' id='word_1_15' title='bbox 582 571 766 652; x_wconf 86' lang='grc' dir='ltr'>παράληρα,</span> <span class='ocrx_word' id='word_1_16' title='bbox 796 571 877 634; x_wconf 91' lang='grc' dir='ltr'>ἀλλά</span> <span class='ocrx_word' id='word_1_17' title='bbox 899 590 951 649; x_wconf 90' lang='grc' dir='ltr'>μοι</span> <span class='ocrx_word' id='word_1_18' title='bbox 974 571 1069 634; x_wconf 85' lang='grc' dir='ltr'>τόεον</span> <span class='ocrx_word' id='word_1_19' title='bbox 1091 570 1281 648; x_wconf 84' lang='grc' dir='ltr'>τροχάεαντι</span> <span class='ocrx_word' id='word_1_20' title='bbox 1311 568 1386 633; x_wconf 90' lang='grc' dir='ltr'>άνα-</span> 
     </span>
     <span class='ocr_line' id='line_1_4' title="bbox 248 680 908 758; baseline 0 -15"><span class='ocrx_word' id='word_1_21' title='bbox 248 681 389 758; x_wconf 82' lang='grc' dir='ltr'>ληπτέον</span> <span class='ocrx_word' id='word_1_22' title='bbox 412 680 508 743; x_wconf 88' lang='grc' dir='ltr'>πάλιν</span> <span class='ocrx_word' id='word_1_23' title='bbox 530 683 589 743; x_wconf 82' lang='grc' dir='ltr'>τοῦ</span> <span class='ocrx_word' id='word_1_24' title='bbox 613 680 713 755; x_wconf 83' lang='grc' dir='ltr'>λόγου</span> <span class='ocrx_word' id='word_1_25' title='bbox 735 680 774 743; x_wconf 89' lang='grc' dir='ltr'>τά</span> <span class='ocrx_word' id='word_1_26' title='bbox 797 680 908 758; x_wconf 86' lang='grc' dir='ltr'>καίρια.</span> 
     </span>
    </p>

    <p class='ocr_par' dir='ltr' id='par_1_3' title="bbox 182 789 1450 2076">
     <span class='ocr_line' id='line_1_5' title="bbox 182 789 1411 868; baseline 0.003 -20"><span class='ocrx_word' id='word_1_27' title='bbox 182 801 230 849; x_wconf 87' lang='lat'>119</span> <span class='ocrx_word' id='word_1_28' title='bbox 332 790 362 850; x_wconf 78' lang='lat'>2.</span> <span class='ocrx_word' id='word_1_29' title='bbox 393 790 473 868; x_wconf 90' lang='grc' dir='ltr'>Περὶ</span> <span class='ocrx_word' id='word_1_30' title='bbox 501 793 645 868; x_wconf 86' lang='grc' dir='ltr'>ποιητῶν</span> <span class='ocrx_word' id='word_1_31' title='bbox 673 790 826 854; x_wconf 88' lang='grc' dir='ltr'>πολλάκιε</span> <span class='ocrx_word' id='word_1_32' title='bbox 855 789 927 868; x_wconf 85' lang='grc' dir='ltr'>ὑμῖν</span> <span class='ocrx_word' id='word_1_33' title='bbox 956 790 1141 868; x_wconf 76' lang='grc' dir='ltr'>ἐδιδάξαμεν</span> <span class='ocrx_word' id='word_1_34' title='bbox 1171 791 1220 852; x_wconf 86' lang='grc' dir='ltr'>καὶ</span> <span class='ocrx_word' id='word_1_35' title='bbox 1248 792 1411 868; x_wconf 74' lang='grc' dir='ltr'>διαρκῶει</span> 
     </span>
     <span class='ocr_line' id='line_1_6' title="bbox 249 899 1386 978; baseline 0 -16"><span class='ocrx_word' id='word_1_36' title='bbox 249 899 361 963; x_wconf 81' lang='grc' dir='ltr'>ἕκαετα</span> <span class='ocrx_word' id='word_1_37' title='bbox 390 899 601 974; x_wconf 85' lang='grc' dir='ltr'>ἐξεπίεταεθε,</span> <span class='ocrx_word' id='word_1_38' title='bbox 630 899 697 977; x_wconf 85' lang='grc' dir='ltr'>εἴδη</span> <span class='ocrx_word' id='word_1_39' title='bbox 724 921 758 964; x_wconf 90' lang='grc' dir='ltr'>τε</span> <span class='ocrx_word' id='word_1_40' title='bbox 786 899 913 963; x_wconf 89' lang='grc' dir='ltr'>τούτων</span> <span class='ocrx_word' id='word_1_41' title='bbox 940 901 991 962; x_wconf 88' lang='grc' dir='ltr'>καὶ</span> <span class='ocrx_word' id='word_1_42' title='bbox 1017 901 1057 963; x_wconf 89' lang='grc' dir='ltr'>τὰ</span> <span class='ocrx_word' id='word_1_43' title='bbox 1085 899 1287 978; x_wconf 85' lang='grc' dir='ltr'>γνωρίτματα</span> <span class='ocrx_word' id='word_1_44' title='bbox 1320 903 1386 963; x_wconf 94' lang='grc' dir='ltr'>τῶν</span> 
     </span>
     <span class='ocr_line' id='line_1_7' title="bbox 249 1008 1386 1093; baseline 0 -21"><span class='ocrx_word' id='word_1_45' title='bbox 249 1015 403 1086; x_wconf 86' lang='grc' dir='ltr'>εκηνικῶν</span> <span class='ocrx_word' id='word_1_46' title='bbox 430 1030 465 1073; x_wconf 91' lang='grc' dir='ltr'>τε</span> <span class='ocrx_word' id='word_1_47' title='bbox 493 1010 568 1072; x_wconf 90' lang='grc' dir='ltr'>τοὺε</span> <span class='ocrx_word' id='word_1_48' title='bbox 596 1011 715 1088; x_wconf 87' lang='grc' dir='ltr'>χοροὺε</span> <span class='ocrx_word' id='word_1_49' title='bbox 742 1010 778 1072; x_wconf 81' lang='grc' dir='ltr'>ἐκ</span> <span class='ocrx_word' id='word_1_50' title='bbox 800 1010 910 1073; x_wconf 84' lang='grc' dir='ltr'>πότων</span> <span class='ocrx_word' id='word_1_51' title='bbox 933 1009 1063 1089; x_wconf 89' lang='grc' dir='ltr'>ἀνδρῶν</span> <span class='ocrx_word' id='word_1_52' title='bbox 1085 1010 1136 1073; x_wconf 89' lang='grc' dir='ltr'>καὶ</span> <span class='ocrx_word' id='word_1_53' title='bbox 1157 1009 1185 1073; x_wconf 95' lang='grc' dir='ltr'>τί</span> <span class='ocrx_word' id='word_1_54' title='bbox 1207 1009 1327 1093; x_wconf 79' lang='grc' dir='ltr'>ἑκάττιμ</span> <span class='ocrx_word' id='word_1_55' title='bbox 1349 1008 1386 1072; x_wconf 91' lang='grc' dir='ltr'>τὸ</span> 
     </span>
     <span class='ocr_line' id='line_1_8' title="bbox 248 1118 1388 1199; baseline -0.003 -16"><span class='ocrx_word' id='word_1_56' title='bbox 248 1123 374 1198; x_wconf 87' lang='grc' dir='ltr'>δῶρον,</span> <span class='ocrx_word' id='word_1_57' title='bbox 402 1119 452 1182; x_wconf 85' lang='grc' dir='ltr'>καὶ</span> <span class='ocrx_word' id='word_1_58' title='bbox 480 1123 550 1182; x_wconf 80' lang='grc' dir='ltr'>πῶτ</span> <span class='ocrx_word' id='word_1_59' title='bbox 578 1119 811 1199; x_wconf 86' lang='grc' dir='ltr'>ἐφευρέθηεαν,</span> <span class='ocrx_word' id='word_1_60' title='bbox 839 1120 890 1182; x_wconf 86' lang='grc' dir='ltr'>καὶ</span> <span class='ocrx_word' id='word_1_61' title='bbox 922 1118 970 1182; x_wconf 88' lang='grc' dir='ltr'>ὅτι</span> <span class='ocrx_word' id='word_1_62' title='bbox 998 1120 1146 1194; x_wconf 88' lang='grc' dir='ltr'>λέγονται</span> <span class='ocrx_word' id='word_1_63' title='bbox 1168 1119 1311 1197; x_wconf 87' lang='grc' dir='ltr'>δράματα</span> <span class='ocrx_word' id='word_1_64' title='bbox 1338 1120 1388 1181; x_wconf 88' lang='grc' dir='ltr'>καὶ</span> 
     </span>
     <span class='ocr_line' id='line_1_9' title="bbox 250 1229 1414 1308; baseline -0.001 -16"><span class='ocrx_word' id='word_1_65' title='bbox 250 1229 289 1292; x_wconf 88' lang='grc' dir='ltr'>οὐ</span> <span class='ocrx_word' id='word_1_66' title='bbox 311 1229 483 1308; x_wconf 91' lang='grc' dir='ltr'>γράμματα.</span> <span class='ocrx_word' id='word_1_67' title='bbox 521 1229 616 1292; x_wconf 85' lang='grc' dir='ltr'>Ἀλλὰ</span> <span class='ocrx_word' id='word_1_68' title='bbox 637 1229 688 1292; x_wconf 91' lang='grc' dir='ltr'>καὶ</span> <span class='ocrx_word' id='word_1_69' title='bbox 710 1232 770 1293; x_wconf 85' lang='grc' dir='ltr'>νῦν</span> <span class='ocrx_word' id='word_1_70' title='bbox 794 1229 1010 1307; x_wconf 86' lang='grc' dir='ltr'>ἐπιδρομάδην</span> <span class='ocrx_word' id='word_1_71' title='bbox 1032 1233 1099 1292; x_wconf 88' lang='grc' dir='ltr'>τῶν</span> <span class='ocrx_word' id='word_1_72' title='bbox 1122 1234 1275 1307; x_wconf 86' lang='grc' dir='ltr'>εκηνικῶν</span> <span class='ocrx_word' id='word_1_73' title='bbox 1297 1246 1414 1307; x_wconf 73' lang='grc' dir='ltr'>ποιη-τ»</span> 
     </span>
     <span class='ocr_line' id='line_1_10' title="bbox 249 1332 1450 1417; baseline -0.001 -16"><span class='ocrx_word' id='word_1_74' title='bbox 249 1339 358 1416; x_wconf 87' lang='grc' dir='ltr'>μάτων</span> <span class='ocrx_word' id='word_1_75' title='bbox 381 1339 421 1402; x_wconf 89' lang='grc' dir='ltr'>τὰ</span> <span class='ocrx_word' id='word_1_76' title='bbox 442 1337 546 1416; x_wconf 90' lang='grc' dir='ltr'>καίρια</span> <span class='ocrx_word' id='word_1_77' title='bbox 568 1338 733 1402; x_wconf 85' lang='grc' dir='ltr'>διδακτέον</span> <span class='ocrx_word' id='word_1_78' title='bbox 755 1358 821 1416; x_wconf 91' lang='grc' dir='ltr'>μοι,</span> <span class='ocrx_word' id='word_1_79' title='bbox 848 1337 903 1402; x_wconf 80' lang='grc' dir='ltr'>ἵνα</span> <span class='ocrx_word' id='word_1_80' title='bbox 924 1339 974 1401; x_wconf 90' lang='grc' dir='ltr'>καὶ</span> <span class='ocrx_word' id='word_1_81' title='bbox 996 1338 1113 1417; x_wconf 89' lang='grc' dir='ltr'>ψώραν</span> <span class='ocrx_word' id='word_1_82' title='bbox 1136 1339 1296 1417; x_wconf 82' lang='grc' dir='ltr'>ἐξηγητῶν</span> <span class='ocrx_word' id='word_1_83' title='bbox 1318 1340 1389 1402; x_wconf 85' lang='grc' dir='ltr'>ταῐε</span> <span class='ocrx_word' id='word_1_84' title='bbox 1447 1332 1450 1340; x_wconf 75' lang='grc'>’</span> 
     </span>
     <span class='ocr_line' id='line_1_11' title="bbox 249 1447 1388 1528; baseline -0.002 -16"><span class='ocrx_word' id='word_1_85' title='bbox 249 1451 420 1528; x_wconf 85' lang='grc' dir='ltr'>διαφοραῑε</span> <span class='ocrx_word' id='word_1_86' title='bbox 443 1447 675 1526; x_wconf 86' lang='grc' dir='ltr'>ἐκκαθάρωμεν,</span> <span class='ocrx_word' id='word_1_87' title='bbox 699 1449 807 1512; x_wconf 85' lang='grc' dir='ltr'>καὶτὸ</span> <span class='ocrx_word' id='word_1_88' title='bbox 829 1447 1004 1512; x_wconf 80' lang='grc' dir='ltr'>Διονυτίου</span> <span class='ocrx_word' id='word_1_89' title='bbox 1025 1467 1061 1512; x_wconf 89' lang='grc' dir='ltr'>τε</span> <span class='ocrx_word' id='word_1_90' title='bbox 1083 1449 1132 1512; x_wconf 91' lang='grc' dir='ltr'>καὶ</span> <span class='ocrx_word' id='word_1_91' title='bbox 1147 1447 1316 1514; x_wconf 83' lang='grc' dir='ltr'>Εὐκλείδου</span> <span class='ocrx_word' id='word_1_92' title='bbox 1338 1448 1388 1511; x_wconf 88' lang='grc' dir='ltr'>καὶ</span> 
     </span>
     <span class='ocr_line' id='line_1_12' title="bbox 252 1557 1388 1637; baseline -0.001 -17"><span class='ocrx_word' id='word_1_93' title='bbox 252 1558 412 1636; x_wconf 77' lang='grc' dir='ltr'>Κράτητα(</span> <span class='ocrx_word' id='word_1_94' title='bbox 435 1559 568 1622; x_wconf 87' lang='grc' dir='ltr'>εκολιῶε</span> <span class='ocrx_word' id='word_1_95' title='bbox 591 1557 641 1621; x_wconf 81' lang='grc' dir='ltr'>καὶ</span> <span class='ocrx_word' id='word_1_96' title='bbox 662 1558 877 1637; x_wconf 87' lang='grc' dir='ltr'>πεφυρμένωε</span> <span class='ocrx_word' id='word_1_97' title='bbox 899 1558 950 1621; x_wconf 88' lang='grc' dir='ltr'>καὶ</span> <span class='ocrx_word' id='word_1_98' title='bbox 972 1557 1182 1636; x_wconf 78' lang='grc' dir='ltr'>ἀπατηρήτωε</span> <span class='ocrx_word' id='word_1_99' title='bbox 1197 1559 1323 1636; x_wconf 80' lang='grc' dir='ltr'>γραφὲν</span> <span class='ocrx_word' id='word_1_100' title='bbox 1345 1557 1388 1620; x_wconf 69' lang='lat' dir='ltr'>eie</span> 
     </span>
     <span class='ocr_line' id='line_1_13' title="bbox 249 1666 1389 1751; baseline 0 -21"><span class='ocrx_word' id='word_1_101' title='bbox 249 1669 287 1730; x_wconf 93' lang='grc' dir='ltr'>τὸ</span> <span class='ocrx_word' id='word_1_102' title='bbox 321 1668 393 1746; x_wconf 83' lang='grc' dir='ltr'>περὶ</span> <span class='ocrx_word' id='word_1_103' title='bbox 421 1671 528 1745; x_wconf 87' lang='grc' dir='ltr'>μερῶν</span> <span class='ocrx_word' id='word_1_104' title='bbox 556 1667 723 1751; x_wconf 71' lang='grc' dir='ltr'>κωμῳδία(</span> <span class='ocrx_word' id='word_1_105' title='bbox 755 1669 805 1732; x_wconf 87' lang='grc' dir='ltr'>καὶ</span> <span class='ocrx_word' id='word_1_106' title='bbox 831 1667 1041 1746; x_wconf 84' lang='grc' dir='ltr'>παραβάεεωτ</span> <span class='ocrx_word' id='word_1_107' title='bbox 1070 1666 1249 1732; x_wconf 86' lang='grc' dir='ltr'>εὐθυτάτωε</span> <span class='ocrx_word' id='word_1_108' title='bbox 1277 1689 1310 1731; x_wconf 91' lang='grc' dir='ltr'>τε</span> <span class='ocrx_word' id='word_1_109' title='bbox 1340 1669 1389 1730; x_wconf 87' lang='grc' dir='ltr'>καὶ</span> 
     </span>
     <span class='ocr_line' id='line_1_14' title="bbox 251 1777 1428 1857; baseline 0 -17"><span class='ocrx_word' id='word_1_110' title='bbox 251 1777 404 1857; x_wconf 85' lang='grc' dir='ltr'>ἀφύρτωε</span> <span class='ocrx_word' id='word_1_111' title='bbox 431 1778 496 1856; x_wconf 83' lang='grc' dir='ltr'>μετ’</span> <span class='ocrx_word' id='word_1_112' title='bbox 523 1777 713 1841; x_wconf 80' lang='grc' dir='ltr'>ἐπιετάτεω(</span> <span class='ocrx_word' id='word_1_113' title='bbox 746 1783 857 1856; x_wconf 90' lang='grc' dir='ltr'>εαφῶε</span> <span class='ocrx_word' id='word_1_114' title='bbox 884 1778 1134 1855; x_wconf 79' lang='grc' dir='ltr'>παραετήεωμεν</span> <span class='ocrx_word' id='word_1_115' title='bbox 1161 1778 1240 1842; x_wconf 88' lang='grc' dir='ltr'>κατά</span> <span class='ocrx_word' id='word_1_116' title='bbox 1266 1798 1301 1841; x_wconf 93' lang='grc' dir='ltr'>τε</span> <span class='ocrx_word' id='word_1_117' title='bbox 1328 1778 1388 1855; x_wconf 91' lang='grc' dir='ltr'>τὴν</span> <span class='ocrx_word' id='word_1_118' title='bbox 1404 1784 1428 1822; x_wconf 87' lang='lat'>¹0</span> 
     </span>
     <span class='ocr_line' id='line_1_15' title="bbox 250 1886 1388 1966; baseline -0.001 -16"><span class='ocrx_word' id='word_1_119' title='bbox 250 1890 364 1965; x_wconf 87' lang='grc' dir='ltr'>πρᾶξιν</span> <span class='ocrx_word' id='word_1_120' title='bbox 392 1886 492 1963; x_wconf 87' lang='grc' dir='ltr'>αὐτὴν</span> <span class='ocrx_word' id='word_1_121' title='bbox 521 1888 570 1950; x_wconf 88' lang='grc' dir='ltr'>καὶ</span> <span class='ocrx_word' id='word_1_122' title='bbox 597 1888 655 1950; x_wconf 90' lang='grc' dir='ltr'>τὸν</span> <span class='ocrx_word' id='word_1_123' title='bbox 682 1890 763 1951; x_wconf 83' lang='grc' dir='ltr'>νοῦν</span> <span class='ocrx_word' id='word_1_124' title='bbox 793 1890 860 1950; x_wconf 91' lang='grc' dir='ltr'>τῶν</span> <span class='ocrx_word' id='word_1_125' title='bbox 895 1886 1026 1966; x_wconf 87' lang='grc' dir='ltr'>βιβλίων</span> <span class='ocrx_word' id='word_1_126' title='bbox 1059 1887 1110 1950; x_wconf 85' lang='grc' dir='ltr'>καί</span> <span class='ocrx_word' id='word_1_127' title='bbox 1140 1889 1200 1966; x_wconf 85' lang='grc' dir='ltr'>τὴν</span> <span class='ocrx_word' id='word_1_128' title='bbox 1228 1886 1388 1964; x_wconf 89' lang='grc' dir='ltr'>ἀλήθειαν.</span> 
     </span>
     <span class='ocr_line' id='line_1_16' title="bbox 253 1995 1154 2076; baseline -0.002 -17"><span class='ocrx_word' id='word_1_129' title='bbox 253 1997 309 2059; x_wconf 87' lang='grc' dir='ltr'>Καὶ</span> <span class='ocrx_word' id='word_1_130' title='bbox 330 1997 368 2074; x_wconf 85' lang='grc' dir='ltr'>δὴ</span> <span class='ocrx_word' id='word_1_131' title='bbox 391 1999 523 2074; x_wconf 91' lang='grc' dir='ltr'>πρῶτον</span> <span class='ocrx_word' id='word_1_132' title='bbox 547 1995 682 2074; x_wconf 85' lang='grc' dir='ltr'>ἀρκτέον</span> <span class='ocrx_word' id='word_1_133' title='bbox 704 2017 757 2074; x_wconf 91' lang='grc' dir='ltr'>μοι</span> <span class='ocrx_word' id='word_1_134' title='bbox 780 1997 884 2070; x_wconf 90' lang='grc' dir='ltr'>λέγειν</span> <span class='ocrx_word' id='word_1_135' title='bbox 906 1996 963 2060; x_wconf 87' lang='grc' dir='ltr'>τὰε</span> <span class='ocrx_word' id='word_1_136' title='bbox 985 1996 1154 2076; x_wconf 85' lang='grc' dir='ltr'>διαφοράε.</span> 
     </span>
    </p>

    <p class='ocr_par' dir='ltr' id='par_1_4' title="bbox 250 2105 1429 3940">
     <span class='ocr_line' id='line_1_17' title="bbox 335 2105 1389 2187; baseline 0.004 -20"><span class='ocrx_word' id='word_1_137' title='bbox 335 2105 366 2167; x_wconf 89' lang='lat'>3.</span> <span class='ocrx_word' id='word_1_138' title='bbox 396 2107 431 2170; x_wconf 91' lang='grc' dir='ltr'>Ἡ</span> <span class='ocrx_word' id='word_1_139' title='bbox 448 2105 598 2187; x_wconf 80' lang='grc' dir='ltr'>κωμῳδία</span> <span class='ocrx_word' id='word_1_140' title='bbox 613 2106 802 2183; x_wconf 85' lang='grc' dir='ltr'>μεμιγμένον</span> <span class='ocrx_word' id='word_1_141' title='bbox 819 2108 885 2168; x_wconf 86' lang='grc' dir='ltr'>τοῑτ</span> <span class='ocrx_word' id='word_1_142' title='bbox 901 2107 1059 2184; x_wconf 85' lang='grc' dir='ltr'>εκῶμμαει</span> <span class='ocrx_word' id='word_1_143' title='bbox 1081 2106 1147 2186; x_wconf 80' lang='grc' dir='ltr'>εἶχε</span> <span class='ocrx_word' id='word_1_144' title='bbox 1169 2107 1227 2171; x_wconf 91' lang='grc' dir='ltr'>τὸν</span> <span class='ocrx_word' id='word_1_145' title='bbox 1248 2107 1389 2181; x_wconf 88' lang='grc' dir='ltr'>γέλωτα·</span> 
     </span>
     <span class='ocr_line' id='line_1_18' title="bbox 250 2213 1390 2298; baseline 0 -19"><span class='ocrx_word' id='word_1_146' title='bbox 250 2216 270 2293; x_wconf 89' lang='grc' dir='ltr'><strong>ἡ</strong></span> <span class='ocrx_word' id='word_1_147' title='bbox 298 2213 460 2298; x_wconf 83' lang='grc' dir='ltr'>τραγῳδία</span> <span class='ocrx_word' id='word_1_148' title='bbox 487 2215 587 2293; x_wconf 87' lang='grc' dir='ltr'>πένθη</span> <span class='ocrx_word' id='word_1_149' title='bbox 617 2216 666 2279; x_wconf 92' lang='grc' dir='ltr'>καὶ</span> <span class='ocrx_word' id='word_1_150' title='bbox 694 2215 873 2296; x_wconf 87' lang='grc' dir='ltr'>ευμφορὰε·</span> <span class='ocrx_word' id='word_1_151' title='bbox 901 2216 920 2293; x_wconf 89' lang='grc' dir='ltr'>ἡ</span> <span class='ocrx_word' id='word_1_152' title='bbox 947 2217 1092 2294; x_wconf 83' lang='grc' dir='ltr'>εατυρικὴ</span> <span class='ocrx_word' id='word_1_153' title='bbox 1120 2217 1156 2279; x_wconf 82' lang='grc' dir='ltr'>δὲ</span> <span class='ocrx_word' id='word_1_154' title='bbox 1184 2216 1305 2294; x_wconf 83' lang='grc' dir='ltr'>ποίητιε</span> <span class='ocrx_word' id='word_1_155' title='bbox 1331 2216 1390 2279; x_wconf 89' lang='grc' dir='ltr'>οὐκ</span> 
     </span>
     <span class='ocr_line' id='line_1_19' title="bbox 252 2324 1428 2407; baseline 0.001 -19"><span class='ocrx_word' id='word_1_156' title='bbox 252 2324 317 2388; x_wconf 87' lang='grc' dir='ltr'>ἀπὸ</span> <span class='ocrx_word' id='word_1_157' title='bbox 344 2326 485 2390; x_wconf 85' lang='grc' dir='ltr'>πένθουε</span> <span class='ocrx_word' id='word_1_158' title='bbox 513 2324 555 2388; x_wconf 85' lang='grc' dir='ltr'>εἰτ</span> <span class='ocrx_word' id='word_1_159' title='bbox 586 2325 689 2404; x_wconf 87' lang='grc' dir='ltr'>χαρὰν</span> <span class='ocrx_word' id='word_1_160' title='bbox 717 2330 870 2407; x_wconf 85' lang='grc' dir='ltr'>καταντᾷ,</span> <span class='ocrx_word' id='word_1_161' title='bbox 900 2325 944 2388; x_wconf 86' lang='grc' dir='ltr'>ῶε</span> <span class='ocrx_word' id='word_1_162' title='bbox 972 2325 1141 2404; x_wconf 88' lang='grc' dir='ltr'>Εὐριπίδου</span> <span class='ocrx_word' id='word_1_163' title='bbox 1164 2326 1310 2406; x_wconf 83' lang='grc' dir='ltr'>Ὀρέετητ</span> <span class='ocrx_word' id='word_1_164' title='bbox 1339 2327 1390 2389; x_wconf 87' lang='grc' dir='ltr'>καὶ</span> <span class='ocrx_word' id='word_1_165' title='bbox 1405 2337 1428 2378; x_wconf 72' lang='grc' dir='ltr'>υ</span> 
     </span>
     <span class='ocr_line' id='line_1_20' title="bbox 251 2434 1389 2514; baseline 0 -16"><span class='ocrx_word' id='word_1_166' title='bbox 251 2435 410 2512; x_wconf 79' lang='grc' dir='ltr'>Ἄλκηετιτ</span> <span class='ocrx_word' id='word_1_167' title='bbox 438 2435 529 2512; x_wconf 88' lang='grc' dir='ltr'>καὶὴ</span> <span class='ocrx_word' id='word_1_168' title='bbox 558 2439 615 2498; x_wconf 82' lang='grc' dir='ltr'>τοῦ</span> <span class='ocrx_word' id='word_1_169' title='bbox 639 2435 844 2514; x_wconf 83' lang='grc' dir='ltr'>(οφοκλέουε</span> <span class='ocrx_word' id='word_1_170' title='bbox 867 2435 1034 2514; x_wconf 80' lang='grc' dir='ltr'>Ἠλέκτρα,</span> <span class='ocrx_word' id='word_1_171' title='bbox 1063 2434 1108 2498; x_wconf 86' lang='grc' dir='ltr'>ῶε</span> <span class='ocrx_word' id='word_1_172' title='bbox 1136 2435 1213 2514; x_wconf 80' lang='grc' dir='ltr'>κάμὲ</span> <span class='ocrx_word' id='word_1_173' title='bbox 1242 2435 1272 2499; x_wconf 80' lang='grc' dir='ltr'>οἱ</span> <span class='ocrx_word' id='word_1_174' title='bbox 1301 2435 1389 2499; x_wconf 83' lang='grc' dir='ltr'>ἀτκέ-</span> 
     </span>
     <span class='ocr_line' id='line_1_21' title="bbox 252 2544 1390 2623; baseline -0.002 -14"><span class='ocrx_word' id='word_1_175' title='bbox 252 2565 340 2609; x_wconf 87' lang='grc' dir='ltr'>πτωε</span> <span class='ocrx_word' id='word_1_176' title='bbox 362 2547 536 2623; x_wconf 83' lang='grc' dir='ltr'>ληροῦντεε</span> <span class='ocrx_word' id='word_1_177' title='bbox 551 2545 694 2622; x_wconf 80' lang='grc' dir='ltr'>ἐξηγηταὶ</span> <span class='ocrx_word' id='word_1_178' title='bbox 710 2546 760 2608; x_wconf 87' lang='grc' dir='ltr'>καὶ</span> <span class='ocrx_word' id='word_1_179' title='bbox 774 2546 896 2623; x_wconf 81' lang='grc' dir='ltr'>γράψαι</span> <span class='ocrx_word' id='word_1_180' title='bbox 910 2545 960 2608; x_wconf 89' lang='grc' dir='ltr'>καὶ</span> <span class='ocrx_word' id='word_1_181' title='bbox 980 2545 1102 2610; x_wconf 83' lang='grc' dir='ltr'>διδάξαι</span> <span class='ocrx_word' id='word_1_182' title='bbox 1122 2544 1297 2622; x_wconf 85' lang='grc' dir='ltr'>ήιτάτηεαν,</span> <span class='ocrx_word' id='word_1_183' title='bbox 1320 2544 1390 2608; x_wconf 84' lang='grc' dir='ltr'>ἀλλ’</span> 
     </span>
     <span class='ocr_line' id='line_1_22' title="bbox 252 2653 1391 2734; baseline 0.001 -17"><span class='ocrx_word' id='word_1_184' title='bbox 252 2655 345 2733; x_wconf 82' lang='grc' dir='ltr'>ἀμιγῆ</span> <span class='ocrx_word' id='word_1_185' title='bbox 368 2656 417 2717; x_wconf 87' lang='grc' dir='ltr'>καὶ</span> <span class='ocrx_word' id='word_1_186' title='bbox 445 2654 595 2732; x_wconf 83' lang='grc' dir='ltr'>χαρίεντα</span> <span class='ocrx_word' id='word_1_187' title='bbox 617 2657 666 2717; x_wconf 86' lang='grc' dir='ltr'>καὶ</span> <span class='ocrx_word' id='word_1_188' title='bbox 693 2655 859 2733; x_wconf 89' lang='grc' dir='ltr'>θυμελικὸν</span> <span class='ocrx_word' id='word_1_189' title='bbox 886 2654 950 2733; x_wconf 83' lang='grc' dir='ltr'>ἔχει</span> <span class='ocrx_word' id='word_1_190' title='bbox 972 2655 1112 2732; x_wconf 88' lang='grc' dir='ltr'>γέλωτα,</span> <span class='ocrx_word' id='word_1_191' title='bbox 1136 2653 1208 2720; x_wconf 91' lang='grc' dir='ltr'>οίον</span> <span class='ocrx_word' id='word_1_192' title='bbox 1236 2656 1391 2734; x_wconf 87' lang='grc' dir='ltr'>Ἡρακλῆε</span> 
     </span>
     <span class='ocr_line' id='line_1_23' title="bbox 253 2763 1391 2846; baseline 0.001 -19"><span class='ocrx_word' id='word_1_193' title='bbox 253 2765 381 2843; x_wconf 85' lang='grc' dir='ltr'>πραθεὶτ</span> <span class='ocrx_word' id='word_1_194' title='bbox 409 2768 454 2846; x_wconf 82' lang='grc' dir='ltr'>τῷ</span> <span class='ocrx_word' id='word_1_195' title='bbox 478 2763 570 2827; x_wconf 86' lang='grc' dir='ltr'>(υλεῐ</span> <span class='ocrx_word' id='word_1_196' title='bbox 596 2765 741 2843; x_wconf 89' lang='grc' dir='ltr'>γεωργόε</span> <span class='ocrx_word' id='word_1_197' title='bbox 769 2767 888 2828; x_wconf 85' lang='grc' dir='ltr'>δοῦλοε</span> <span class='ocrx_word' id='word_1_198' title='bbox 916 2764 1027 2842; x_wconf 81' lang='grc' dir='ltr'>έετάλη</span> <span class='ocrx_word' id='word_1_199' title='bbox 1051 2763 1094 2828; x_wconf 80' lang='grc' dir='ltr'>εί(</span> <span class='ocrx_word' id='word_1_200' title='bbox 1118 2765 1176 2828; x_wconf 89' lang='grc' dir='ltr'>τὸν</span> <span class='ocrx_word' id='word_1_201' title='bbox 1199 2763 1310 2841; x_wconf 85' lang='grc' dir='ltr'>ἀγρὸν,</span> <span class='ocrx_word' id='word_1_202' title='bbox 1333 2765 1391 2829; x_wconf 89' lang='grc' dir='ltr'>τὸν</span> 
     </span>
     <span class='ocr_line' id='line_1_24' title="bbox 253 2873 1429 2957; baseline 0 -21"><span class='ocrx_word' id='word_1_203' title='bbox 253 2873 428 2951; x_wconf 89' lang='grc' dir='ltr'>ἀμπελῶνα</span> <span class='ocrx_word' id='word_1_204' title='bbox 456 2873 658 2951; x_wconf 83' lang='grc' dir='ltr'>έργάεαεθαι,</span> <span class='ocrx_word' id='word_1_205' title='bbox 687 2873 874 2938; x_wconf 83' lang='grc' dir='ltr'>ἀνεεπακῶε</span> <span class='ocrx_word' id='word_1_206' title='bbox 901 2875 936 2937; x_wconf 83' lang='grc' dir='ltr'>δὲ</span> <span class='ocrx_word' id='word_1_207' title='bbox 963 2875 1089 2957; x_wconf 86' lang='grc' dir='ltr'>δικέλλῃ</span> <span class='ocrx_word' id='word_1_208' title='bbox 1118 2873 1312 2952; x_wconf 82' lang='grc' dir='ltr'>προρρίζουε</span> <span class='ocrx_word' id='word_1_209' title='bbox 1333 2873 1389 2937; x_wconf 86' lang='grc' dir='ltr'>τὰε</span> <span class='ocrx_word' id='word_1_210' title='bbox 1404 2878 1429 2917; x_wconf 75' lang='lat'>²0</span> 
     </span>
     <span class='ocr_line' id='line_1_25' title="bbox 253 2982 1389 3064; baseline -0.001 -18"><span class='ocrx_word' id='word_1_211' title='bbox 253 2983 414 3061; x_wconf 86' lang='grc' dir='ltr'>άμπέλουε</span> <span class='ocrx_word' id='word_1_212' title='bbox 443 2982 565 3046; x_wconf 84' lang='grc' dir='ltr'>ἁπάταε</span> <span class='ocrx_word' id='word_1_213' title='bbox 593 2985 827 3064; x_wconf 85' lang='grc' dir='ltr'>νωτοφορήεαε</span> <span class='ocrx_word' id='word_1_214' title='bbox 854 2999 900 3048; x_wconf 90' lang='grc' dir='ltr'>τε·</span> <span class='ocrx_word' id='word_1_215' title='bbox 918 2983 1016 3047; x_wconf 74' lang='grc' dir='ltr'>αὐτὰ(</span> <span class='ocrx_word' id='word_1_216' title='bbox 1045 2983 1087 3048; x_wconf 75' lang='grc' dir='ltr'>εἰ(</span> <span class='ocrx_word' id='word_1_217' title='bbox 1120 2983 1159 3046; x_wconf 89' lang='grc' dir='ltr'>τὸ</span> <span class='ocrx_word' id='word_1_218' title='bbox 1186 2982 1300 3061; x_wconf 87' lang='grc' dir='ltr'>οίκημα</span> <span class='ocrx_word' id='word_1_219' title='bbox 1331 2985 1389 3045; x_wconf 86' lang='grc' dir='ltr'>τοῦ</span> 
     </span>
     <span class='ocr_line' id='line_1_26' title="bbox 253 3092 1391 3172; baseline 0.002 -18"><span class='ocrx_word' id='word_1_220' title='bbox 253 3092 355 3169; x_wconf 85' lang='grc' dir='ltr'>ἀγροῦ</span> <span class='ocrx_word' id='word_1_221' title='bbox 384 3095 518 3171; x_wconf 90' lang='grc' dir='ltr'>ψωμοὺε</span> <span class='ocrx_word' id='word_1_222' title='bbox 546 3094 702 3172; x_wconf 77' lang='grc' dir='ltr'>μεγάλου(</span> <span class='ocrx_word' id='word_1_223' title='bbox 732 3095 860 3172; x_wconf 85' lang='grc' dir='ltr'>ἐποίηεε</span> <span class='ocrx_word' id='word_1_224' title='bbox 887 3095 946 3157; x_wconf 91' lang='grc' dir='ltr'>τὸν</span> <span class='ocrx_word' id='word_1_225' title='bbox 972 3093 1103 3172; x_wconf 86' lang='grc' dir='ltr'>κρείττω</span> <span class='ocrx_word' id='word_1_226' title='bbox 1136 3113 1170 3156; x_wconf 91' lang='grc' dir='ltr'>τε</span> <span class='ocrx_word' id='word_1_227' title='bbox 1201 3099 1269 3156; x_wconf 90' lang='grc' dir='ltr'>τῶν</span> <span class='ocrx_word' id='word_1_228' title='bbox 1303 3096 1391 3171; x_wconf 83' lang='grc' dir='ltr'>βοῶν</span> 
     </span>
     <span class='ocr_line' id='line_1_27' title="bbox 253 3199 1390 3282; baseline 0.001 -18"><span class='ocrx_word' id='word_1_229' title='bbox 253 3199 348 3265; x_wconf 77' lang='grc' dir='ltr'>θύται</span> <span class='ocrx_word' id='word_1_230' title='bbox 371 3206 577 3267; x_wconf 89' lang='grc' dir='ltr'>κατεθοινᾶτο</span> <span class='ocrx_word' id='word_1_231' title='bbox 600 3205 650 3267; x_wconf 83' lang='grc' dir='ltr'>καὶ</span> <span class='ocrx_word' id='word_1_232' title='bbox 672 3206 728 3268; x_wconf 92' lang='grc' dir='ltr'>τὸν</span> <span class='ocrx_word' id='word_1_233' title='bbox 751 3208 895 3268; x_wconf 89' lang='grc' dir='ltr'>πιθεῶνα</span> <span class='ocrx_word' id='word_1_234' title='bbox 916 3205 951 3266; x_wconf 83' lang='grc' dir='ltr'>δὲ</span> <span class='ocrx_word' id='word_1_235' title='bbox 973 3204 1143 3282; x_wconf 87' lang='grc' dir='ltr'>διαρρήξαε</span> <span class='ocrx_word' id='word_1_236' title='bbox 1164 3204 1215 3266; x_wconf 92' lang='grc' dir='ltr'>καὶ</span> <span class='ocrx_word' id='word_1_237' title='bbox 1235 3204 1294 3268; x_wconf 89' lang='grc' dir='ltr'>τὸν</span> <span class='ocrx_word' id='word_1_238' title='bbox 1316 3203 1390 3266; x_wconf 91' lang='grc' dir='ltr'>κάλ-</span> 
     </span>
     <span class='ocr_line' id='line_1_28' title="bbox 254 3311 1391 3392; baseline 0 -17"><span class='ocrx_word' id='word_1_239' title='bbox 254 3315 361 3375; x_wconf 90' lang='grc' dir='ltr'>λιετον</span> <span class='ocrx_word' id='word_1_240' title='bbox 383 3311 478 3377; x_wconf 91' lang='grc' dir='ltr'>πίθον</span> <span class='ocrx_word' id='word_1_241' title='bbox 500 3312 728 3391; x_wconf 83' lang='grc' dir='ltr'>ἀποπωμώταε</span> <span class='ocrx_word' id='word_1_242' title='bbox 750 3314 806 3377; x_wconf 87' lang='grc' dir='ltr'>τάε</span> <span class='ocrx_word' id='word_1_243' title='bbox 829 3314 925 3392; x_wconf 77' lang='grc' dir='ltr'>θύρα(</span> <span class='ocrx_word' id='word_1_244' title='bbox 941 3334 974 3378; x_wconf 93' lang='grc' dir='ltr'>τε</span> <span class='ocrx_word' id='word_1_245' title='bbox 997 3313 1042 3376; x_wconf 86' lang='grc' dir='ltr'>ῶε</span> <span class='ocrx_word' id='word_1_246' title='bbox 1057 3313 1217 3392; x_wconf 88' lang='grc' dir='ltr'>τράπεζαν</span> <span class='ocrx_word' id='word_1_247' title='bbox 1232 3313 1296 3377; x_wconf 83' lang='grc' dir='ltr'>θεὶε</span> <span class='ocrx_word' id='word_1_248' title='bbox 1318 3312 1391 3390; x_wconf 76' lang='grc' dir='ltr'>ὴεθε</span> 
     </span>
     <span class='ocr_line' id='line_1_29' title="bbox 253 3421 1429 3505; baseline -0.002 -19"><span class='ocrx_word' id='word_1_249' title='bbox 253 3423 303 3486; x_wconf 89' lang='grc' dir='ltr'>καὶ</span> <span class='ocrx_word' id='word_1_250' title='bbox 326 3422 435 3486; x_wconf 82' lang='grc' dir='ltr'>ἔπινεν</span> <span class='ocrx_word' id='word_1_251' title='bbox 458 3421 558 3496; x_wconf 82' lang='grc' dir='ltr'>ἁδὼν,</span> <span class='ocrx_word' id='word_1_252' title='bbox 581 3425 631 3486; x_wconf 82' lang='grc' dir='ltr'>καὶ</span> <span class='ocrx_word' id='word_1_253' title='bbox 652 3429 697 3505; x_wconf 85' lang='grc' dir='ltr'>τῶ</span> <span class='ocrx_word' id='word_1_254' title='bbox 714 3428 890 3501; x_wconf 85' lang='grc' dir='ltr'>προεετῶτι</span> <span class='ocrx_word' id='word_1_255' title='bbox 904 3424 939 3486; x_wconf 82' lang='grc' dir='ltr'>δὲ</span> <span class='ocrx_word' id='word_1_256' title='bbox 954 3426 1012 3486; x_wconf 86' lang='grc' dir='ltr'>τοῦ</span> <span class='ocrx_word' id='word_1_257' title='bbox 1028 3421 1130 3501; x_wconf 84' lang='grc' dir='ltr'>ἀγροῦ</span> <span class='ocrx_word' id='word_1_258' title='bbox 1145 3423 1236 3501; x_wconf 88' lang='grc' dir='ltr'>δριμὺ</span> <span class='ocrx_word' id='word_1_259' title='bbox 1251 3423 1389 3502; x_wconf 79' lang='grc' dir='ltr'>ἐνορῶν,</span> <span class='ocrx_word' id='word_1_260' title='bbox 1404 3433 1429 3472; x_wconf 77' lang='lat'>2⁵</span> 
     </span>
     <span class='ocr_line' id='line_1_30' title="bbox 255 3531 1390 3612; baseline -0.003 -17"><span class='ocrx_word' id='word_1_261' title='bbox 255 3533 366 3612; x_wconf 87' lang='grc' dir='ltr'>φέρειν</span> <span class='ocrx_word' id='word_1_262' title='bbox 389 3533 535 3596; x_wconf 84' lang='grc' dir='ltr'>ἐκέλευεν</span> <span class='ocrx_word' id='word_1_263' title='bbox 559 3532 661 3610; x_wconf 90' lang='grc' dir='ltr'>ῶραῑά</span> <span class='ocrx_word' id='word_1_264' title='bbox 675 3553 709 3596; x_wconf 93' lang='grc' dir='ltr'>τε</span> <span class='ocrx_word' id='word_1_265' title='bbox 723 3533 773 3596; x_wconf 87' lang='grc' dir='ltr'>καὶ</span> <span class='ocrx_word' id='word_1_266' title='bbox 788 3535 1003 3607; x_wconf 68' lang='grc' dir='ltr'>πλακοῦντας,</span> <span class='ocrx_word' id='word_1_267' title='bbox 1026 3533 1075 3596; x_wconf 87' lang='grc' dir='ltr'>καὶ</span> <span class='ocrx_word' id='word_1_268' title='bbox 1089 3533 1181 3596; x_wconf 85' lang='grc' dir='ltr'>τέλοε</span> <span class='ocrx_word' id='word_1_269' title='bbox 1197 3531 1277 3596; x_wconf 83' lang='grc' dir='ltr'>ὅλον</span> <span class='ocrx_word' id='word_1_270' title='bbox 1293 3550 1390 3595; x_wconf 89' lang='grc' dir='ltr'>ποτα-</span> 
     </span>
     <span class='ocr_line' id='line_1_31' title="bbox 254 3640 1390 3720; baseline -0.003 -15"><span class='ocrx_word' id='word_1_271' title='bbox 254 3643 314 3720; x_wconf 89' lang='grc' dir='ltr'>μὸν</span> <span class='ocrx_word' id='word_1_272' title='bbox 337 3643 419 3720; x_wconf 86' lang='grc' dir='ltr'>πρὸε</span> <span class='ocrx_word' id='word_1_273' title='bbox 440 3643 500 3719; x_wconf 90' lang='grc' dir='ltr'>τὴν</span> <span class='ocrx_word' id='word_1_274' title='bbox 523 3641 656 3706; x_wconf 84' lang='grc' dir='ltr'>ἔπαυλιν</span> <span class='ocrx_word' id='word_1_275' title='bbox 678 3643 798 3720; x_wconf 85' lang='grc' dir='ltr'>τρέψαε</span> <span class='ocrx_word' id='word_1_276' title='bbox 819 3643 860 3706; x_wconf 88' lang='grc' dir='ltr'>τὰ</span> <span class='ocrx_word' id='word_1_277' title='bbox 881 3643 986 3706; x_wconf 91' lang='grc' dir='ltr'>πάντα</span> <span class='ocrx_word' id='word_1_278' title='bbox 1014 3643 1201 3706; x_wconf 85' lang='grc' dir='ltr'>κατέκλυεεν</span> <span class='ocrx_word' id='word_1_279' title='bbox 1224 3640 1243 3703; x_wconf 89' lang='grc' dir='ltr'>ὁ</span> <span class='ocrx_word' id='word_1_280' title='bbox 1272 3643 1390 3704; x_wconf 78' lang='grc' dir='ltr'>δοῦλοε</span> 
     </span>
     <span class='ocr_line' id='line_1_32' title="bbox 254 3750 1391 3831; baseline 0 -17"><span class='ocrx_word' id='word_1_281' title='bbox 254 3752 304 3814; x_wconf 85' lang='grc' dir='ltr'>καὶ</span> <span class='ocrx_word' id='word_1_282' title='bbox 326 3751 366 3829; x_wconf 92' lang='grc' dir='ltr'>ὀρ</span> <span class='ocrx_word' id='word_1_283' title='bbox 388 3799 515 3815; x_wconf 91' lang='grc'><strong>.....</strong></span> <span class='ocrx_word' id='word_1_284' title='bbox 538 3750 557 3813; x_wconf 89' lang='grc' dir='ltr'>ὁ</span> <span class='ocrx_word' id='word_1_285' title='bbox 580 3752 810 3830; x_wconf 74' lang='grc' dir='ltr'>τεχνικώταται</span> <span class='ocrx_word' id='word_1_286' title='bbox 831 3752 984 3831; x_wconf 84' lang='grc' dir='ltr'>γεωργόε.</span> <span class='ocrx_word' id='word_1_287' title='bbox 1023 3753 1162 3816; x_wconf 84' lang='grc' dir='ltr'>Τοιαῦτα</span> <span class='ocrx_word' id='word_1_288' title='bbox 1182 3752 1222 3814; x_wconf 89' lang='grc' dir='ltr'>τὰ</span> <span class='ocrx_word' id='word_1_289' title='bbox 1245 3751 1391 3830; x_wconf 79' lang='grc' dir='ltr'>τατυρικὰ</span> 
     </span>
     <span class='ocr_line' id='line_1_33' title="bbox 254 3859 1390 3940; baseline -0.001 -16"><span class='ocrx_word' id='word_1_290' title='bbox 254 3862 413 3940; x_wconf 85' lang='grc' dir='ltr'>δράματα,</span> <span class='ocrx_word' id='word_1_291' title='bbox 442 3861 504 3940; x_wconf 89' lang='grc' dir='ltr'>οὐχ</span> <span class='ocrx_word' id='word_1_292' title='bbox 533 3859 585 3924; x_wconf 86' lang='grc' dir='ltr'>οἷα</span> <span class='ocrx_word' id='word_1_293' title='bbox 612 3859 791 3940; x_wconf 87' lang='grc' dir='ltr'>γράφουαν</span> <span class='ocrx_word' id='word_1_294' title='bbox 820 3861 850 3925; x_wconf 83' lang='grc' dir='ltr'>οἱ</span> <span class='ocrx_word' id='word_1_295' title='bbox 879 3861 1042 3926; x_wconf 86' lang='grc' dir='ltr'>άεκέπτωε</span> <span class='ocrx_word' id='word_1_296' title='bbox 1071 3863 1244 3940; x_wconf 83' lang='grc' dir='ltr'>ληροῦντεε</span> <span class='ocrx_word' id='word_1_297' title='bbox 1266 3861 1316 3924; x_wconf 89' lang='grc' dir='ltr'>καί</span> <span class='ocrx_word' id='word_1_298' title='bbox 1338 3861 1390 3937; x_wconf 79' lang='grc' dir='ltr'>ἐμὲ</span> 
     </span>
    </p>
   </div>
   <div class='ocr_carea' id='block_1_3' title="bbox 261 4035 455 4046">
    <p class='ocr_par' dir='ltr' id='par_1_5' title="bbox 261 4035 455 4046">
     <span class='ocr_line' id='line_1_34' title="bbox 261 4035 455 4046; baseline 0 -2"><span class='ocrx_word' id='word_1_299' title='bbox 261 4035 455 4046; x_wconf 63' lang='grc' dir='ltr'>-ι--ι-Δ-</span> 
     </span>
    </p>
   </div>
   <div class='ocr_carea' id='block_1_4' title="bbox 188 4129 1391 4390">
    <p class='ocr_par' dir='ltr' id='par_1_6' title="bbox 188 4129 1391 4390">
     <span class='ocr_line' id='line_1_35' title="bbox 322 4129 1390 4202; baseline -0.003 -16"><span class='ocrx_word' id='word_1_300' title='bbox 322 4137 363 4187; x_wconf 71' lang='lat'>28.</span> <span class='ocrx_word' id='word_1_301' title='bbox 386 4133 404 4186; x_wconf 92' lang='lat' dir='ltr'>l.</span> <span class='ocrx_word' id='word_1_302' title='bbox 428 4131 679 4200; x_wconf 80' lang='grc' dir='ltr'>παρατροχάταντι.</span> <span class='ocrx_word' id='word_1_303' title='bbox 752 4138 777 4188; x_wconf 79' lang='grc'>4.</span> <span class='ocrx_word' id='word_1_304' title='bbox 802 4133 921 4189; x_wconf 74' lang='lat' dir='ltr'>Litteras</span> <span class='ocrx_word' id='word_1_305' title='bbox 945 4147 1000 4190; x_wconf 83' lang='lat' dir='ltr'>non</span> <span class='ocrx_word' id='word_1_306' title='bbox 1024 4133 1092 4190; x_wconf 75' lang='grc' dir='ltr'>ιιαίίει</span> <span class='ocrx_word' id='word_1_307' title='bbox 1111 4147 1278 4202; x_wconf 77' lang='lat' dir='ltr'>cognoscere</span> <span class='ocrx_word' id='word_1_308' title='bbox 1300 4129 1390 4202; x_wconf 70' lang='lat' dir='ltr'><strong>potui:</strong></span> 
     </span>
     <span class='ocr_line' id='line_1_36' title="bbox 188 4226 1391 4298; baseline 0.002 -20"><span class='ocrx_word' id='word_1_309' title='bbox 188 4247 193 4254; x_wconf 95' lang='lat'><strong>·</strong></span> <span class='ocrx_word' id='word_1_310' title='bbox 255 4226 534 4280; x_wconf 78' lang='grc' dir='ltr'>ίδτίαιιοοκαλδιάτί.</span> <span class='ocrx_word' id='word_1_311' title='bbox 582 4231 620 4280; x_wconf 82' lang='grc'>10.</span> <span class='ocrx_word' id='word_1_312' title='bbox 636 4229 933 4293; x_wconf 79' lang='grc' dir='ltr'>παραετήεαιμενοοά.</span> <span class='ocrx_word' id='word_1_313' title='bbox 981 4234 1021 4280; x_wconf 80' lang='lat'>22.</span> <span class='ocrx_word' id='word_1_314' title='bbox 1036 4231 1098 4298; x_wconf 84' lang='grc' dir='ltr'>τὸν]</span> <span class='ocrx_word' id='word_1_315' title='bbox 1110 4233 1170 4281; x_wconf 92' lang='grc' dir='ltr'>τῶν</span> <span class='ocrx_word' id='word_1_316' title='bbox 1183 4226 1242 4279; x_wconf 78' lang='lat' dir='ltr'>eod.</span> <span class='ocrx_word' id='word_1_317' title='bbox 1291 4227 1391 4292; x_wconf 65' lang='lat' dir='ltr'>mp-</span> 
     </span>
     <span class='ocr_line' id='line_1_37' title="bbox 255 4319 892 4390; baseline 0 -18"><span class='ocrx_word' id='word_1_318' title='bbox 255 4319 356 4386; x_wconf 74' lang='grc' dir='ltr'>γιάΖειθ</span> <span class='ocrx_word' id='word_1_319' title='bbox 375 4319 484 4387; x_wconf 78' lang='lat' dir='ltr'>[lacuna</span> <span class='ocrx_word' id='word_1_320' title='bbox 503 4320 623 4386; x_wconf 82' lang='lat' dir='ltr'>quinque</span> <span class='ocrx_word' id='word_1_321' title='bbox 641 4321 699 4372; x_wconf 73' lang='lat' dir='ltr'><strong>fere</strong></span> <span class='ocrx_word' id='word_1_322' title='bbox 717 4319 892 4390; x_wconf 63' lang='lat' dir='ltr'><strong>litterarum]</strong></span> 
     </span>
    </p>
   </div>
   <div class='ocr_carea' id='block_1_5' title="bbox 0 0 1641 5092">
    <p class='ocr_par' dir='ltr' id='par_1_7' title="bbox 0 0 1641 5092">
     <span class='ocr_line' id='line_1_38' title="bbox 0 0 1641 5092; baseline 0 0"><span class='ocrx_word' id='word_1_323' title='bbox 0 0 1641 5092; x_wconf 95' lang='lat' dir='ltr'> </span> 
     </span>
    </p>
   </div>
  </div>
 </body>
</html>
