3254 5092
261 332 320 394 156
559 347 808 394 coaccussivn
832 348 1098 398 DlSPVTATIONIS

257 498 314 563 VI.
361 499 480 564 Contra
509 521 579 563 cnm
607 500 646 563 de
674 500 857 583 corporibus
885 500 1072 585 quibusdam
1105 502 1295 585 scriptorum
1324 525 1397 568 con-

258 612 471 674 troversorum
498 609 546 672 vel
576 610 673 672 etiam
696 611 877 690 ἀνωνύμων
905 613 938 674 et
966 611 1147 691 ὁμωνύμων
1170 611 1396 697 Bernhardyus

260 718 397 803 cogitat,
422 719 528 802 qualia
551 727 713 784 commixta
735 719 884 783 dicantur
905 720 939 784 in
954 719 1104 785 Plautino
1126 722 1261 786 scholio:
1284 723 1396 787 horum

258 829 383 913 quidem
405 829 486 892 nihil
507 829 641 912 impedit
662 829 829 913 quominus
854 830 991 914 plurima
1014 831 1108 895 certis
1136 832 1307 916 generibus
1334 833 1395 896 dis·

257 938 361 1021 posita
391 938 571 1021 credamus,
600 939 688 1002 velut
716 939 821 1004 πίνακι
843 944 909 1005 τῶν
932 945 1168 1021 παροιμιακῶν,
1196 943 1302 1009 πίνακι
1329 947 1396 1007 τῶν

206 1067 238 1114 su
257 1049 546 1129 ,ἀποφθεγματικῶν
562 1052 688 1132 atquae
705 1048 838 1132 cogitari
861 1052 995 1132 possunt
1012 1049 1139 1114 similia.
1170 1050 1396 1134 Reputandurir

258 1161 306 1220 cst
328 1158 413 1221 enim
429 1157 515 1222 CXX
537 1158 627 1221 libris
650 1159 829 1248 universum
845 1181 923 1242 opus
939 1157 1187 1224 Callimacheum
1203 1161 1393 1226 constitisse.
1462 1189 1465 1198 ·

257 1267 518 1351 lmpugnavimus
541 1271 647 1331 autem
669 1267 910 1351 Bernhardyum
938 1268 1000 1351 ita,
1030 1272 1066 1333 ut
1092 1272 1244 1353 partem
1271 1273 1397 1335 tantum

257 1377 355 1440 totius
378 1377 497 1460 operia,
522 1399 587 1441 non
602 1377 688 1460 ipsos
705 1378 837 1443 πίνακα(
858 1378 1022 1442 universos
1044 1385 1264 1448 παντοδαπῶν
1285 1381 1396 1444 inscri-

257 1485 366 1568 ptione
395 1485 571 1571 significari
599 1508 727 1571 prorsus
755 1487 784 1550 ei
806 1488 1042 1552 assentiremur.
1087 1489 1198 1574 Neque
1221 1490 1307 1554 euim
1333 1490 1397 1553 ullo

257 1595 350 1659 modo
377 1595 504 1660 defendi
529 1597 689 1661 contraria
712 1596 897 1661 Ruhnkenii
920 1597 954 1660 in
977 1597 1101 1662 Gallim.
1125 1599 1242 1683 fragm.
1267 1622 1298 1682 p.
1321 1600 1395 1682 440,

257 1703 550 1789 Schweighaeuseri
572 1707 605 1770 in
630 1705 790 1770 Athenaei
805 1705 851 1770 Vl
873 1729 905 1789 p.
922 1705 985 1769 244
1007 1713 1042 1789 A,
1067 1706 1184 1771 Naekii
1206 1708 1244 1772 de
1268 1707 1394 1774 Gallim.

257 1813 336 1878 Hec.
360 1839 392 1898 p.
416 1817 436 1878 5
460 1814 503 1904 [8]
527 1815 688 1879 sententia
710 1815 858 1900 potest.*)

341 1925 447 2008 Atque
474 1924 554 1988 haec
582 1925 627 1988 ita
654 1924 898 2008 disputavimus,
929 1929 964 1988 ut
991 1925 1137 1990 acerbis
1166 1927 1275 1991 latinis
1298 1927 1394 1991 inter-

256 2033 355 2116 pretis
382 2033 524 2097 Plautini
558 2035 838 2118 proficisceremur.
887 2033 999 2098 Manet
1031 2039 1138 2100 autem
1170 2057 1220 2100 res
1254 2037 1393 2122 integra,

323 2321 348 2386 ⁴³)
368 2321 448 2390 [Item
466 2319 666 2375 Schneidevvini
682 2321 712 2374 iu
730 2319 868 2374 Eustathii
887 2321 1012 2375 Prooem.
1032 2321 1111 2376 Pind.
1130 2339 1156 2390 p.
1171 2327 1211 2377 25.
1249 2325 1305 2389 (Ea
1325 2329 1393 2382 Adel.

254 2433 280 2480 p.
300 2415 363 2482 5⁵.)]
381 2445 412 2452 —
429 2414 489 2467 Huc
507 2415 646 2469 Μουεεῑον
667 2413 875 2483 inscriptionem
891 2413 1000 2468 rettulit
1017 2414 1154 2468 Prellerus
1172 2415 1275 2469 Polam.
1295 2417 1385 2485 fragm

255 2523 281 2574 p.
303 2511 363 2571 179,
387 2507 417 2559 ut
439 2506 524 2574 plena
545 2505 688 2576 inscriptio
710 2507 780 2560 haec
796 2509 864 2574 puto
884 2505 978 2560 fuerit:
1004 2507 1143 2562 Μουεεῑον
1162 2511 1178 2574 ἢ
1198 2509 1312 2563 πίνακες
1335 2515 1395 2563 τῶν

255 2601 286 2652 ἐν
299 2599 371 2667 πάεῃ
385 2599 495 2666 παιδείᾳ
507 2600 728 2665 διαλαμιμάντων
741 2602 785 2652 καί
798 2600 840 2652 ὡν
852 2601 1035 2666 ευνέγραψαν.
1059 2599 1117 2653 Nec
1133 2599 1292 2668 improbare
1305 2601 1394 2655 audeo

254 2708 306 2744 uec
323 2707 384 2744 cum
403 2691 497 2758 aliqua
514 2690 681 2745 confidentia
698 2691 825 2760 probare.
850 2691 974 2746 Alteram
993 2694 1086 2745 autern
1103 2692 1175 2746 hauc
1186 2692 1394 2762 inscriptionem

255 2782 401 2850 quominus
419 2784 455 2836 ab
473 2783 534 2852 ipso
552 2783 664 2837 demvun
681 2783 766 2837 Suida
784 2783 823 2838 sic
840 2784 1050 2853 amplificatam,
1073 2802 1090 2838 a
1109 2784 1277 2839 Callimacho
1300 2789 1394 2840 autem

254 2875 293 2928 nil
310 2874 363 2928 nisi
380 2876 502 2932 Πίνακεε
520 2876 682 2945 inscriptum
700 2893 760 2930 csse
780 2895 841 2930 cum
859 2876 1039 2945 Bernhardyo
1057 2876 1128 2931 Hist.
1147 2877 1200 2931 litt.
1220 2895 1260 2946 gr.
1276 2879 1287 2930 l
1305 2884 1394 2947 p.134

255 2967 378 3032 credam,
396 2968 513 3038 hupcdit
532 2969 606 3023 Βίων
624 2969 795 3038 comparatio
814 2968 850 3023 ab
867 2967 1021 3038 Hermippo
1040 2968 1225 3024 Callimacheo
1247 2969 1392 3024 editorum.

254 3059 341 3124 Quem
364 3079 425 3114 cum
448 3061 476 3114 in
500 3079 532 3116 eo
556 3078 639 3131 opere
662 3063 805 3116 condendo
828 3061 902 3116 baud
924 3063 1048 3130 paullum
1065 3079 1081 3116 e
1099 3062 1260 3117 Callimachi
1279 3063 1393 3118 Tabulis

255 3153 404 3222 profecisse
422 3154 575 3223 Lozynskio
593 3173 620 3224 p.
640 3161 672 3209 25
691 3171 731 3222 sq.
755 3157 815 3224 ipsc
833 3153 1030 3221 Bernhardyus
1053 3155 1200 3209 concedat:
1223 3173 1279 3209 non
1301 3156 1393 3210 hercle

254 3246 342 3300 levem
360 3246 415 3299 vim
437 3246 505 3300 illud
522 3247 620 3313 habet,
644 3247 718 3315 quod
736 3247 784 3302 Ori
802 3247 913 3314 quidem
930 3247 1030 3300 Milesii
1052 3247 1212 3302 testimonio
1230 3251 1341 3302 constat
1358 3248 1393 3303 de

144 3387 145 3390 ,
254 3338 394 3393 simillima
412 3339 487 3394 Βίων
509 3339 620 3393 illorum
642 3341 696 3394 hac
717 3339 910 3409 inscriptione:
935 3341 999 3406 περὶ
1022 3345 1082 3393 τῶν
1100 3342 1136 3393 ἑν
1160 3342 1294 3409 παιδείᾳ
1313 3344 1393 3406 λαμ·

253 3433 403 3498 ψάντων.
421 3464 453 3472 -
472 3431 600 3488 Cetemm
619 3435 723 3500 quanto
740 3433 769 3486 in
787 3432 840 3487 hoc
861 3448 964 3500 genere
987 3431 1078 3486 studio
1102 3449 1218 3500 graecos
1242 3433 1392 3501 magistros

254 3524 333 3579 latini
353 3525 525 3580 litteratores
548 3525 680 3580 aemulati
703 3525 771 3591 sint,
798 3543 854 3579 uon
876 3523 1029 3593 ignoratur.
1069 3525 1166 3592 Neque
1188 3525 1262 3579 enim
1286 3525 1315 3578 in
1338 3543 1392 3580 uno

252 3617 351 3672 Plauto
375 3618 544 3685 substitisse,
570 3635 686 3685 quorum
708 3635 776 3671 unos
800 3615 943 3670 Plautinos
966 3615 1073 3670 Indices
1097 3616 1201 3672 Gellius
1220 3618 1266 3684 111,
1286 3625 1302 3672 3
1321 3635 1393 3672 com·

253 3713 388 3765 memoret
405 3714 548 3778 tamquam
566 3711 701 3765 maiorum
720 3727 834 3778 operum
852 3708 1016 3778 particulas,
1034 3712 1109 3765 recte
1126 3710 1300 3779 perspexisse
1318 3728 1391 3766 acer-

252 3803 336 3856 rimus
353 3803 508 3872 Madvigius
523 3803 631 3856 videtur
650 3803 749 3871 Opusc.
769 3801 845 3857 acad.
859 3802 871 3854 1
884 3819 910 3871 p.
927 3806 982 3856 108.
1019 3800 1228 3870 [Gravissimum
1246 3803 1392 3857 documen·

252 3897 310 3949 tum
334 3913 349 3949 e
372 3894 504 3950 Suetonio
526 3895 635 3950 accedit
656 3896 690 3948 cle
712 3895 810 3948 illustr.
839 3911 956 3963 gramm.
979 3898 1008 3958 6,
1034 3893 1083 3947 ubi
1109 3894 1144 3949 de
1166 3895 1277 3949 Aurelio
1300 3894 1390 3963 Opilio

252 3989 321 4043 haec
338 3989 437 4042 habes:
457 3987 555 4041 ‘Huius
574 4004 729 4056 cognomen
746 3986 774 4040 in
792 3986 930 4056 plerisque
943 3985 1079 4040 indicibus
1092 3990 1121 4040 ct
1138 3985 1225 4040 titulis
1242 4005 1390 4057 perunum

253 4083 280 4149 [l]
304 4081 427 4134 litteram
450 4079 582 4151 scriptum
605 4079 810 4135 auhuadverto:
832 4097 928 4148 verum
956 4079 1016 4148 ipsc
1039 4079 1068 4132 id
1093 4097 1144 4148 per
1170 4080 1238 4134 duas
1261 4079 1342 4134 effert
1361 4079 1390 4132 in

251 4172 438 4243 parastichide
457 4172 543 4228 libelli
561 4173 608 4241 qui
625 4171 784 4226 inscribitur
801 4177 927 4230 Pinax)
958 4175 1014 4240 (Ea
1026 4177 1095 4228 Add.
1107 4193 1134 4240 p.
1150 4175 1204 4240 55.)
1217 4203 1249 4212 -
1262 4170 1390 4226 Ceterum

252 4265 363 4319 uberius
381 4265 453 4320 huuc
470 4267 561 4320 locum
580 4283 690 4320 omnem
708 4264 888 4320 tractavimus
907 4265 1020 4332 Parerg.
1038 4264 1128 4319 Plaut.
1142 4265 1153 4318 I
1166 4282 1193 4333 p.
1206 4271 1239 4319 90
1251 4281 1311 4332 sqq.
1333 4269 1390 4320 180.

252 4363 302 4412 2³8
320 4373 380 4424 sqq.
399 4363 445 4412 321
467 4360 518 4426 sq]
