3184 5100
793 1179 958 1293 XXV

684 1395 848 1489 Sohodue
880 1397 1089 1512 criticam

279 1759 295 1810 3
397 1751 539 1814 Primum
566 1750 761 1834 longinquae
783 1751 954 1814 memoriae
976 1751 1197 1815 recordatione
1220 1751 1395 1817 admoneor
1415 1753 1451 1814 de

313 1861 419 1946 verbis¹
443 1861 665 1924 Pausaniae
692 1859 766 1924 libri
788 1860 836 1923 ΠΙ
861 1883 931 1944 cap.
956 1864 973 1925 'l
998 1865 1017 1942 ξ
1040 1863 1076 1925 3:
1108 1863 1264 1942 Χάριλλο(
1287 1866 1324 1927 δὲ
1347 1865 1366 1927 ὸ
1389 1865 1449 1928 Πο-

313 1972 467 2035 λυδέκτου
494 1973 551 2048 τήν
584 1992 619 2035 τε
649 1974 709 2048 γῆν
740 1971 880 2056 capuceo
910 1972 1061 2052 Ἀργεῖοι(
1094 1971 1225 2054 (odroc
1253 1972 1326 2052 γὰρ
1356 1974 1451 2037 καίει

313 2083 381 2160 τὴν
411 2081 616 2160 Ἀργολίδα
638 2080 836 2164 ἐεβαλών),
863 2084 914 2146 καὶ
942 2082 1042 2146 ἔτεειν
1076 2083 1116 2146 οὐ
1148 2085 1283 2146 πολλοῖς
1319 2084 1450 2162 ὕετερον

313 2191 377 2255 ὑπὸ
399 2191 530 2270 ἡγεμόνι
557 2191 704 2276 Χαρίλλῳ
730 2193 849 2267 γίνεται
872 2193 921 2256 καὶ
943 2193 962 2270 ἡ
986 2193 1192 2272 (παρτιατῶν
1220 2193 1272 2257 ἐπὶ
1295 2195 1451 2269 Τεγεάτας

315 2301 426 2365 ἔξοδος
451 2299 509 2388 [sic
532 2301 618 2364 enim
640 2301 675 2364 in
697 2301 936 2384 vetustioribus,
961 2301 1074 2385 quibus
1097 2302 1173 2365 olim
1195 2301 1350 2365 utendum
1374 2307 1451 2384 erat,

379 2607 403 2671 ³²)
435 2604 570 2661 ‘schedae
597 2607 709 2662 criticae
735 2624 804 2674 quas
836 2605 1002 2660 anctoritate
1029 2605 1193 2676 amplissimi
1219 2607 1450 2678 Philosophorum
1549 2663 1550 2688 i

313 2699 422 2752 Ordinis
451 2699 479 2751 in
506 2699 657 2754 Academia
679 2700 830 2754 Fridericia
854 2717 1026 2754 summorum
1057 2699 1085 2752 iu
1112 2700 1290 2770 philosophia
1316 2701 1451 2755 honorum
1549 2767 1550 2772 Ἰ

311 2792 364 2844 rite
388 2792 602 2846 obtinendarum
626 2811 724 2846 caussa
751 2793 795 2846 die
817 2793 855 2846 XI
877 2812 912 2846 rn.
936 2793 985 2846 lul.
1009 2810 1033 2846 a.
1059 2791 1309 2848 Clolocccxxlx
1336 2794 1408 2848 hora
1430 2793 1452 2846 X

312 2889 409 2938 contra
431 2886 606 2940 adversarios
623 2885 775 2940 Antonium
797 2886 937 2951 iminium,
962 2885 1140 2954 ltudolphum
1157 2887 1329 2953 Humidum,
1354 2887 1452 2942 Gusta-

312 2997 376 3032 vnm
394 2979 590 3048 Kiessliugiurn
612 2978 722 3049 publice
740 2979 871 3033 defendet
892 2979 921 3032 F.
942 2981 973 3032 G.
993 2979 1450 3049 R.Varg1danusThuriugorrrm.

312 3071 389 3125 Halia
408 3071 549 3126 Saxonum
566 3072 642 3141 typis
662 3089 820 3141 expressum
841 3071 1026 3126 Gebaueriis.’
1050 3103 1083 3110 ——
1107 3071 1236 3141 [Exordio
1259 3073 1331 3127 haec
1355 3073 1453 3126 disser-
1549 3069 1550 3094 ¹

311 3165 382 3218 tatio
400 3165 453 3220 hoc
470 3165 523 3218 luit
541 3165 615 3232 quod
633 3165 706 3218 infra
723 3165 826 3234 posiae]

379 3257 536 3324 ‘Quoniam
556 3275 624 3326 quos
637 3257 673 3312 ad
685 3257 893 3326 Amplissimum
905 3257 1137 3328 Philosophorum
1150 3257 1283 3314 Ordinem
1300 3256 1451 3328 perscripsi

312 3368 435 3405 summae
458 3351 487 3406 iu
510 3350 687 3420 philosophia
710 3351 856 3418 dignitatis
880 3351 1091 3417 consequendae
1110 3368 1208 3405 caussa
1227 3353 1453 3416 commentarios,

311 3463 382 3498 nunc
400 3462 455 3499 nou
473 3445 551 3499 licuit
569 3445 643 3514 typis
663 3445 815 3513 exscriptos
834 3443 987 3512 divulgare,
1008 3446 1042 3498 ab
1062 3445 1197 3514 temporis
1216 3444 1353 3512 angustiis
1372 3461 1453 3498 excu-

311 3523 448 3593 sationem
471 3539 592 3593 arbitror
614 3537 708 3607 parari
732 3536 908 3591 miscellaneo
931 3537 996 3591 huic
1018 3538 1226 3592 commentandi
1243 3537 1353 3606 generi,
1377 3537 1452 3604 quod

311 3631 437 3698 quamvis
457 3632 549 3687 sterile
568 3632 695 3685 videatur
712 3630 891 3685 inertioribns
910 3631 1077 3698 quibusdam
1095 3631 1267 3697 hominibus,
1286 3633 1383 3684 tamen
1401 3647 1454 3684 nec
1549 3691 1550 3696 η

309 3725 411 3779 litteris
433 3743 493 3780 esse
516 3726 717 3780 infructuosum
739 3741 790 3778 nec
811 3723 983 3778 iucunditate
1006 3741 1100 3778 carere
1122 3724 1237 3794 propriu
1260 3723 1383 3791 quadarn
1403 3739 1454 3776 sua
1549 3735 1550 3750 ¹

311 3820 355 3872 sat
381 3818 549 3886 intellegunt
575 3818 666 3888 perit'.
708 3818 835 3884 Namque
859 3817 912 3871 etsi
939 3818 974 3871 ab
997 3816 1076 3872 initio
1104 3816 1286 3871 sententiolas
1315 3815 1453 3884 quasdam

310 3914 504 3966 controversas
524 3911 722 3966 constitueram
741 3910 915 3978 disceptandi
934 3927 1032 3964 caussa
1048 3911 1158 3978 publice
1170 3926 1336 3979 proponere,
1355 3911 1454 3962 tamen
1549 3969 1550 3982 χ

312 4005 431 4058 virorum
444 4004 617 4071 quorundam
630 4003 791 4058 auctoritati
809 4003 1036 4071 gravissimorum
1049 4005 1157 4057 tantum
1176 4001 1270 4066 tribui,
1289 4005 1320 4055 ut
1337 4001 1453 4056 mallem
1549 4007 1550 4010 ’

309 4097 383 4152 intra
400 4097 631 4167 paucissimorum
650 4097 757 4151 dierum
776 4097 889 4165 [addere
908 4115 1022 4166 possum
1040 4098 1069 4150 et
1085 4095 1218 4164 noctium]
1238 4094 1359 4164 spatiruu
1378 4095 1455 4148 huuc
1549 4095 1550 4154 l

310 4192 539 4259 qualemcumque
561 4189 686 4244 libellum
715 4207 867 4259 properare
895 4189 1058 4260 explicatius
1086 4188 1287 4258 conscriptum,
1316 4205 1402 4254 quam
1424 4189 1453 4240 in

309 4284 442 4351 thesium,
461 4287 493 4337 nt
512 4285 625 4348 vocant,
643 4283 780 4337 tenuitate
798 4284 903 4338 versari
922 4301 984 4338 cum
1001 4282 1106 4338 maiore
1124 4298 1188 4336 mea
1205 4283 1234 4335 et
1252 4281 1454 4335 commoditate
1549 4343 1550 4362 γ

310 4379 339 4430 ct
356 4377 513 4431 securitate.
550 4377 587 4428 m
604 4377 698 4430 tauron
718 4377 779 4429 illos
798 4375 901 4440 licebit,
922 4379 951 4429 ut
970 4395 1060 4445 sporo,
1080 4375 1295 4429 commentarios
1314 4373 1452 4428 uberiori·
