3272 5088
525 387 683 436 11111111
704 387 1056 435 1111111111111111.
1298 369 1362 434 483

225 541 274 605 dis
296 562 353 624 per
376 540 511 604 aliarum
533 540 753 624 quaestionum
777 539 1050 623 opportunitatem
1072 538 1269 624 corrigendis
1291 539 1362 622 plus
1443 601 1446 609 ,

225 673 320 736 quam
343 650 424 715 alius
447 651 613 734 quisquam
635 651 766 732 meruit,
803 649 991 714 Schaeferus
1013 649 1049 713 in
1071 647 1261 734 Gregorium
1290 649 1361 713 Cor.

225 783 258 845 p.
285 761 361 844 165,
390 761 426 824 in
448 759 537 824 Bosii
563 760 703 843 Ellipses
726 783 756 843 p.
780 760 859 842 557,
880 760 918 823 in
939 758 1104 823 Plutarchi
1132 758 1225 823 Vitas
1248 760 1309 823 vol.
1333 758 1364 822 V

225 894 257 954 p.
283 871 359 953 106,
383 869 542 935 Meletem.
573 871 644 934 crit.
670 893 702 953 p.
730 871 783 952 13,
813 869 848 932 in
870 869 1060 952 Dionysium
1081 869 1120 932 de
1144 890 1245 952 comp.
1275 869 1362 933 verb.

226 1003 257 1063 p.
275 980 348 1063 365,
372 980 461 1044 alibi.
493 981 542 1043 Ac
564 980 764 1063 praestantia
787 979 913 1062 quidem
935 980 991 1043 illa
1013 978 1181 1043 Vrbinatis
1203 979 1276 1042 libri
1301 1001 1365 1042 nou

227 1093 354 1173 poterat
376 1111 454 1154 sane
477 1090 623 1174 cuiquam
645 1089 762 1172 latere,
790 1093 826 1152 ut
855 1090 942 1154 cuius
969 1112 1029 1173 ope
1051 1111 1116 1154 non
1144 1093 1271 1152 tantum
1294 1111 1365 1172 gra-

227 1200 329 1265 viores
352 1200 486 1264 lacunae
509 1199 664 1283 quaedam
691 1199 869 1263 luculenter
896 1200 1086 1264 tollerentur
1107 1200 1163 1263 lib.
1188 1199 1213 1282 1,
1238 1199 1288 1262 74.
1313 1200 1364 1263 77.

228 1311 278 1374 82.
301 1310 345 1394 11,
368 1311 399 1374 3.
423 1310 474 1375 25.
498 1309 549 1374 52.
574 1308 633 1391 ΙΠ,
657 1310 687 1372 4.
711 1309 769 1391 IV,
786 1310 838 1392 49,
863 1309 917 1372 sed
939 1310 974 1372 in
996 1309 1132 1394 singulis
1154 1331 1276 1394 quoque
1298 1310 1366 1372 rul-

228 1423 305 1505 gata
334 1421 368 1483 in
398 1419 590 1483 editionibus
618 1419 775 1502 scriptura
798 1441 892 1504 saepe
921 1419 1144 1484 emendaretur
1171 1419 1364 1500 felicissime,

228 1529 315 1594 velut
343 1529 499 1592 revocatis
526 1551 607 1612 quae
635 1528 820 1592 exciderant
848 1529 1042 1611 ἀμφοτέρων
1070 1551 1102 1612 p.
1125 1529 1157 1611 2,
1180 1529 1232 1610 21,
1257 1530 1366 1608 ἑτέρα(

227 1640 258 1716 5,
285 1639 332 1715 12,
361 1641 457 1717 αὐτῆς
479 1639 515 1720 5,
538 1639 596 1717 26,
625 1641 681 1718 μὲν
708 1639 756 1721 10,
779 1641 814 1718 3,
844 1638 894 1701 vel
922 1638 1039 1702 rectius
1068 1639 1230 1702 collocatis
1257 1638 1363 1703 verbis

227 1749 259 1826 5,
281 1749 498 1828 22111111κῆ1
521 1749 722 1830 ἀναγραφῆς,
746 1747 783 1827 9,
805 1747 845 1812 27
869 1750 979 1828 ευχνοὶ
1001 1750 1084 1827 πρὸ(
1105 1749 1249 1826 τούτοις,
1274 1749 1323 1828 11,
1350 1751 1365 1811 1

230 1859 401 1924 Διονύειό(
424 1859 492 1937 εἰμι,
515 1858 566 1921 vel
590 1857 661 1922 aliis
683 1857 784 1920 modis
807 1857 1028 1942 redintegrata
1050 1859 1195 1922 oratione
1219 1859 1295 1941 1,·9
1316 1860 1367 1923 ἐπὶ

228 1969 364 2047 ταύτην,
394 1973 422 2046 1,
447 1968 488 2032 10
509 1969 625 2046 λόγον,
652 1970 679 2045 1,
704 1967 743 2032 18
765 1972 998 2048 προαιρεῑεθαι,
1021 1969 1052 2050 4,
1077 1968 1118 2032 10
1140 1969 1368 2048 sauroctono-

228 2100 326 2156 τουν,
349 2077 379 2155 8,
402 2078 445 2142 30
465 2080 647 2158 διατρῖψαι,
673 2078 723 2156 10,
745 2078 787 2142 23
809 2079 1137 2157 πραγματευεάμενοιε
1169 2081 1206 2141 11
1227 2078 1367 2160 mittam,

230 2209 309 2270 quae
332 2191 367 2250 ut
388 2189 571 2270 praestent,
600 2191 710 2251 tamen
737 2209 802 2251 non
830 2187 876 2250 ita
898 2191 1066 2271 praestant
1088 2191 1124 2250 ut
1144 2209 1222 2270 prae
1243 2188 1283 2250 iis
1305 2211 1369 2253 sor-

230 2296 328 2361 deant
354 2297 487 2381 1113111
513 2299 571 2376 μὲν
599 2298 660 2376 γὰρ
682 2297 721 2376 4,
750 2297 786 2373 6,
819 2298 897 2362 οὐδὲ
924 2299 959 2363 ἓν
986 2299 1017 2374 5,
1039 2297 1077 2377 5,
1105 2300 1239 2362 διελθεῖν
1262 2298 1292 2378 9,
1318 2299 1367 2363 12.

230 2405 320 2470 Η111
342 2407 442 2492 igitur
470 2428 541 2470 cum
569 2406 699 2490 propria
728 2427 795 2470 esse
823 2406 909 2470 illius
936 2406 1010 2470 libri
1039 2407 1183 2470 condicio
1212 2409 1244 2470 et
1268 2407 1368 2471 virtus

229 2515 400 2598 videretur,
435 2537 562 2599 prorsus
595 2519 665 2580 erat
698 2515 816 2579 rationi
851 2519 1110 2599 consentaneum,
1145 2517 1227 2600 quod
1256 2517 1301 2580 eia
1333 2517 1368 2581 in

230 2626 318 2708 locis,
343 2625 456 2709 quibus
478 2625 559 2689 nihil
582 2625 765 2690 offensionis
789 2625 945 2709 Stephani
967 2625 1124 2709 scriptura
1146 2624 1289 2709 haberet,
1314 2627 1368 2690 sed

230 2737 338 2799 tamen
358 2734 517 2799 diversum
531 2734 682 2818 quiddam
697 2739 730 2799 et
744 2735 908 2820 singulare
923 2735 1021 2799 etiam
1036 2736 1062 2798 si
1078 2756 1135 2819 per
1149 2757 1183 2799 se
1198 2757 1263 2799 non
1278 2757 1368 2799 num-

230 2867 326 2929 quam
349 2847 459 2929 aperte
486 2845 637 2910 mtiosum
657 2843 799 2909 Vrbinas
826 2845 1010 2929 praeberet,
1041 2867 1080 2908 ex
1106 2845 1167 2910 hoc
1195 2845 1368 2910 divinando

231 2954 351 3038 aliquid
383 2955 555 3040 effingere,
593 2955 676 3039 quod
709 2957 793 3018 esset
825 2954 1006 3038 probabile,
1041 2977 1135 3039 quam
1170 2956 1204 3019 in
1237 2956 1369 3040 vulgata

231 3064 389 3148 scriptura
412 3065 613 3148 acquiescere
634 3064 826 3146 maluenmt,
852 3068 983 3148 propter
1004 3065 1108 3149 ipsam
1130 3065 1369 3149 simplicitatem

231 3177 264 3238 et
285 3172 453 3238 Vrbinatis
475 3174 654 3238 dissensum
676 3179 834 3259 suspecta.
878 3174 955 3238 Eius
978 3174 1063 3238 modi
1084 3175 1147 3238 tria
1169 3176 1370 3259 potissimum
1388 3186 1420 3236 23

239 3285 306 3346 unt
335 3283 369 3346 in
397 3285 558 3367 prooemio
593 3285 754 3366 exempla:
791 3307 822 3366 p.
846 3285 882 3366 3,
908 3284 946 3347 17
975 3285 1097 3364 χρόνον
1127 3307 1161 3350 τε
1189 3287 1230 3349 οὐ
1257 3289 1369 3371 πολλῷ

231 3394 366 3460 πλείονα
388 3395 557 3461 διακοείων
580 3395 674 3472 ἐτῶν,
697 3395 786 3476 4,18
809 3394 865 3473 ὅεη
889 3397 1032 3458 atticen
1052 3397 1093 3474 μὴ
1115 3395 1273 3460 ἀδύνατός
1296 3394 1369 3473 dtu,

230 3505 341 3582 πρώτη
365 3505 414 3568 καὶ
436 3504 532 3586 μόνη,
558 3504 587 3584 7,
611 3503 652 3567 28
680 3505 762 3568 αὐτὰ
790 3505 1084 3583 διεεπουδαεμένωε
1113 3505 1187 3570 οὔτε
1216 3506 1369 3584 capram:

232 3612 345 3696 quibus
367 3613 445 3676 locis
468 3611 542 3695 quid
565 3611 741 3676 machinati
757 3613 823 3675 sint
838 3612 1075 3699 Bernhardyus,
1100 3613 1258 3695 Reiskius,
1282 3614 1369 3678 Hud-

232 3742 338 3803 sonus,
361 3721 542 3786 monuimus
565 3721 783 3786 adnotatione.
828 3722 916 3786 Talis
944 3724 1027 3787 ratio
1050 3724 1180 3787 criticae
1203 3723 1281 3787 artis
1304 3725 1370 3787 fac·

231 3829 377 3894 titandae
394 3853 465 3895 curn
487 3853 615 3914 prorsus
639 3834 715 3914 apta
738 3831 780 3896 sit
802 3853 840 3895 ex
863 3831 1045 3896 indubitata
1068 3833 1245 3918 grandique
1267 3855 1370 3897 exem-

231 3941 356 4022 plorum
379 3940 584 4005 multitudine
608 3943 814 4024 comprobata
843 3943 1041 4024 praestantia
1065 3943 1131 4006 eius
1153 3943 1243 4026 libri,
1278 3965 1372 4028 quem

232 4050 402 4134 praecipue
425 4050 619 4134 sequendum
642 4051 748 4134 duona,
772 4051 886 4114 mirum
910 4055 959 4115 est
984 4052 1127 4135 profecto
1150 4053 1281 4116 minime
1304 4075 1371 4118 esse

233 4159 426 4244 quaesitum,
461 4183 538 4224 num
573 4161 655 4224 forte
691 4161 873 4244 Stephanus
909 4183 1032 4245 quoque
1072 4161 1219 4246 haberet,
1258 4162 1371 4247 quibus

233 4269 414 4364 necessario
442 4269 664 4354 posthabenda
697 4269 864 4335 Vrbinatis
897 4271 976 4335 fides
1010 4275 1103 4336 esset.
1153 4271 1230 4336 Eius
1264 4276 1370 4337 autem

234 4377 362 4460 generis
384 4399 477 4443 nemo
500 4379 690 4444 diffitebitur
713 4401 740 4444 e.
766 4380 897 4444 111111
926 4401 1011 4445 esse:
1047 4385 1189 4465 servata,
1221 4404 1302 4467 quae
1331 4384 1371 4448 ab

1106 4485 1141 4548 31
1154 4483 1171 4519 *
