3272 5088
657 339 799 391 rauoror
823 339 972 392 sarira.
1326 321 1387 392 431

249 493 310 558 His
327 516 400 558 vero
422 498 558 559 mortem
580 517 645 559 non
668 496 848 559 necessario
871 495 1059 579 significari,
1083 495 1182 578 ipsius
1198 495 1390 560 scholiastae

250 604 397 688 arguitur
418 625 484 670 non
505 605 635 669 indocta
657 604 865 668 adnotatione
888 605 983 668 hace:
1006 607 1025 684 ἢ
1049 606 1095 670 ὡς
1116 607 1188 685 περὶ
1209 608 1390 684 τετελευτη-

250 715 344 780 κότοε
366 715 461 792 λέγει,
484 715 600 780 ὡεανελ
622 716 694 794 περὶ
717 715 845 798 (παρὰῖ)
874 717 930 779 τὰ(
958 716 1111 794 μακάρων
1134 717 1266 794 νήεουε,
1288 717 1308 793 ἢ
1331 715 1390 780 ὅτι

250 825 442 910 Ἀρχελάῳ
465 831 516 910 τῷ
540 827 691 905 βαειλεῑ
712 826 823 904 μέχρι
842 827 1028 903 τελευτῇ(
1043 824 1282 904 μετὰἄλλων
1298 829 1389 890 πολ-

251 937 330 998 λῶν
353 938 473 1014 κυνῆν
496 935 538 999 ἐν
563 934 796 1018 Μακεδονίᾳ.
832 933 892 999 καὶ
914 934 1096 1012 μακάρων
1120 934 1292 1014 εὐωχίαν
1315 935 1389 1015 ἔφη

249 1046 319 1124 τὴν
342 1044 382 1109 ἐν
406 1045 634 1125 βαειλείοιε·
667 1048 788 1110 τοῦτο
816 1045 857 1107 δὲ
885 1045 978 1123 παρ’
1007 1043 1256 1127 ὑπόνοιαν.*)
1300 1042 1389 1118 Quod

250 1151 288 1215 de
304 1152 419 1217 itinere
434 1153 643 1218 Macedonico
661 1156 775 1218 narrat
797 1152 980 1234 scholiasta,
1004 1153 1036 1216 id
1058 1156 1223 1236 tamquam
1245 1153 1390 1236 ineptum

250 1261 398 1326 videntur
426 1265 640 1328 commentum
669 1283 741 1328 eum
770 1261 855 1327 Sam.
884 1260 991 1337 Petito
1019 1251 1154 1328 Miscell.
1183 1262 1199 1326 Ι
1228 1285 1254 1326 c.
1287 1261 1326 1326 14
1353 1285 1390 1327 ac

249 1369 286 1435 P.
323 1370 436 1454 Baylio
468 1372 656 1437 Welckerus
695 1372 924 1454 contempsisse
955 1370 994 1434 de
1027 1370 1255 1454 Aristophanis
1288 1371 1390 1436 Ranis

250 1502 281 1563 p.
297 1481 359 1545 241
377 1484 409 1545 et
424 1482 464 1546 A.
483 1481 521 1546 G.
539 1481 737 1567 Schlegelius
752 1481 791 1545 de
807 1484 876 1544 arte
899 1481 1000 1544 dram.
1024 1480 1039 1543 I
1061 1503 1093 1564 p.
1110 1481 1184 1564 308,
1207 1486 1243 1545 ut
1264 1485 1390 1547 taceam

250 1590 345 1673 alios3
378 1591 529 1676 ambiguo
559 1596 666 1656 autem
698 1591 815 1656 iudicio
842 1589 990 1674 Baylium
1023 1589 1228 1674 reprehendit
1255 1591 1390 1656 Wolfius

249 1697 376 1784 Proleg.
405 1700 447 1764 ad
468 1700 552 1765 Plat.
577 1701 686 1784 Symp.
709 1723 741 1784 p.
765 1699 863 1764 XLV.
908 1699 1069 1764 Potuisset
1096 1703 1202 1763 autem
1225 1701 1329 1765 omnis
1351 1702 1390 1765 de

250 1809 355 1873 verbis
383 1809 610 1894 Aristophanis
643 1810 802 1875 dubitatio
834 1809 897 1874 ista
925 1809 1109 1892 plenissime
1137 1809 1222 1892 tolli,
1251 1811 1279 1874 si
1306 1810 1390 1875 Pla-

250 1918 356 1982 tonis
378 1917 621 2003 Symposium
648 1919 835 2005 diligentius
857 1923 939 1982 esset
962 1918 1142 1983 lectitatum
1164 1923 1260 2003 atque
1282 1941 1390 1985 exeus-

250 2049 320 2092 sum
347 2028 475 2113 eiusque
507 2033 651 2113 tempora
684 2029 863 2094 accinctius
893 2032 925 2093 et
953 2029 1118 2112 explorata
1147 2033 1180 2092 et
1206 2029 1291 2094 inter
1322 2051 1390 2094 sese

250 2137 414 2203 distincta.
458 2138 504 2202 Vt
526 2142 633 2204 autem
662 2139 725 2203 duo
745 2139 801 2202 illa
824 2137 1116 2221 praetermittamus
1137 2141 1299 2222 tempora,
1328 2162 1390 2224 quo

251 2247 355 2330 ipsum
376 2248 554 2312 habitum
576 2253 625 2313 est
648 2248 839 2330 convivium,
862 2249 883 2312 i.
901 2270 928 2312 e.
944 2248 986 2311 ol.
1003 2246 1070 2330 XO,
1086 2246 1118 2331 4,
1142 2252 1175 2312 et
1188 2271 1250 2332 quo
1273 2229 1397 2333 serip-¹

250 2360 364 2421 tuma
384 2357 519 2423 Platone
542 2363 601 2442 est,
624 2358 656 2422 h.
674 2380 701 2422 e.
718 2361 791 2442 post
813 2358 853 2422 ol.
878 2355 1026 2442 Xovssl,
1049 2357 1085 2438 4,
1109 2357 1142 2420 id
1163 2357 1246 2440 quod
1269 2359 1390 2444 colligi-

249 2469 302 2530 tur
317 2489 356 2531 ex
375 2489 407 2550 p.
427 2468 487 2532 193
503 2473 544 2532 A:
566 2467 723 2532 narrati
747 2467 874 2551 quidem
896 2465 1033 2531 convivii
1055 2470 1200 2549 tempora
1222 2467 1391 2552 dispertita

250 2580 326 2641 sunt
346 2576 516 2642 trifariam.
554 2577 697 2642 Primum
718 2577 804 2642 enim
825 2598 876 2642 res
898 2580 1010 2661 gestae
1031 2574 1183 2660 symposii
1204 2577 1246 2639 ab
1269 2576 1390 2642 Aristo-

250 2685 352 2769 demo,
375 2687 430 2771 qui
452 2687 520 2770 ipse
542 2687 732 2752 interfuerat
755 2687 906 2770 convivis,
931 2689 1104 2750 narrantur
1119 2685 1329 2769 Apollodoro,
1348 2687 1389 2752 ef.
1408 2708 1442 2757 ao

250 2817 282 2878 p.
308 2797 368 2860 173
390 2801 430 2879 Β,
452 2797 592 2880 itemque
608 2795 772 2880 Phoenici,
797 2819 815 2860 a
838 2817 900 2880 quo
922 2817 979 2880 per
1001 2796 1082 2861 alius
1105 2795 1268 2860 cuiusdam
1290 2796 1389 2882 inter-

250 2909 381 2970 ventum
408 2905 444 2970 in
472 2905 645 2980 Glauconis
671 2905 822 2970 notitiam
852 2909 1039 2988 transeunt,
1067 2928 1098 2989 p.
1125 2903 1186 2972 172
1207 2909 1238 2968 Β
1260 2911 1292 2972 0.
1337 2907 1390 2971 Ab

250 3013 306 3078 illa
328 3016 513 3080 narratione
535 3038 664 3100 prorsus
690 3015 854 3080 seiunctae
881 3019 968 3106 sunt¹
983 3016 1085 3078 altera
1112 3019 1145 3080 et
1167 3016 1279 3100 tertia,
1309 3037 1390 3101 quae

250 3125 343 3188 unius
366 3125 553 3209 Apollodori
580 3130 670 3208 sunt,
699 3147 738 3189 ex
765 3148 827 3210 quo
854 3125 993 3209 primum
1019 3125 1065 3189 rei
1094 3125 1180 3188 illius
1202 3127 1244 3189 ab
1266 3127 1389 3192 Aristo·

251 3232 342 3297 demo
365 3239 516 3319 acceptae
538 3235 724 3300 memoriam
747 3234 870 3300 audivit
892 3233 1024 3317 Glauco,
1048 3257 1079 3318 p.
1107 3235 1166 3298 173
1189 3239 1220 3298 Β
1241 3239 1333 3320 extr,
1358 3241 1390 3300 et

250 3343 358 3425 paullo
378 3347 453 3427 post
475 3347 649 3410 conventus
670 3344 800 3428 quidam
821 3344 1037 3425 familiarium,
1062 3365 1168 3408 coram
1189 3343 1302 3427 quibus
1325 3345 1389 3409 iam

135 3497 140 3502 -
228 3453 358 3518 omnia
381 3454 437 3517 illa
458 3459 591 3518 narrata
613 3477 681 3519 esse
703 3455 879 3540 fingrmtur,
904 3475 985 3538 quae
1007 3474 1094 3517 nune
1115 3453 1251 3538 legimus
1273 3453 1308 3517 in
1323 3455 1388 3518 dia-

250 3562 325 3647 logo
340 3563 518 3646 Platonioo,
542 3585 734 3649 quamquam
756 3564 834 3647 ipsis
849 3563 1045 3628 Aristodemi
1066 3562 1170 3627 verbis
1193 3567 1325 3628 narrata
1348 3565 1389 3628 ab

251 3672 455 3754 Apollodoro.
486 3674 783 3758 Quemadmodum
806 3675 913 3736 autern
934 3674 1021 3756 prior
1037 3671 1223 3755 Apollodori
1245 3674 1389 3738 narratio

252 3782 381 3846 Socrate
404 3783 501 3846 etiam
523 3787 601 3848 tunc
623 3783 750 3848 vivente
771 3782 860 3847 facta
881 3786 939 3864 est,
963 3786 999 3846 ut
1014 3785 1148 3865 apparet
1169 3803 1208 3845 ex
1226 3803 1259 3865 p.
1278 3783 1338 3847 172
1355 3789 1387 3868 0,

317 4069 341 4139 l)
356 4068 478 4142 [Editum
495 4085 569 4127 nune
586 4071 630 4126 est
648 4071 772 4128 thecuat
791 4068 869 4128 elue
887 4069 936 4127 τὰ(
954 4068 1088 4140 μακάρων
1106 4067 1216 4141 vhcouc,
1234 4089 1298 4128 mox
1311 4071 1388 4142 μέχρι

250 4165 309 4231 τῆ(
328 4169 476 4234 τελεωτήε,
499 4165 599 4220 deinde
617 4168 671 4232 τὴν
690 4167 720 4220 ἐν
743 4167 885 4231 Recitator(
908 4167 1099 4234 διατριβήνκ
1126 4165 1230 4235 partim
1248 4183 1263 4220 e
1281 4165 1388 4221 Raven-

250 4257 315 4311 nate
333 4255 436 4323 codiee,
452 4259 556 4327 partim
574 4275 589 4313 e
606 4257 722 4313 Veneto.
748 4257 854 4312 Vltima
864 4263 952 4312 τοῦτο
969 4259 999 4312 δὲ
1016 4263 1087 4325 παρ’
1103 4259 1242 4313 ὑπόνοιαν
1259 4257 1295 4312 ab
1314 4261 1387 4315 atro-

251 4363 303 4416 que
324 4351 444 4418 absunt]
