3218 5094
263 321 326 386 584
641 335 688 382 on
711 335 781 383 oso
805 335 848 382 ns
871 333 1013 382 carons.

263 493 315 554 tas
343 511 408 554 non
435 488 636 553 mediocriter
664 487 842 570 alliciebat,
871 489 940 550 tum
966 487 1018 568 ut,
1047 483 1101 569 qui
1125 481 1407 548 coniunctissimus

266 621 338 664 cum
367 599 485 664 Orione
512 603 577 682 est,
615 600 714 663 Orum
742 591 909 681 antiquum
937 600 970 660 et
997 595 1131 679 probum
1158 593 1408 680 grammaticum

265 709 443 774 immeritae
465 709 618 774 oblivioni
641 711 823 793 exemptum
845 727 901 771 suo
928 705 1129 770 redderemus
1150 703 1274 770 honori.
1322 715 1326 722 '

798 903 870 984 aa.

350 1042 560 1106 Difficultatis
584 1041 670 1106 enim
692 1040 776 1104 illius
800 1061 880 1123 quae
903 1038 983 1102 duae
1011 1041 1087 1103 sunt
1116 1059 1262 1122 caussae,
1296 1059 1410 1102 earum

266 1153 368 1216 altera
391 1152 426 1216 in
447 1153 517 1236 ipsa
540 1151 705 1216 nominum
728 1149 937 1213 similitudine
960 1149 1018 1213 Ori
1038 1153 1070 1212 et
1093 1149 1221 1214 Orionis
1253 1149 1407 1232 comitur,

267 1262 368 1326 altera
392 1263 431 1326 ad
455 1262 568 1326 dubias
591 1283 657 1326 non
680 1282 743 1324 uno
772 1259 901 1324 nominc
928 1260 1068 1324 rationes
1091 1281 1200 1324 eorum
1221 1279 1409 1330 monumen-

266 1376 371 1436 torum
398 1372 555 1456 pertinet,
590 1392 722 1455 quornm
750 1369 939 1453 praecipuus
966 1370 1001 1434 in
1028 1370 1090 1434 hac
1119 1370 1304 1454 quaestione
1331 1391 1409 1434 usus

268 1485 333 1562 est,
371 1503 452 1567 quae
485 1485 560 1546 sunt
596 1481 820 1565 Etymologica
853 1501 980 1564 graeca.
1031 1479 1079 1543 De
1111 1481 1223 1564 quibus
1256 1479 1409 1564 qnoniam

269 1592 383 1656 iterum
411 1591 581 1656 dicendum
609 1591 696 1654 iufra
729 1595 792 1674 est,
827 1591 879 1654 hic
912 1589 1039 1674 quidem
1072 1590 1210 1654 breviter
1242 1611 1409 1655 monemus

268 1724 334 1768 non
355 1702 505 1787 possein
528 1701 588 1765 hoo
610 1722 728 1785 genere
751 1701 920 1784 quicquam
941 1700 993 1763 vel
1014 1703 1101 1764 recte
1123 1701 1174 1764 vel
1196 1702 1291 1785 plene
1314 1701 1410 1766 aesti-

268 1813 365 1896 mari,
398 1810 462 1876 nisi
490 1811 524 1876 in
555 1811 691 1896 singulis
720 1810 873 1894 exemplis
901 1831 966 1874 non
993 1813 1121 1874 tantum
1144 1813 1176 1874 et
1198 1811 1354 1896 Magnum
1377 1815 1411 1876 et

271 1920 452 1986 Gudianum
486 1925 519 1985 et
546 1920 689 1986 Zonaras
717 1920 941 2005 Etymologica
975 1921 1068 1985 simul
1096 1920 1181 1985 inter
1216 1943 1250 1985 se
1284 1943 1411 2005 compa·

270 2035 391 2114 rentur,
422 2031 476 2095 sed
500 2030 596 2095 etiam
619 2030 865 2115 diligentissime
889 2031 1073 2095 consulatur
1094 2032 1272 2115 scripturae
1294 2031 1412 2096 discre-

270 2141 383 2225 pantia
406 2163 444 2204 ex
465 2140 696 2226 Etymologicis
719 2141 908 2224 Hauniensi,
933 2141 1119 2225 Oxoniensi,
1142 2142 1280 2206 maxime
1303 2144 1413 2206 autem

271 2251 465 2316 aParisinis
487 2273 507 2314 a
529 2250 673 2334 Blochio,
698 2249 850 2335 Barkcro,
877 2249 1004 2335 Κοὸείο,
1029 2250 1175 2317 Bekkero
1197 2255 1366 2338 excerpta,
1392 2275 1413 2317 a

271 2361 396 2428 Sturzio
420 2365 526 2426 autem
548 2384 661 2446 parum
685 2362 847 2427 commode
861 2361 1016 2446 disposito
1031 2362 1065 2426 in
1081 2361 1298 2448 EtymologIci
1314 2363 1412 2428 Gudi-

272 2473 326 2537 ani
347 2472 486 2537 editione
508 2495 540 2558 p.
557 2473 746 2538 689-1076
763 2473 880 2537 collata
894 2473 1095 2556 praefatione
1111 2495 1142 2557 p.
1159 2472 1363 2538 VIII—XIII
1378 2477 1414 2539 et

272 2583 399 2649 Orionis
422 2582 560 2647 editione
582 2607 614 2667 p.
641 2583 817 2649 185-192.
861 2581 912 2646 Ex
934 2583 983 2648 his
1006 2581 1225 2648 Parisinorum
1246 2587 1340 2648 tanta
1362 2588 1414 2648 est

271 2693 394 2758 utilitas
417 2698 467 2777 ut,
499 2693 575 2757 licet
598 2698 630 2757 et
651 2692 760 2757 Kodsii
781 2693 876 2757 fidem
898 2715 964 2758 non
987 2694 1056 2758 aine
1078 2694 1203 2759 ratione
1226 2694 1413 2760 addubitem

272 2807 305 2867 et
328 2803 507 2866 Bckkcrum
530 2803 696 2866 incohasse
718 2804 822 2887 magia
846 2803 1031 2868 conferendi
1058 2805 1201 2868 laborem
1223 2827 1319 2888 quam
1341 2827 1412 2889 per-

272 2917 412 2976 secutum
438 2934 506 2976 esse
528 2913 667 2994 doleam,
692 2917 802 2976 tamen
823 2935 884 2976 nec
906 2912 997 2978 huius
1021 2914 1162 2997 potuisse
1184 2913 1412 2998 disputationis

272 3023 372 3086 nodos
395 3023 463 3086 sine
485 3023 612 3086 illorum
633 3044 693 3106 ope
716 3023 793 3087 satis
816 3023 957 3107 expediri
980 3025 1160 3108 cognorim,
1190 3024 1307 3089 necin
1328 3027 1413 3090 trac-

273 3133 380 3196 tandis
403 3133 634 3218 Etymologicis
657 3155 815 3218 quoquam
837 3134 964 3198 credam
986 3137 1056 3198 tuto
1078 3135 1192 3219 pedem
1213 3135 1291 3198 ferri
1315 3139 1413 3200 antea

274 3265 369 3328 cluam
391 3244 487 3327 plena
510 3247 542 3307 et
564 3248 713 3308 accurata
735 3245 861 3309 illorum
884 3245 1038 3308 librorum
1054 3245 1182 3308 collatio
1205 3245 1240 3308 in
1261 3249 1412 3330 promptu

274 3353 326 3418 sit.
371 3353 439 3429 Quo
461 3355 565 3440 magis
586 3355 760 3437 laetamur,
795 3355 877 3439 quod
906 3375 1033 3438 sperare
1057 3355 1132 3418 licet
1153 3355 1222 3419 fore
1245 3359 1295 3438 ut,
1331 3378 1413 3440 quae

274 3465 317 3528 sit
338 3468 449 3528 mutua
471 3467 553 3530 ratio
576 3466 736 3530 variarum
758 3465 885 3530 illarum
907 3465 1201 3548 recensionum,
1231 3466 1269 3529 de
1298 3466 1411 3550 quibus

241 3574 375 3640 animia
401 3575 464 3638 fuit
487 3575 589 3640 Bastii
611 3577 646 3639 in
669 3575 859 3661 Gregorium
883 3575 953 3640 Cor.
978 3598 1009 3659 p.
1033 3575 1097 3638 289
1112 3577 1152 3638 et
1173 3576 1236 3640 543
1260 3576 1411 3660 brevitas,

274 3685 406 3749 tandem
427 3689 573 3770 patescat
595 3685 747 3750 laudabili
764 3685 915 3750 Ludovici
938 3685 976 3750 de
993 3684 1109 3750 Sinner
1132 3686 1275 3769 consilio,
1299 3687 1334 3750 in
1357 3687 1413 3752 illa

274 3797 345 3880 ipsa
367 3818 401 3860 re
424 3819 509 3860 nunc
532 3797 679 3880 occupati
703 3797 742 3860 ad
765 3796 984 3861 adornandam
998 3796 1206 3861 Valckeuarii
1228 3796 1263 3860 in
1283 3798 1414 3862 Ammo·

275 3906 365 3970 nium
398 3906 552 3972 Ourarum
584 3908 795 3971 secundarum
827 3907 1009 3972 editionem.
1065 3905 1281 3972 Recensiones
1314 3909 1412 3993 enim,

276 4039 354 4099 quas
377 4019 539 4084 brocreodc
555 4018 804 4100 interpretamur
820 4017 1024 4099 Graecorum,
1049 4017 1154 4081 dicere
1176 4017 1295 4100 licebit,
1320 4041 1412 4102 quae,

276 4127 303 4189 si
327 4147 364 4190 ex
387 4128 495 4211 parvis
524 4127 690 4211 particulis
719 4128 773 4192 hic
802 4129 867 4192 illic
895 4129 1029 4212 prolatis
1059 4128 1242 4192 coniectura
1268 4130 1345 4209 fiat,
1369 4133 1415 4192 ‘et

276 4237 436 4301 variorum
458 4238 551 4303 nnius
573 4239 773 4322 eiusdemque
797 4239 889 4303 lexici
912 4239 1054 4303 codiccun
1070 4237 1301 4320 discrepantias
1322 4261 1415 4321 supe-

276 4353 366 4429 rant,
398 4371 456 4412 nec
485 4349 519 4412 in
547 4349 742 4413 diversorum
765 4350 849 4412 inter
871 4371 904 4412 se
926 4348 1099 4412 lexicorum
1121 4345 1415 4412 dissimilitudinem
