3184 5100
234 363 297 426 691
569 378 616 423 ua
640 378 794 424 vinniano
818 376 1041 424 rursronooo

233 531 381 594 Meletius
404 530 488 593 haud
511 529 590 594 adeo
611 528 721 613 paucis
743 530 861 613 utitur,
886 529 1027 613 privatos
1051 529 1187 592 diceret:
1224 551 1282 592 nos
1304 529 1375 612 qui-

234 639 306 703 dem
334 641 374 703 ab
403 639 543 703 ciusdem
570 639 676 704 Petrei
704 639 891 723 integritate
920 661 1018 722 prope
1047 640 1158 703 abesse
1186 637 1264 702 alios
1294 638 1375 702 duos

235 750 357 814 codices
378 749 604 814 intelleximus.
636 749 775 825 Quorum
792 750 874 813 alter
889 749 1091 814 Monacensis
1108 753 1156 814 est
1170 771 1203 813 n.
1221 748 1373 832 XXXIX,

203 913 207 920 .
235 860 317 922 altar
340 859 570 924 Oracoviensia
609 859 653 922 ut
675 859 768 923 huius
791 859 917 950 quidem
939 860 1001 923 duo
1023 859 1179 943 exempla,
1204 859 1339 924 alterum
1356 883 1376 922 a

234 969 388 1054 Schugtio
420 968 623 1034 Oracoviensi
657 973 733 1032 ante
765 970 882 1054 viginti
916 973 949 1033 et
982 969 1066 1054 quod
1099 970 1239 1034 excurrit
1272 991 1375 1032 annos

233 1081 474 1164 transcriptum,
499 1080 634 1143 alterum
650 1101 669 1142 a
685 1101 718 1143 11
739 1080 846 1162 parari
869 1081 989 1144 iussum
1004 1079 1228 1162 Vratislaviae,
1252 1101 1374 1164 magna

233 1191 312 1254 mihi
342 1212 413 1256 oum
440 1189 621 1253 reverentia
648 1189 863 1253 nominandus
892 1191 1014 1275 collega
1042 1190 1181 1254 Davides
1209 1189 1375 1255 Schulzius

234 1301 435 1384 possidebat,
461 1301 515 1383 qui
539 1321 610 1363 cum
633 1299 672 1362 de
695 1299 816 1364 edendo
839 1300 968 1364 Meletio
996 1301 1135 1384 aliquam
1157 1300 1212 1364 diu
1233 1301 1301 1384 ipse
1325 1321 1375 1363 co-

234 1409 387 1495 gitasset,
412 1410 537 1474 abiecto
559 1409 725 1493 postmodo
749 1431 786 1473 eo
809 1411 951 1494 consilio,
974 1411 1058 1474 forte
1080 1413 1187 1474 autem
1209 1410 1294 1474 inter
1315 1431 1375 1474 nos

234 1521 353 1584 iniecto
377 1520 415 1584 de
430 1519 561 1584 Meletio
577 1541 731 1603 sermone,
756 1542 817 1603 qua
839 1525 889 1584 est
910 1521 1026 1584 eximia
1047 1521 1082 1584 in
1104 1543 1163 1584 nos
1185 1520 1375 1584 benevolen-

234 1631 281 1694 tia
305 1652 432 1695 omnem
455 1651 549 1714 quern
570 1630 776 1714 inpromptu
799 1631 938 1695 habebat
961 1631 1027 1694 eius
1050 1631 1164 1696 edendi
1186 1633 1376 1714 apparatum

235 1741 328 1804 nobis
351 1763 384 1804 11
408 1762 569 1804 cessurum
595 1740 801 1824 significavit.
833 1741 1025 1825 Accepimus
1046 1742 1267 1806 liberalissime
1289 1740 1374 1804 obla-

235 1854 304 1915 tum
320 1853 352 1913 ct
366 1871 424 1933 per
439 1849 638 1914 academicae
653 1852 912 1934 opportunitates
928 1851 1124 1916 decrevimus
1143 1874 1214 1917 cum
1231 1851 1276 1915 eis
1292 1873 1375 1914 com-

235 1960 415 2041 manicare,
444 1959 472 2036 11
494 1982 626 2044 quorum
648 1961 818 2024 interesset
846 1963 912 2026 sive
932 1962 1193 2046 physiologornm
1218 1962 1284 2026 sive
1305 1960 1376 2045 pbi-

236 2070 432 2153 lologorum,
456 2069 490 2132 in
512 2069 562 2133 his
584 2071 721 2134 maxime
743 2071 1057 2157 lexicographorum,
1081 2074 1189 2158 gruem
1211 2071 1377 2155 scriptoris

237 2179 500 2274 commentarium
523 2201 639 2264 graece
660 2181 877 2265 potiusquam
896 2182 997 2246 latine
1013 2184 1129 2267 legere.
1160 2182 1262 2257 Quam
1276 2181 1377 2266 igitur

236 2311 322 2354 nunc
355 2290 593 2373 properavimus
624 2291 728 2374 magis
755 2313 849 2375 quam
876 2293 1094 2356 accuravimus
1118 2295 1250 2377 quartae
1275 2291 1376 2356 ferme

234 2399 337 2484 partis
356 2399 539 2481 editionem,
558 2401 813 2466 testimoniorum
830 2403 957 2486 quidem
974 2425 1011 2466 ex
1030 2403 1262 2486 antiquioribus
1277 2402 1376 2486 scrip-

234 2511 357 2574 toribus
374 2509 594 2592 excitatorum,
612 2512 639 2575 si
656 2533 727 2576 curn
742 2511 872 2596 reliquis
888 2513 1033 2597 partibus
1046 2515 1258 2598 comparatur,
1275 2513 1376 2576 multo

177 2641 181 2647 ·
234 2621 357 2686 minore
378 2621 561 2704 frequentia
585 2622 835 2706 commendatae,
860 2623 926 2686 eius
946 2623 1031 2688 hanc
1047 2645 1115 2687 esse
1136 2625 1294 2688 rationem
1316 2623 1376 2686 sci-

236 2731 352 2796 endum
375 2735 433 2813 est,
450 2735 502 2812 ut,
526 2731 589 2794 nisi
604 2731 659 2795 ubi
675 2732 794 2816 aliquid
809 2737 967 2797 mutatum
982 2733 1068 2798 inira
1090 2734 1194 2818 posita
1210 2733 1377 2798 adnotatio

235 2845 383 2923 testetur,
407 2862 424 2903 c
448 2841 669 2906 Cracoviensis
691 2843 763 2906 libri
786 2842 847 2906 fide
869 2844 1124 2927 pependerimus,
1148 2843 1246 2908 tacite
1269 2846 1377 2906 autern

236 2973 273 3015 ea
295 2954 424 3014 tantum
447 2952 690 3034 correxerimus,
720 2974 801 3036 quae
832 2954 1017 3018 emendasse
1039 2954 1157 3018 nullius
1179 2952 1299 3036 laudis,
1328 2955 1376 3017 in·

236 3061 348 3126 scitiae
370 3061 421 3125 vel
444 3061 584 3126 levitatis
608 3065 690 3125 esset
713 3084 779 3126 non
802 3064 996 3138 emendasse.
1041 3064 1156 3140 Qualia
1178 3085 1306 3147 prorsus
1328 3064 1376 3128 in·

236 3171 447 3236 numerabilia
486 3172 573 3235 velut
606 3172 647 3236 ad
680 3177 869 3237 accentuum
902 3175 1133 3259 spirituumque
1163 3175 1375 3256 notationem,

236 3281 274 3344 ad
310 3281 464 3346 orationis
497 3282 805 3365 interpunctionem,
841 3283 881 3347 ad
915 3285 1114 3369 singulorum
1150 3285 1377 3349 vocabulorum

237 3391 378 3476 adeoque
407 3392 601 3475 syllabarum
625 3393 679 3482 ,111
708 3391 930 3458 discretionem
959 3394 1009 3458 vel
1033 3395 1306 3479 coniunctionem,
1336 3395 1408 3458 ad.

237 3526 245 3568 1
269 3501 441 3585 subscripti
472 3502 523 3565 vel
543 3525 562 3568 v
585 3503 773 3588 paragogici
802 3504 993 3588 positionem
1015 3505 1258 3570 emissionemve
1280 3504 1378 3588 perti-

186 3637 218 3685 11
236 3616 331 3676 nent:
355 3612 465 3696 quoin
485 3633 603 3696 genere
625 3615 692 3676 tam
715 3613 864 3678 vitiosum
878 3613 1001 3678 Meletii
1015 3615 1158 3679 libellum
1181 3616 1274 3679 ambo
1297 3638 1378 3698 quae

235 3725 364 3807 praesto
386 3723 518 3786 fuerunt
540 3723 728 3808 apographa
751 3725 974 3806 exhibuerunt,
999 3729 1032 3789 et
1053 3725 1106 3789 vix
1130 3747 1167 3790 ao
1183 3747 1223 3790 ne
1240 3725 1293 3789 vix
1309 3726 1378 3810 qui·

236 3833 308 3896 dem
332 3833 487 3916 peccandi
510 3833 686 3917 periculum
709 3835 897 3918 typothetae
921 3835 1102 3920 effugerint.
1148 3834 1268 3900 Verum
1291 3837 1378 3900 enirn

236 3965 310 4006 vcro
339 3944 408 4027 ipse
431 3943 651 4008 Oraooviensis
681 3944 778 4008 codex
809 3949 841 4010 et
866 3945 1053 4029 perhibetur
1076 3948 1107 4009 et
1130 3968 1188 4008 usu
1213 3946 1379 4030 cognosci-

235 4057 289 4116 tur
321 4053 399 4118 satis
435 4054 646 4139 neglegenter
682 4055 834 4139 scriptus,
872 4057 1019 4140 lectuque
1056 4059 1186 4140 propter
1214 4056 1381 4140 insignem

238 4164 497 4248 compendiorum
523 4165 759 4229 multitudinem
786 4166 1010 4230 difficillimus:
1033 4167 1117 4230 unde
1141 4167 1303 4230 excusatio
1331 4189 1380 4232 re-

236 4274 375 4356 petenda
404 4279 453 4340 eat
479 4276 529 4340 vel
558 4275 664 4360 potius
696 4276 780 4340 ratio
814 4299 879 4341 non
911 4300 1085 4361 paucarum
1119 4276 1383 4342 emendationum

236 4385 427 4448 nostrarum.
459 4385 576 4458 Quodsi
599 4386 726 4469 saepius
749 4386 877 4470 singula
893 4387 1048 4451 vocabula
1071 4388 1180 4472 elapsa
1202 4386 1381 4470 depreben-
