3184 5100
297 414 360 478 686
630 433 872 481 ατκκουοαται
895 434 1110 481 ,ικοπυιιυκι

296 577 392 659 γἐίοις
415 589 580 667 γυμνῆτες,
605 587 691 665 παρὰ
715 587 886 651 Θεςςαλοίς
909 589 1048 664 πενέται,
1073 588 1160 666 παρὰ
1183 589 1275 667 Κρηςὶ
1297 590 1440 664 πελάται,

296 696 367 772 περὶ
398 695 591 774 (ικορονίοις
619 698 847 777 κορυνιφάροι,
878 700 949 776 περὶ
977 701 1012 762 δὲ
1044 698 1265 778 (υρακουςίοις
1288 700 1437 762 καλλικάκ

296 803 383 888 ροι*)
416 843 458 852 —·
491 805 586 886 Είρα
618 845 660 853 -
693 807 906 887 Είρεςιώνη
937 808 1132 889 (Λυκοῦργον
1160 812 1312 890 δελφυςιν
1342 805 1385 894 [h.
1410 829 1438 870 ο.

295 915 480 995 Λυκοῦργος
501 917 536 980 δέ
559 917 677 1004 φηςινί)
701 956 743 967 -
765 917 816 980 95.
840 916 1093 998 Ἐκτομβαῖος
1115 957 1157 968 —-
1184 919 1375 998 Ἑκαμήδη
1397 956 1440 966 -
1480 954 1488 978 .

295 1026 425 1104 Ἔκτην
457 1023 499 1112 [h.
524 1047 551 1088 e.
575 1027 719 1111 Ἑκάτην]
750 1065 793 1076 —-
827 1029 880 1091 Ἐς
903 1029 1170 1109 ςκουβίτωρες
1202 1067 1245 1078 —-
1278 1030 1440 1105 Ἕλεγος

296 1135 414 1218 (οἱμὲν
438 1137 496 1201 τόν
520 1137 725 1216 Ἀρχίλοχον,
754 1139 784 1202 οἱ
807 1140 841 1202 δὲ
865 1139 1063 1217 Μίμνερμον,
1088 1139 1117 1203 οἱ
1140 1141 1175 1202 δὲ
1199 1139 1356 1204 Καλλῖνον
1379 1160 1440 1202 πα-

295 1245 473 1326 λαιότερον)
496 1284 538 1293 -
563 1245 632 1310 100.
657 1249 856 1323 Ἐλεγεῑον
879 1250 1071 1327 (Δημολέων
1092 1250 1128 1314 ἐν
1151 1255 1197 1313 τῶ
1220 1251 1292 1330 περὶ
1313 1251 1440 1328 μέτρων

297 1405 408 1420 .....
434 1357 577 1436 Δίδυμος
599 1359 644 1436 δὲ)
673 1395 716 1406 -
737 1359 928 1438 ῗΕλεδώνη
954 1361 1120 1440 (Ήςίοδος
1145 1352 1163 1420 ό
1185 1352 1377 1434 τ’άνόστεος
1400 1353 1441 1421 ὃν

295 1464 382 1529 πόδα
397 1463 427 1528 τ’
445 1466 521 1548 ἔδει)
537 1504 580 1516 -
603 1469 763 1533 Ελικτός
785 1507 827 1516 -
850 1469 955 1532 Ἐλάς
978 1466 1020 1554 [h.
1039 1491 1066 1532 e.
1089 1470 1209 1554 Ἑλλάς]
1233 1507 1276 1518 -
1297 1472 1439 1550 Ἐμβρι-

293 1579 473 1656 ρώμενος
502 1581 611 1660 (κεῖται
634 1579 709 1656 δὲὴ
739 1581 819 1645 λέξις
842 1580 878 1644 ἐν
901 1583 946 1644 τῶ
970 1580 1128 1660 Εὐριπίδη)
1163 1617 1206 1628 —
1239 1580 1309 1645 105.
1341 1581 1439 1644 Ἐνέ-

294 1709 376 1766 ρειν
402 1685 444 1774 [h.
469 1709 495 1750 e.
521 1688 668 1771 ἐναίρειν]
696 1690 895 1772 (Δημήτριος)
925 1727 967 1736 —
994 1691 1069 1755 ’Ἔνι
1097 1727 1140 1736 -
1172 1691 1373 1755 Ἐνιαυτόν
1395 1728 1440 1740 »-

294 1799 410 1863 Ἐνύω
435 1799 627 1881 (Φιλόξενος)
651 1836 693 1846 —-
714 1800 905 1866 Επέτεῐον
928 1837 971 1848 -
994 1799 1064 1863 110.
1089 1802 1317 1880 Ἐπέςκιψεν
1341 1801 1383 1884 [h.
1409 1823 1436 1864 ο.

294 1909 483 1992 ἐπέςκηψεν)
523 1910 741 1988 (Δημοςθένης
774 1911 809 1976 ἐν
842 1917 879 1994 τῇ
908 1912 990 1990 πρός
1017 1911 1236 1976 Πανταίνεον·
1270 1907 1345 1972 ἀλλ’
1381 1909 1439 1974 ἐπὶ

294 2017 415 2100 ταύτης
443 2020 500 2099 τῆς
528 2013 682 2100 σκήψεως
711 2016 876 2082 εἰσελθών
903 2016 1109 2104 ἀμφοτέραις
1135 2014 1246 2082 αὐτῶν
1271 2018 1436 2100 ἐπειόίξω)

231 2155 235 2162 ·
293 2165 336 2175 -
359 2129 605 2207 Ἐπικουρεῑν
631 2130 685 2207 (ὡς
701 2133 780 2210 παρ’
795 2131 938 2210 Ὁμήρω·
962 2127 1118 2213 γήραϊόῆ
1141 2130 1281 2211 πολέμια
1304 2151 1435 2194 πεπαυ-

294 2237 398 2320 μένοι.
434 2239 537 2302 οὕτως
566 2241 786 2304 Ἀπολλώνιος
813 2241 849 2305 ἐν
876 2247 922 2304 τῶ
953 2243 1024 2320 περὶ
1059 2242 1251 2320 προθέςεως)
1278 2279 1325 2324 7-
1359 2243 1438 2305 Ἐπὶ

293 2349 420 2414 καίειν
456 2345 499 2434 [h.
530 2370 556 2412 e.
587 2349 758 2435 ἐπικυνεῑν)
791 2351 985 2432 (Χρύςιππος
1013 2399 1140 2415 .....
1169 2352 1326 2429 Ὅμηρος·
1355 2347 1374 2412 ό
1402 2373 1438 2413 τε

293 2462 478 2541 μνησαίατο
501 2461 624 2540 κοίτου)
653 2498 696 2509 —-
729 2462 971 2526 Ἐπιςκυνεῑν
996 2461 1198 2540 (Χρύςιππος)
1226 2499 1268 2508 —-
1296 2462 1437 2541 Ἐρίττω

295 2569 449 2650 (Δίδυμος
475 2619 481 2632 .
508 2619 514 2632 .
541 2619 547 2632 .
575 2570 623 2634 ,ὁ
653 2572 688 2634 δὲ
711 2570 905 2647 Φιλόξενος,
934 2570 997 2652 ότι,
1034 2571 1079 2634 ὼς
1109 2573 1204 2653 φηςὶν
1232 2571 1250 2634 ὁ
1279 2573 1436 2653 τεχνικός,

294 2681 407 2745 ὅτιτὸ
435 2680 534 2760 ἐρίπω
563 2687 577 2744 ι’
604 2681 759 2762 ὤφειλεν,
796 2681 840 2745 ὡς
871 2683 921 2745 καὶ
956 2681 974 2744 ὁ
1004 2680 1145 2760 Δίδυμός
1175 2701 1269 2760 φηςιν
1292 2681 1363 2762 κτὲ.)
1399 2717 1434 2729 -

296 2789 365 2854 115.
390 2789 584 2868 Ἐριννύες
614 2791 669 2869 (ὡς
691 2792 844 2856 Ἡςίωδος
866 2795 1028 2871 μαρτυρεῑ’
1052 2787 1149 2854 ὅσσαι
1174 2787 1239 2874 γάρ
1263 2790 1438 2874 ῥαθάμιγ-

293 2921 349 2981 γες
364 2896 559 2962 ἀπέσσυθεν
574 2897 801 2981 αἱματόεσσαι.
826 2903 916 2964 πάσα
953 2899 1082 2978 δέξαιτο
1105 2911 1184 2983 μαῖα
1201 2900 1437 2984 περιπλομένω

294 3007 325 3072 δ’
351 3007 495 3072 ἐνιαυτῶ
518 3003 644 3091 γείνατ’
670 3008 784 3092 ἐρίνῦς
812 3031 847 3074 τε
877 3013 1041 3096 κρατερᾶς
1070 3009 1237 3092 μεγάλους
1258 3034 1294 3074 τε
1316 3013 1438 3092 γίγαν-

292 3123 358 3201 τας)
382 3157 423 3168 —-
452 3122 625 3199 Ἐρινέον
647 3159 689 3171 —-
717 3121 885 3201 Ἐρινεός
906 3159 948 3170 -
975 3121 1150 3202 Ἐρυςίβη
1178 3159 1221 3169 —-
1249 3123 1438 3200 Ἐρωδιός

294 3231 509 3314 (Ἡρωδιανὸς)
539 3267 581 3278 -
614 3231 684 3295 120.
723 3232 843 3296 Ἐςτία
877 3233 1042 3313 (Ὅμηρος
1075 3228 1165 3295 ἑστία
1194 3224 1222 3294 τ’
1253 3227 1439 3314 Ὀδυσσῆος

293 3338 472 3424 ἀμύμονος)
505 3379 548 3389 -
584 3343 778 3421 Εὐνούχοι
808 3343 996 3426 (εὐνούχους
1024 3345 1060 3406 δὲ
1088 3343 1256 3423 (οφοκλῆς
1285 3344 1336 3407 καλ
1357 3346 1437 3408 τούς

293 3452 480 3533 ὀφθαλμοὺς
507 3454 583 3516 τοὺς
611 3453 705 3530 εὐνῆς
732 3455 784 3517 καὶ
811 3453 917 3518 ὕπνου
945 3455 984 3532 μὴ
1013 3454 1245 3531 μεταςχόντας,
1273 3455 1437 3519 τουτέςτιν

291 3567 482 3642 τηροῦντας·
506 3559 566 3644 οὐχ
589 3559 675 3625 ὅπου
690 3557 861 3644 λαμπάδες
885 3559 1096 3644 εὐνούχοισιν
1115 3561 1268 3646 ὄμμασιν)
1286 3601 1329 3610 —-
1344 3562 1438 3644 Ἐχί-

293 3694 363 3738 νος
388 3677 501 3756 (καλῶς
524 3675 559 3736 δὲ
583 3673 778 3751 Καλλίμαχος
801 3679 867 3740 τῶν
891 3677 978 3753 βοῶν
1001 3675 1058 3739 τὰς
1080 3673 1201 3738 κοιλίας
1223 3673 1325 3756 εἶπεν)

376 3870 503 3948 Ζῆθος
527 3869 703 3951 (Εὐριπίδης
725 3874 837 3952 ςαφῶς
860 3870 1048 3949 ἐτυμολογεί
1069 3869 1105 3970 ἐν
1122 3869 1288 3954 Ἀντιόπη·
1311 3869 1437 3952 ζητῆσα

291 3980 357 4062 γάρ
379 3977 507 4046 τόκοισι
530 3975 712 4062 εὐμάρειαν
734 3975 754 4062 ἡ
777 3983 920 4046 τεκοῦσα
942 3977 1041 4062 γυνη)

359 4279 384 4343 *)
402 4275 473 4333 Vide
491 4280 604 4346 praeter
621 4276 691 4334 Gud.
711 4283 768 4344 165,
787 4285 820 4334 54
837 4277 1024 4348 Etymologici
1045 4277 1081 4331 M.
1105 4277 1214 4334 codiees
1232 4296 1249 4332 α
1266 4277 1436 4336 Ruhnkenio

293 4373 523 4425 οοιπυιεαιοτούου
550 4375 744 4439 correctosque
770 4371 806 4424 οὐ
833 4371 978 4426 Timaeum
1003 4391 1030 4441 p.
1058 4379 1107 4426 213
1136 4390 1184 4440 sq„
1213 4389 1330 4438 quorum
1358 4374 1437 4442 apud

293 4463 479 4518 Gaisfordium
497 4481 547 4518 nec
565 4465 628 4518 vola
648 4481 698 4519 nec
716 4465 872 4534 vestigium.
