3184 5100
317 333 379 400 722
710 351 870 402 scaenas
894 353 1066 402 emmona.

317 527 426 569 versus
448 505 604 589 quaedam
625 507 787 591 omisisse,
817 508 939 592 reliqua
967 513 1072 572 autem
1095 508 1235 574 numeris
1257 508 1370 573 solutis
1392 530 1453 572 ora-

316 616 399 679 tioni
422 639 497 681 suae
520 617 716 705 intexuissel.

787 843 989 852 ——..--..

266 1029 298 1078 2⁷
402 1026 498 1110 Apud
516 1023 731 1089 Hesiodum
754 1029 878 1107 Ἔργων
901 1029 950 1091 καί
972 1029 1100 1107 ἡμερῶν
1124 1049 1152 1090 ν.
1173 1028 1210 1091 17
1233 1050 1302 1112 sqq.
1326 1029 1372 1091 sic
1395 1028 1454 1092 vul-

316 1140 427 1220 gatum
452 1140 514 1200 est:

400 1258 458 1334 τὴν
481 1258 516 1318 o’
538 1257 648 1336 ἑτέρην
671 1258 832 1337 προτέρην
855 1259 912 1337 μὲν
936 1258 1080 1335 ἐγείνατο
1105 1259 1168 1325 Νὺξ
1191 1259 1352 1339 ἐρεβεννή,

400 1371 475 1443 θῆκε
498 1366 534 1430 δέ
556 1387 608 1445 μιν
632 1367 785 1447 Κρονίδη(
809 1368 974 1451 ὑψίζυγος,
998 1368 1097 1449 αἰθέρι
1119 1369 1231 1444 ναίων,

401 1477 491 1556 γαίη(
514 1478 547 1540 τ’
569 1479 604 1542 έν
628 1477 725 1562 pirna
747 1478 797 1542 καί
820 1476 961 1561 ἀνδράα,
985 1481 1111 1544 πολλὸν
1135 1479 1263 1558 ἀμείνω.

316 1628 427 1712 Neque
456 1629 491 1692 in
518 1628 579 1692 hac
607 1629 858 1713 interpungendi
885 1630 1010 1693 ratione
1037 1630 1089 1694 vel
1117 1630 1298 1695 Brunckius
1326 1631 1456 1696 offendit

316 1739 366 1802 vel
390 1738 446 1803 alii
467 1742 541 1822 post
562 1737 760 1803 Brunckium
783 1739 929 1804 editores.
967 1740 1080 1825 Itaque
1102 1741 1251 1805 videntur
1272 1741 1320 1804 illi
1341 1743 1454 1822 προτέ-

316 1870 375 1929 ρην
399 1849 469 1912 voci
493 1850 557 1913 vim
580 1849 756 1933 praedicati
785 1849 990 1935 grammatici
1012 1851 1176 1933 tribuisse,
1199 1855 1236 1914 ut
1258 1852 1381 1915 valeret
1403 1873 1456 1935 pro

315 1961 476 2040 πρότερον
503 1959 669 2042 adverbi03
698 1961 788 2043 quasi
815 1982 890 2024 vero
917 1960 968 2024 vel
995 1963 1092 2026 antea
1119 1961 1203 2026 bona
1231 1983 1354 2046 quoque
1378 1961 1456 2026 Con-

315 2069 418 2131 tentio
451 2070 563 2153 (Ἔρις)
596 2068 699 2134 Nocte
734 2070 819 2134 edita
851 2055 1024 2153 diceretur,
1059 2070 1109 2134 vel
1137 2071 1268 2134 omniuo
1297 2075 1456 2136 constaret

316 2176 431 2260 duplex
456 2179 680 2244 Contentionis
702 2202 804 2264 genus
826 2203 897 2244 eam
919 2182 1091 2264 peperisse.
1130 2180 1219 2256 Quod
1242 2182 1402 2268 sentiens,
1425 2187 1456 2268 ut

316 2288 451 2372 videtur,
475 2289 709 2355 incommodum
732 2291 896 2375 antiquam
919 2291 1168 2376 interpungendi
1190 2291 1348 2356 rationem
1371 2313 1457 2356 revo-

316 2400 402 2464 cavit
423 2399 583 2483 Spolmius
605 2402 681 2466 hoc:

400 2557 459 2636 τὴν
481 2555 516 2620 δ’
540 2555 662 2638 ἑτέρην,
685 2555 846 2636 προτέρην
869 2557 927 2636 μὲν
950 2557 1095 2632 ἐγείνατο
1119 2557 1184 2624 Νὺξ
1206 2556 1375 2637 ἐρεβεννή,

315 2707 446 2791 reliquis
467 2708 557 2771 tenui
580 2705 788 2771 adnotatione
810 2729 867 2770 sua
889 2707 978 2772 nullo
1000 2707 1093 2773 modo
1116 2709 1282 2794 expeditis.
1313 2709 1459 2795 ‘langas’

315 2818 422 2901 inquit
443 2816 602 2902 ‘Iuppiter
615 2818 722 2903 posuit
743 2839 813 2882 eam
828 2818 919 2898 γαίη(
933 2820 965 2883 τ’
979 2820 1015 2887 έν
1035 2821 1132 2905 ῥίῑητι
1147 2822 1197 2885 καί
1214 2819 1357 2901 ἀνδράει,
1381 2825 1458 2886 πολ-

316 2930 375 2994 λὸν
397 2928 516 3009 ἀμείνω
540 2927 688 3016 [otenel.
721 2927 791 2992 Iam
806 2928 932 3012 scimus,
957 2929 1040 3012 quod
1062 2930 1185 2994 scilicet
1207 2935 1304 2994 antea
1327 2929 1459 3014 ignora·

316 3039 438 3121 bamus,
463 3038 674 3123 supplendam
696 3039 875 3103 orationem
898 3061 965 3103 esse
988 3040 1086 3107 οὗεαν
1109 3039 1291 3123 participio.
1337 3039 1459 3106 Verum

316 3170 377 3234 quo
399 3149 494 3214 modo
516 3149 735 3213 continuanda
757 3149 800 3212 sit
822 3149 1018 3214 constructio
1039 3150 1166 3214 illorum
1188 3150 1373 3215 verborum:
1402 3155 1460 3231 τὴν

316 3263 350 3324 δ’
372 3261 483 3340 έτέρην
505 3265 644 3340 -θῆκε
666 3261 702 3324 δέ
724 3261 845 3339 pruses
868 3259 906 3324 de
928 3281 963 3324 re
984 3264 1072 3324 tacet
1094 3259 1264 3343 Spohnius.
1304 3259 1377 3343 Sed,
1403 3283 1461 3344 pro

316 3369 477 3453 luppiter,
501 3369 595 3434 audio
617 3369 771 3454 quosdam
792 3369 872 3433 mihi
893 3370 1109 3435 acclamantes
1132 3373 1227 3454 utque
1249 3374 1323 3453 post
1344 3393 1461 3454 paren·

315 3479 433 3544 thesim
455 3479 679 3564 interpositam
705 3479 787 3544 nihil
814 3479 1012 3564 frequentius
1041 3502 1109 3545 esse
1131 3479 1347 3545 vociferantes
1370 3503 1462 3565 repe·

315 3590 377 3654 tita
406 3592 441 3656 δέ
470 3591 646 3675 particrda,
678 3589 778 3673 deque
801 3592 851 3670 μίν
875 3590 930 3654 illo
952 3592 1026 3673 post
1047 3591 1159 3671 ἑτέρην
1181 3591 1319 3674 repetito
1346 3589 1462 3656 Porso

315 3721 390 3764 nem
413 3703 707 3766 commemorantes.
739 3699 823 3764 Sane
846 3703 1022 3785 pervagata
1045 3703 1094 3764 est
1115 3701 1178 3764 ista
1201 3699 1366 3764 adnotatio
1384 3701 1462 3766 Por·

316 3810 420 3890 sonis,
450 3831 511 3894 qua
533 3811 649 3874 idonea
679 3811 835 3894 quaedam
864 3810 957 3874 huius
986 3810 1114 3894 generis
1136 3809 1288 3893 {exempla
1315 3831 1463 3894 exprom-

316 3921 382 4005 psit
403 3921 505 4003 praef.
530 3921 570 3985 ad
586 3919 748 4004 Euripidis
763 3919 929 3984 Hecubam
951 3943 982 4003 p.
1000 3919 1041 3983 X.
1073 3919 1145 3984 Scio
1168 3919 1265 3983 etiam
1285 3918 1464 3985 Matthiam

317 4051 470 4116 magnum
502 4033 719 4116 exemplorum
745 4031 904 4094 cumulum
931 4051 1133 4094 coacervasse
1160 4029 1280 4112 partim
1307 4029 1464 4096 similium

316 4142 435 4224 partim
461 4141 660 4206 dissimilium
686 4141 922 4206 Grammaticos
944 4161 1080 4225 graecae
1108 4138 1168 4228 [cd.
1190 4139 1235 4227 II]
1257 4161 1289 4222 p.
1313 4140 1377 4206 876
1401 4163 1463 4228 οη,

318 4252 573 4336 commonuitque
601 4252 640 4316 dc
668 4251 778 4316 eodem
805 4251 955 4336 loquendi
983 4271 1101 4336 genere
1128 4247 1333 4314 Herma'nnus
1361 4251 1465 4318 adno-

316 4361 493 4426 tationibus
527 4360 567 4424 ad
596 4361 728 4424 Elmslei
756 4361 903 4424 Medeam
929 4384 959 4424 v.
992 4362 1073 4425 1263
1102 4364 1135 4425 ct
1165 4359 1245 4425 1332
1273 4381 1305 4442 p.
1335 4361 1404 4426 399
1434 4367 1465 4426 et
