3254 5086
532 366 794 417 auononoorvu
816 367 1097 420 vrnnoaouausrr.
1320 355 1384 420 569

239 521 419 606 perscripto
441 520 561 586 uldou:
585 523 680 606 alque
701 522 934 606 transpositum
956 523 991 586 in
1012 522 1132 588 Aldina
1153 523 1270 590 πλοίου
1292 524 1382 608 λιμὴν

239 632 296 712 μὲν
319 631 367 698 ἀλ.
412 630 531 707 Quibus
554 653 640 696 nune
670 631 833 696 addendus
860 632 1035 718 Georgidea
1058 631 1259 698 Boissonadii
1286 657 1317 718 p.
1341 634 1383 704 55

239 742 339 806 laoibo
361 741 532 806 Menandri
562 741 692 808 nomine
720 744 799 807 haee
827 742 962 808 afferens
991 745 1081 823 λιμὴν
1109 746 1166 824 μὲν
1189 743 1305 810 πλοίου
1328 745 1383 827 ὅρ-

239 874 314 933 μος,
348 852 450 931 λύπης
482 854 518 918 δὲ
550 857 639 920 νοῦς.
690 851 752 916 Tol
784 857 955 938 tantasque
988 853 1220 938 discrepantias
1249 857 1384 939 apparel

241 984 309 1028 non
332 963 492 1028 erroribus
514 962 723 1027 scribentium
745 963 869 1028 deberi:
891 963 989 1028 immo
1004 964 1162 1029 arbitratu
1176 986 1233 1030 suo
1248 965 1289 1029 ab
1305 957 1383 1030 ‘aliis

242 1073 336 1138 aliler
357 1073 516 1138 variabam
537 1093 606 1138 ease
627 1073 811 1158 putabimus
830 1073 1027 1158 primitivam
1050 1075 1189 1159 aliquam
1204 1075 1383 1140 sententiae

239 1183 392 1266 formam,
427 1204 509 1268 quae
541 1184 644 1268 qualis
677 1183 775 1248 fuerit
806 1184 860 1247 rix
893 1205 1061 1270 assequare
1090 1185 1281 1250 coniectura.
1333 1184 1383 1250 Ea

240 1292 306 1358 aive
328 1293 486 1378 originem
513 1293 605 1358 duxit
631 1315 650 1358 a
672 1293 889 1359 Menandro
916 1295 983 1359 sive
1011 1295 1052 1360 ab
1079 1294 1140 1361 hoe
1162 1299 1309 1381 suscepta
1335 1299 1384 1360 est
1479 1363 1485 1372 .

239 1405 384 1487 lantum,
413 1403 449 1467 in
471 1425 580 1468 versus
603 1404 762 1469 cancellos
784 1405 838 1468 rix
861 1405 924 1470 alio
947 1409 1042 1490 alque
1069 1407 1129 1470 hoe
1151 1405 1244 1470 modo
1266 1406 1382 1480 inlrab:

324 1513 468 1580 πλοίου
491 1515 560 1594 μὲν
583 1514 603 1581 ὁ
625 1515 753 1595 λιμὴν,
775 1518 844 1580 τοῦ
867 1515 950 1598 βίου
973 1515 1006 1580 b'
1029 1515 1151 1596 ὅρμος
1173 1515 1297 1599 φίλος.

239 1622 325 1689 Nam
342 1645 465 1708 'parurn
492 1607 657 1710 probabile
684 1627 733 1689 est
761 1624 892 1689 alberius
921 1624 1084 1690 cuiusdam
1111 1626 1259 1691 versiculi
1283 1627 1383 1710 parli-

245 1733 349 1799 aadam
378 1734 507 1820 integro
536 1735 662 1798 senario
684 1734 873 1819 adhaerere,
903 1734 990 1800 uelut
1018 1736 1116 1816 ὁμὲν
1144 1739 1237 1818 λιμὴν
1258 1737 1382 1802 Πλοίου

238 1839 313 1910 ’ςτὶν
344 1843 459 1925 ὅρμος,
486 1845 506 1925 ἡ
533 1845 624 1928 φιλία
653 1846 688 1911 δὲ
716 1849 775 1911 τοῦ
804 1845 889 1928 βίου,
924 1845 974 1909 rel
1005 1846 1024 1911 ὁ
1051 1847 1112 1927 γὰρ
1139 1849 1231 1928 λιμὴν
1258 1846 1383 1912 Πλοίου

239 1950 316 2020 ’ςτιν
339 1954 455 2038 ὅρμος,
478 1959 536 2021 τοῦ
560 1955 631 2036 βίου
653 1957 688 2021 δ’
709 1955 844 2039 ἀλυπία,
868 1954 918 2018 vel
940 1956 959 2021 ὁ
981 1958 1043 2036 γὰρ
1067 1958 1159 2038 λιμὴν
1178 1957 1302 2023 Πλοίου
1325 1958 1382 2036 μὲν

240 2064 340 2146 ὅρμος
363 2066 436 2144 ἐςτί,
457 2068 513 2144 τῆς
535 2066 636 2145 λύπης
658 2066 722 2132 δ’ὁ
744 2069 831 2133 νοῦς.
866 2063 997 2153 [Confer
1013 2087 1100 2130 nuno
1115 2065 1253 2132 Nauokii
1276 2066 1310 2131 in
1325 2066 1382 2131 flo-

240 2175 390 2261 rilegium
415 2174 571 2239 Leidense
597 2175 752 2240 adnotata
774 2175 933 2260 Philologi
955 2179 979 2239 ί.
1004 2175 1050 2240 ΙΧ
1074 2199 1106 2260 p.
1132 2175 1217 2264 369]

324 2286 367 2350 34
389 2285 421 2352 οἱ
448 2288 505 2367 μὲν
533 2287 673 2372 ἀμαθεῖς]
697 2285 972 2369 Demophiliorum
993 2286 1035 2351 33
1057 2309 1089 2370 p
1113 2288 1132 2352 8
1156 2286 1228 2371 On,
1258 2287 1383 2351 ubit
1335 2289 1383 2351 est

241 2396 425 2476 ςυγχέουςιν
448 2417 506 2479 pro
529 2397 569 2462 οῦ
592 2399 737 2463 ςυνιᾶςιν.

325 2505 367 2570 36
390 2504 465 2571 οὔτε
486 2507 583 2590 γυνὴ]
606 2504 747 2571 Socratis
775 2506 859 2592 apud
886 2505 1057 2572 Stobaeum
1080 2505 1152 2590 CX,
1175 2462 1228 2589 26,
1257 2506 1384 2570 ubit
1335 2509 1384 2570 est

240 2616 329 2684 ἐλπὶς
351 2615 623 2700 ἀγαῦήοίγεννᾳ
636 2636 695 2700 pro
710 2616 790 2696 ἄγει
814 2619 847 2682 el
867 2616 986 2682 rectius
1008 2639 1036 2683 τι
1059 2619 1222 2699 χρήςιμονε
1246 2637 1323 2682 ποια
1344 2619 1382 2684 τὸ

240 2727 391 2810 χρήςιμον
414 2729 581 2810 poetarum
604 2729 661 2806 est„
843 2788 846 2794 ,

325 2837 365 2903 37
387 2836 503 2921 γῆρας]
530 2834 720 2902 Democrito
741 2837 854 2901 tribuit
876 2838 1034 2904 Maximus
1057 2837 1109 2906 OL
1130 2860 1162 2923 p.
1185 2838 1263 2921 240,
1287 2838 1329 2904 53
1351 2840 1384 2903 et

240 2946 378 3012 fortasse
411 2946 587 3032 Georgidea
614 2969 646 3030 p.
674 2946 732 3030 24,
766 2945 930 3012 Herodoto
962 2951 1073 3033 operio
1106 2969 1211 3014 errore
1243 2947 1382 3013 Michael

241 3056 429 3140 Apostolius
451 3055 514 3140 Vl,
537 3056 580 3122 22
604 3053 647 3144 [p.
671 3056 749 3138 344,
772 3057 841 3121 4ία
864 3057 911 3121 ed.
936 3056 1100 3142 Lamech„
1129 3058 1183 3123 ubi
1206 3061 1255 3122 esi
1281 3060 1382 3139 Ἡρώ-

241 3164 322 3251 δου]
353 3163 485 3232 Ηαίιοιιί
507 3166 606 3232 eliam
628 3166 783 3243 Arrenius
806 3189 838 3250 p.
864 3167 922 3231 161
946 3169 979 3230 eb
992 3167 1123 3254 farrago
1139 3168 1242 3232 Walz.
1259 3190 1290 3253 p.
1306 3169 1380 3232 498.

243 3273 484 3361 [Hexamebrum
513 3276 647 3362 agnouit
673 3275 838 3341 Ναυπλίου
871 3276 1031 3362 Philologi
1058 3276 1088 3342 V
1115 3300 1146 3361 p.
1175 3278 1237 3346 556
1270 3280 1303 3342 eb
1335 3277 1381 3342 IX

240 3407 272 3469 p.
296 3384 382 3473 369.]

325 3495 365 3560 37
389 3497 426 3562 τὸ
454 3497 512 3576 μὲν
540 3496 618 3581 πῦρ]
646 3495 788 3562 Socratis
815 3497 898 3582 apud
928 3495 1102 3562 Slobaeum
1123 3495 1186 3581 VI,
1210 3497 1268 3580 32,
1295 3496 1380 3560 unde

241 3605 398 3672 ιιιίοοίιιοεο
420 3605 600 3672 orbiculum.

325 3716 366 3781 38
388 3716 623 3800 Πρωταγόρας]
646 3715 734 3783 Slob.
759 3715 883 3800 XXIX,
908 3715 958 3782 80.

324 3825 368 3890 40
389 3827 564 3906 Διογένης·
591 3827 708 3912 ἀρχὴν]
733 3826 846 3891 Fallax
867 3826 949 3890 haud
974 3827 1069 3892 dubie
1090 3827 1268 3911 inscriptio,

323 3927 445 4002 44τόν
479 3935 646 4022 πλοιίςιον]
680 3935 789 4001 Simile
822 3935 976 4021 Diogenis
1005 3936 1125 4001 dietum
1157 3939 1263 4002 exsbal
1296 3935 1380 4020 apud

241 4045 336 4132 Diog.
358 4046 466 4112 Laerl.
490 4045 552 4130 VI,
575 4047 628 4129 47,
656 4045 711 4112 ubi
739 4046 810 4112 vida
832 4045 1029 4131 Menagium
1076 4044 1151 4134 [Pro
1177 4048 1235 4114 τὸν
1258 4045 1379 4110 Meine-

239 4154 364 4240 kiusp.
387 4156 487 4220 Lrel
508 4157 586 4223 ἰδὼν
608 4156 658 4221 rel
681 4156 792 4241 ὁρων]

324 4264 365 4328 46
394 4266 413 4330 ὃ
446 4266 582 4350 μέλλεις]
615 4265 710 4330 Modo
742 4266 796 4331 Pil
781 4269 869 4331 ίίιιαο
902 4265 995 4331 ιιιοςλο
1027 4265 1155 4331 Thaleli
1189 4266 1380 4332 adscribitur

240 4370 326 4458 apud
348 4371 521 4440 Slobaeum
539 4374 604 4456 111,
622 4375 678 4461 79,
702 4375 856 4442 Orellium
872 4376 937 4463 Ip
957 4376 1017 4442 148
1024 4376 1270 4463 ,Areeniump
1288 4377 1378 4464 (292)
