3254 5086
527 383 683 433 nrosrsu
707 385 1057 434 usmcssuassuxsrs.
1302 373 1365 434 495

227 533 405 620 AODFP*)
491 559 523 619 p.
540 537 571 620 3,
591 541 603 600 1
623 538 805 604 ἐπεδείξατο
828 537 977 602 AODFP.
1001 539 1187 604 ἀπεδείξατο
1203 539 1366 624 Buram,

311 645 330 708 8
351 646 431 726 Περὶ
453 650 519 712 τῶν
541 652 687 713 παλαιῶν
715 647 824 726 ἀρχῶν
854 646 925 711 add.
949 648 1006 712 DP
1092 646 1241 713 Proxima
1269 672 1366 734 usque

226 780 266 842 ad
295 803 326 864 p.
350 781 386 862 5,
415 781 435 846 5
464 782 623 865 excerpsit
651 781 764 847 Suidas
786 804 816 845 v.
850 785 1000 864 Ἀ((ύριοι
1086 748 1225 865 ἀεευρίιυν
1255 783 1282 847 Β

228 890 268 952 10
297 889 525 970 ἐκράτηεενΙ)
614 895 650 956 ll
680 891 874 1024 dcupiwa
969 894 1008 956 12
1036 895 1268 975 περιβαλομένη
1299 893 1364 958 ΕΡ.

226 1027 478 1106 περιβαλλομένη
513 1025 633 1092 ABOF.
667 1030 920 1108 περιβαλλομένη
954 1028 982 1091 Ι)
1083 1031 1207 1094 πολλὺν
1242 1028 1266 1090 F

295 1312 320 1380 *)
345 1312 494 1378 Isocrates,
518 1312 593 1382 apud
612 1331 694 1386 qnenr
710 1316 768 1368 tale
787 1314 920 1381 quiddam
938 1330 967 1368 se
984 1315 1079 1383 legere
1098 1312 1254 1384 Stephanus
1273 1315 1366 1370 memi-
1385 1321 1400 1368 d

226 1405 315 1470 nerat,
335 1404 369 1458 de
386 1421 455 1473 pace
473 1422 532 1476 cap.
548 1413 564 1462 3
582 1411 650 1462 extr.
667 1409 692 1476 [β
707 1409 760 1476 11]ι
781 1409 804 1462 εί
818 1410 854 1473 μὴ
868 1409 935 1461 τοὺ(
949 1408 999 1472 μὲν
1012 1409 1113 1472 λόγου(
1131 1410 1198 1462 τοὺ(
1216 1414 1277 1462 τῶν
1289 1411 1367 1463 έναν-

227 1498 385 1562 πουμένιυν
409 1489 607 1566 παραλλήλου(
625 1502 785 1556 ἐξετάζοιεν.
822 1499 928 1554 Eadem
951 1499 1088 1553 scribendi
1113 1499 1301 1570 discrepantia
1324 1504 1368 1555 est

227 1597 261 1654 de
275 1615 363 1667 comp.
383 1599 460 1653 verb.
478 1613 504 1664 p.
523 1601 552 1649 18
566 1596 595 1648 et
610 1600 651 1658 21,
670 1593 717 1646 ubi
729 1592 792 1646 vide
805 1591 991 1646 Scheeferum.
1018 1592 1183 1660 [Praestare
1202 1593 1277 1663 apud
1296 1595 1365 1648 anti-

227 1690 336 1757 quiores
356 1691 464 1754 saltem,
482 1687 628 1741 discidium
646 1686 774 1739 binarum
794 1701 894 1739 vocum
912 1684 994 1738 docet
1011 1685 1171 1738 Thesaurus
1193 1687 1210 1739 I.
1229 1703 1270 1754 gr.
1290 1688 1309 1741 t.
1330 1687 1367 1738 VI

226 1801 253 1851 p.
274 1789 323 1838 318
342 1800 381 1850 sq.
419 1782 458 1836 CI.
484 1781 675 1846 ἐπαλλήλου(,
700 1780 909 1846 καταλλήλου(,
933 1778 962 1830 et
984 1776 1056 1830 adde
1077 1777 1209 1832 Lobcckii
1227 1778 1368 1847 Paralipo·

229 1893 312 1929 mena
330 1894 356 1944 p.
376 1873 445 1943 ut]

294 1969 335 2036 **)
354 1967 422 2021 Cum
439 1966 640 2036 propemodum
659 1967 789 2018 constans
808 1963 844 2016 sit
861 1962 958 2017 inhoe
978 1979 1080 2032 genere
1098 1963 1266 2032 optimorum
1284 1963 1366 2019 libro·

226 2079 289 2114 rum
309 2061 509 2126 inconstantia,
532 2061 628 2113 tamen
646 2057 721 2127 apud
744 2055 906 2125 Dionysium
924 2058 953 2110 et
970 2056 1058 2109 multo
1082 2055 1192 2125 saepius
1210 2059 1278 2111 duo·
1301 2056 1367 2126 legi-

227 2156 273 2206 tur
290 2153 365 2207 nullo
383 2153 509 2208 codicum
527 2151 665 2217 dissensu,
687 2167 738 2204 nec
760 2148 874 2218 probari
897 2148 972 2203 omni
995 2165 1028 2202 ex
1050 2150 1131 2218 parte
1151 2148 1312 2204 Schneideri
1330 2150 1367 2203 ad

227 2243 352 2315 Xenoph.
378 2245 492 2299 Memor.
516 2243 566 2308 IV,
589 2249 618 2310 4,
643 2249 673 2298 18
697 2243 877 2310 praeceptum
904 2244 1007 2310 potest.
1047 2241 1141 2310 Ipsum
1163 2245 1269 2306 autern,
1294 2243 1368 2310 quod

227 2338 303 2407 apud
324 2338 538 2407 Xenophontem
555 2337 601 2390 ille
619 2336 747 2400 damnat,
770 2334 890 2388 activum
913 2335 1082 2399 ἐπιδείκνυμι
1103 2334 1176 2388 infra
1193 2334 1280 2388 habes
1297 2353 1324 2403 p.
1344 2341 1368 2400 6,

227 2436 260 2484 22
273 2432 302 2484 et
315 2437 354 2496 10,
371 2437 408 2496 18,
427 2447 481 2498 quo
493 2430 554 2484 loco
568 2445 634 2483 sane
653 2433 811 2482 dedocendo
830 2439 869 2481 est
885 2447 975 2480 sermo.
1001 2423 1088 2490 Quem
1101 2425 1137 2480 ad
1149 2427 1261 2480 modrnn
1273 2428 1368 2481 autern

227 2523 382 2592 posteriore
400 2524 460 2578 loco
479 2522 660 2587 ἀποδείκνυμι
678 2520 796 2590 praebet
809 2523 841 2584 B,
858 2518 899 2572 ita
916 2517 944 2571 in
963 2518 1061 2573 eodem
1077 2520 1207 2574 ἐπιδεῖξαι
1221 2521 1264 2573 est
1275 2519 1322 2583 ΙΙΙ,
1336 2526 1365 2572 11

227 2634 279 2684 pro
298 2634 331 2670 eo
349 2616 424 2683 quod
442 2621 466 2669 A
486 2617 514 2670 et
526 2615 587 2670 edd.
610 2615 708 2668 tenent
725 2616 741 2667 ὁ
760 2614 883 2667 πολλοὺ(
902 2613 1024 2679 πατέρα(
1043 2613 1186 2666 ἀποδεῖξαι
1204 2612 1366 2677 δυνάμενα(

229 2707 284 2762 Sed
306 2708 416 2763 medic
438 2708 529 2762 tonna
551 2707 605 2761 etsi
627 2708 702 2760 recte
730 2704 912 2759 Schneiderus
941 2705 1142 2759 ἐπιδείκνυεθαι
1170 2702 1313 2758 contendit
1336 2710 1367 2756 dc

225 2805 304 2867 sartis
322 2801 376 2854 diei
393 2801 437 2856 val
454 2801 494 2854 ibi
511 2799 613 2870 potius,
631 2798 679 2852 ubi
696 2803 795 2852 virtutis
813 2807 851 2852 oe!
862 2817 955 2850 morum
967 2802 1071 2866 aliquod
1087 2803 1214 2864 spectaco
1232 2805 1270 2850 vet
1288 2803 1368 2850 docu-

226 2905 332 2948 mentum
350 2901 454 2958 edatur,
479 2892 691 2947 acaeuvucem
713 2907 778 2945 vero
802 2898 834 2944 de
858 2895 994 2958 prodenda
1011 2898 1050 2943 vel
1067 2896 1224 2944 declaranda
1241 2897 1368 2944 sententia

229 2987 271 3053 (nt
286 2985 364 3051 VIII,
387 2993 419 3040 14
440 2985 484 3039 bis
503 3001 565 3038 cnm
582 2986 700 3052 γνώμην
722 2983 857 3048 iunctum,
879 2982 1002 3049 itemque
1025 2982 1075 3047 XI,
1098 2990 1126 3037 15
1149 2985 1178 3037 et
1195 2981 1231 3048 V,
1251 2989 1297 3048 57,
1321 2982 1368 3037 ubi

227 3079 323 3132 tamen
342 3084 365 3132 Α
389 3080 555 3144 ἁποδεῖξαιλι
585 3079 680 3131 tamen
704 3093 765 3130 cum
787 3079 849 3130 hoc
870 3093 905 3130 ne
927 3092 1010 3144 posse
1033 3075 1145 3142 quidem
1167 3077 1368 3130 ἐπιδείκνυ(θαι

229 3169 283 3224 dici
300 3171 429 3225 videatur
447 3172 490 3237 (cf.
511 3171 529 3235 Ι,
548 3175 563 3222 6
581 3187 608 3239 p.
628 3175 651 3232 8,
670 3173 726 3238 25),
750 3168 837 3221 illud
858 3185 914 3222 non
933 3170 977 3222 est
993 3167 1034 3221 ita
1052 3185 1159 3234 verum,
1181 3171 1285 3223 utnon
1303 3169 1368 3222 licu-

229 3262 282 3317 erit
300 3261 386 3318 etism
404 3264 616 3317 ἀποδείκνυεθαι
634 3278 745 3330 ponere.
783 3261 929 3316 Libronnn
948 3277 1082 3314 consensu
1106 3263 1233 3328 λαμπρὰ(
1256 3263 1368 3328 πράξειε

228 3357 411 3411 ἐπιδείξαεθαι
428 3355 516 3410 habes
535 3373 601 3410 sane
624 3373 650 3423 p.
671 3361 695 3420 5,
716 3360 758 3419 12,
782 3356 914 3421 λαμπρὸν
936 3356 1019 3420 ἔργον
1042 3354 1256 3418 ἐπιδεδειγμένοι
1274 3354 1308 3418 ΙΙ,
1327 3361 1368 3419 30,

228 3447 456 3504 dissentientibus
475 3447 540 3502 solis
560 3452 630 3500 AVa
649 3447 759 3514 πράξει(
782 3446 960 3501 ἐπεδείξαντο
978 3463 1005 3515 ρ.
1025 3450 1049 3510 6,
1068 3451 1112 3510 24,
1135 3445 1209 3512 quod
1227 3461 1311 3514 aegre
1328 3445 1367 3498 in·

228 3541 347 3610 tellegas
371 3559 418 3596 cur
440 3541 492 3595 hoc
519 3539 695 3610 potissimum
722 3540 783 3593 loco
810 3538 952 3608 Stephano
976 3540 1006 3592 et
1026 3537 1159 3592 Hudsono
1186 3537 1366 3606 displicuerit,

229 3633 410 3688 dissentiente
429 3637 454 3688 B
471 3634 646 3689 ἐπεδείξα(θε
668 3633 774 3699 ἀρετήν
795 3631 846 3696 VI,
868 3638 908 3686 85.
950 3629 1054 3685 Contra
1081 3629 1158 3684 nulla
1180 3630 1367 3700 discrepantia

230 3725 383 3794 scripturae
401 3728 594 3782 ἀποδείξαεθαι
612 3726 704 3780 exstat
715 3743 742 3794 p.
757 3730 808 3790 2,6
828 3726 999 3792 (περιουείαν
1015 3729 1066 3790 τή(
1084 3727 1148 3790 περί
1167 3725 1269 3788 λόγου(
1287 3725 1374 3777 tort

230 3819 331 3884 μεωε),
349 3817 399 3883 VI,
418 3824 451 3874 43
474 3821 542 3873 extr.
564 3819 715 3884 (εὔνοιαν),
733 3817 798 3882 VII,
816 3824 849 3872 45
873 3818 1010 3884 (dperdr),
1028 3815 1106 3880 VIII,
1125 3823 1158 3871 54
1177 3816 1366 3884 (εὐεργεάαε),

229 3909 305 3978 VIII,
324 3916 356 3965 67
380 3913 452 3966 med.
472 3915 551 3981 (ἔργα
568 3913 710 3977 γενναῖα),
733 3909 784 3976 XI,
806 3916 835 3963 19
853 3911 978 3978 ((οφίαν,
1001 3908 1049 3962 ubi
1072 3907 1172 3963 mirere
1191 3907 1368 3977 Sylburgium

229 4005 455 4070 ἐπιδεικνύμενα(
473 4004 637 4071 requirere),
655 4003 707 4068 XI,
726 4009 759 4058 59
777 4003 901 4072 (πράξεκ
918 4007 999 4069 τιμή(
1017 4003 1120 4068 ἀξία();
1149 4001 1256 4070 perlevi
1273 4003 1367 4055 autem

230 4096 281 4161 III,
302 4105 314 4150 1
334 4099 363 4151 et
380 4097 427 4162 III,
446 4103 490 4162 61,
509 4096 556 4151 ubi
575 4097 649 4164 qnod
666 4096 695 4150 in
714 4095 779 4150 solis
798 4095 859 4151 edd.
880 4095 1011 4165 vulgatur
1029 4097 1135 4161 μεγάλα
1153 4097 1221 4162 ἔργα
1237 4095 1367 4149 ἐπιδειξά-

231 4205 313 4252 μενο(
331 4191 360 4243 et
377 4192 487 4255 τόλμαν
503 4191 738 4255 ἐπιδεικνύμενοε,
757 4206 791 4244 ex
807 4193 860 4243 AB
873 4188 1078 4257 corrigendum:
1097 4190 1245 4257 praeterea
1263 4187 1365 4240 codicis

231 4283 255 4332 Α
274 4281 440 4336 auctoritate
467 4283 619 4347 firmatum,
647 4299 816 4349 quamquam
840 4282 1015 4350 discrepante
1033 4284 1066 4346 B,
1086 4281 1280 4335 ἀποδείξαεθαι
1302 4297 1363 4348 γεν·

232 4374 314 4426 ναῑόν
330 4391 356 4426 τι
374 4374 421 4439 ΙΙΙ,
441 4381 464 4438 δ,
482 4376 588 4442 ἀρετήν
606 4373 652 4440 VI,
670 4381 703 4429 43
723 4374 795 4428 med.
