3184 5100
575 424 735 473 sensura
759 425 932 471 οιιινιολο.
1267 408 1325 472 731

187 578 366 644 concedant
389 579 430 642 ab
453 579 640 643 Hermanno
662 578 832 662 probatam
852 601 884 662 p.
901 577 974 662 258,
1000 581 1214 642 commentum
1236 577 1329 641 semi-

185 690 358 754 barbarum
385 689 420 753 in
442 689 605 776 Fulgenlii
627 689 731 752 verbis
759 689 980 774 agnoscentis,
1011 689 1093 773 quod
1122 689 1265 753 effictum
1287 687 1330 752 sit

186 825 203 866 e
226 822 318 866 versu
338 801 403 865 300
424 799 513 865 Sonti
535 799 700 864 Herculis:
724 801 909 880 βριθόμενοτ
924 803 1108 884 εταφυλῇει,
1131 799 1329 879 μελάνθηεάν

185 934 222 989 γε
249 914 307 992 μὲν
336 911 415 976 αἵδε.
467 910 520 974 Ab
553 911 622 994 ipso
655 909 796 974 Hesiodo
831 909 977 995 Vngerus
1010 931 1133 994 quoque
1166 907 1330 993 Fulgentii

186 1021 372 1086 memoriam
394 1021 593 1106 segregavit,
627 1021 661 1084 in
693 1019 836 1084 codicmn
859 1019 1025 1104 seripturis
1052 1023 1199 1084 Hesiodus
1226 1025 1257 1082 in
1278 1025 1329 1083 bo-

185 1138 282 1197 colico
308 1137 444 1196 carmine
472 1132 522 1195 vel
550 1137 590 1196 H.
619 1139 651 1196 ia
679 1137 813 1197 bucolico
840 1136 963 1195 ludicro
990 1130 1090 1193 latere
1119 1133 1277 1210 Euphorio
1299 1135 1330 1192 ιἰι

187 1247 318 1306 Hesiodo
340 1241 418 1306 satis
441 1240 604 1306 audaciter
627 1241 788 1306 coniciens
816 1263 847 1324 p.
872 1239 957 1326 lib]

270 1351 344 1416 Non
366 1351 487 1436 dispari
508 1352 544 1416 in
558 1372 676 1438 genere
699 1372 817 1436 graeca
838 1351 973 1416 restituo
995 1349 1218 1435 Agathoni,
1243 1348 1330 1414 cuius

186 1463 266 1527 liaeo
286 1462 449 1528 sententia
464 1462 596 1527 affertur
611 1463 652 1526 ab
668 1461 812 1526 Antonio
828 1461 976 1526 Melissae
991 1459 1066 1524 libri
1081 1460 1114 1524 ll
1129 1475 1222 1523 serm.
1242 1459 1257 1521 1
1282 1461 1331 1520 ‘ric

188 1595 261 1652 repe
281 1579 379 1656 bono',
408 1595 439 1656 p.
460 1572 523 1636 903
543 1571 604 1637 vol.
623 1570 654 1635 V
674 1571 791 1636 Sacrae
812 1569 965 1635 Bibliotb.
989 1570 1179 1636 Sanctorum
1199 1567 1331 1632 Petrum

187 1683 236 1748 ed.
260 1682 362 1747 Paris,
386 1705 415 1747 a.
443 1682 538 1747 1589:
564 1687 670 1748 Nullus
689 1689 833 1763 princeps
854 1688 974 1760 louqius
995 1688 1026 1746 in
1048 1689 1122 1746 vitio
1142 1683 1328 1760 provehitur,

189 1802 250 1859 nisi
280 1800 481 1874 cupiditatum
514 1800 666 1858 ministros
697 1798 817 1858 habeor.
872 1791 960 1868 Quae
993 1814 1054 1876 quo
1087 1791 1181 1856 modo
1215 1809 1330 1874 graece

186 1905 306 1990 scripta
328 1906 466 1986 exstent,
490 1905 608 1968 nescio
653 1903 765 1988 Itaque
795 1907 867 1968 c'um
894 1925 1045 1988 graecum
1067 1903 1204 1967 Antonii
1227 1922 1330 1966 exem-

186 2015 274 2098 plum
296 2014 389 2079 Halia
405 2015 591 2098 'reperiatur
612 2014 750 2098 nullum,
781 2014 913 2099 ingenio
940 2013 1001 2078 hoc
1023 2013 1251 2078 detrimentum
1279 2033 1330 2076 co-

186 2127 368 2190 natussum
390 2125 612 2208 qualicumque
634 2124 758 2189 ratione
783 2145 989 2208 compensare
1011 2124 1046 2189 in
1069 2125 1153 2189 hanc
1175 2123 1329 2209 speciem:

339 2277 445 2344 οὐδεὶε
466 2278 626 2357 τύραννοι
649 2265 907 2358 ἀμπλακημάτων
930 2280 1040 2358 πρόεω

341 2388 484 2468 βέβηκεν,
507 2387 617 2469 ὀργῶν
639 2391 679 2469 μὴ
703 2389 762 2454 οὐκ
784 2388 870 2468 ἔχων
893 2389 1062 2469 ὑπηρέτας.

187 2539 236 2602 vel
258 2539 322 2604 sic:

338 2694 443 2759 οὐδεὶε
466 2698 621 2774 προῆκται
643 2694 837 2780 (προβαίνει)
861 2698 927 2760 τῶν
950 2694 1150 2775 ἁμαρτωλῶν
1173 2694 1285 2775 opticus

324 2805 494 2884 ,τύραννοι
516 2842 567 2868 -.

153 2955 307 3021 ‘Omitto
341 2956 421 3020 alias
454 2957 574 3020 formas
608 2957 747 3021 eiusdem
781 2957 975 3022 sententiae:
1016 2957 1127 3040 quodsi
1160 2956 1240 3021 nihil
1275 2957 1327 3040 sit,

167 3065 296 3140 ‚lusisse
319 3068 476 3149 putemur.
521 3065 678 3153 [Lusimus
707 3089 784 3132 sane
812 3067 998 3151 insiguiter,
1029 3070 1061 3130 et
1089 3067 1165 3131 lusit
1194 3089 1252 3132 nos
1276 3066 1328 3130 Bi·
1433 3067 1437 3080 '

186 3174 346 3240 bliotheea
363 3175 461 3241 Sacra
484 3176 643 3242 Parisino.
674 3177 713 3242 ln
735 3176 872 3241 Antonii
895 3177 981 3242 enim
1004 3177 1152 3242 monachi
1172 3177 1327 3241 ‘Melissa’

185 3305 300 3368 graece
328 3285 414 3348 edita
437 3309 456 3352 a
479 3287 624 3353 conrado
653 3287 794 3355 Gesnero
822 3287 935 3373 Tiguri
963 3311 992 3351 a.
1020 3285 1139 3370 1546*)
1168 3287 1248 3352 haec
1276 3309 1328 3352 ex-

253 3607 278 3675 *)
299 3605 429 3675 [indicam
447 3608 527 3674 libri,
551 3608 598 3676 qui
620 3609 673 3664 hoc
691 3611 734 3664 est
750 3609 842 3665 initio:
875 3611 918 3664 Ἐν
935 3615 970 3678 τη
991 3611 1115 3677 παρούαῃ
1135 3609 1220 3676 βίβλῳ
1239 3611 1328 3664 ἔνεετι

185 3701 263 3755 τάδε·
290 3703 604 3769 Ἀπομνημονευμάτων
632 3704 663 3757 ἐκ
691 3705 836 3770 διαφόρων
863 3707 924 3756 τῶν
948 3719 980 3756 τε
1004 3705 1070 3756 καθ’
1098 3703 1170 3768 ἡμᾶε
1195 3704 1240 3756 καὶ
1267 3705 1328 3756 τιθν

185 3795 307 3862 θύραθεν
332 3795 447 3860 βιβλίων
469 3797 551 3861 τόμοι
573 3802 661 3863 τρεῖς,
691 3795 772 3865 plene
798 3795 984 3865 perscriptum
1007 3795 1094 3849 habes
1116 3794 1145 3848 in
1167 3793 1328 3850 Hoffnrarmi

185 3884 285 3942 Loxioo
304 3886 528 3957 bibliographico
546 3891 567 3942 t.
587 3888 624 3941 ΙΙΙ
642 3907 669 3958 p.
689 3894 746 3942 711.
782 3887 826 3942 Ibi
846 3889 1030 3958 posteaquam
1054 3889 1192 3943 Gesnorus
1214 3887 1352 3942 Antonii·
1464 3905 1468 3912 ·

186 3981 269 4046 atque
282 3979 396 4035 Maximi
415 3981 538 4050 syllogas
557 3980 703 4036 sanissimo
716 3982 831 4036 consilio
848 3981 922 4036 inter
940 3998 969 4036 so
982 3981 1116 4036 discretas
1134 3979 1229 4048 edidit,
1248 3997 1328 4051 prac-

185 4075 299 4140 postero
322 4089 370 4128 ess
387 4072 488 4128 iudicio
511 4073 540 4127 in
559 4091 643 4127 nnmn
666 4091 765 4144 corpus
788 4077 951 4144 (praeeunte
970 4077 1001 4128 ut
1022 4092 1084 4128 sero
1107 4073 1186 4129 video
1205 4073 1327 4130 editione

185 4163 367 4220 Wecheliana
384 4165 451 4220 anni
469 4169 543 4234 1581)
563 4167 722 4221 conflandae
740 4167 850 4236 putavit
862 4169 1051 4235 conflatasquo
1064 4167 1185 4222 Stobaeo
1204 4167 1327 4222 eiusdem

186 4257 215 4310 et
232 4256 285 4310 loci
303 4257 332 4311 ot
349 4258 414 4312 unni
433 4276 482 4313 suo
500 4259 589 4313 iunxit
600 4259 763 4314 l‘ranciscus
775 4259 867 4315 Faber
885 4260 1042 4330 bibliopola·
1055 4259 1256 4328 Lugdunensis,
1275 4259 1327 4314 hoc

186 4348 298 4418 quidem
315 4349 406 4405 indice
423 4351 584 4421 inscriptas:
604 4354 681 4408 ‘Loci
699 4371 858 4408 communes
877 4353 1077 4409 sententiarum
1095 4371 1128 4408 er
1146 4371 1167 4408 s.
1182 4353 1326 4422 scriptura,

185 4442 326 4499 veteribus
344 4443 483 4514 theologis
502 4447 532 4500 et
549 4446 717 4506 secularibus
736 4447 918 4519 scriptoribus
937 4447 1044 4505 collecti
1062 4465 1113 4518 per
1130 4447 1281 4504 Antonium
1298 4449 1326 4504 et
