3270 5094
298 401 328 450 o.
346 403 490 451 iuusrcu
505 403 777 451 nasammonas
801 403 836 449 iu
852 401 1025 450 assensui
1041 402 1291 449 osonum-rava.
1322 384 1385 450 379

246 556 400 636 τηλέοροε
422 586 465 612 =
486 560 653 635 mlobpoc.
702 555 879 640 Vtrumque
907 553 999 618 huius
1024 555 1110 618 vocis
1138 557 1323 638 accentum,
1353 557 1385 620 et

247 686 380 749 pravum
402 668 434 729 et
456 688 576 749 verum,
600 666 691 730 novit
712 665 901 750 Hesychius.

330 774 371 840 V.
405 776 448 840 49
482 775 617 841 Stanleii
650 776 777 861 quidem
809 778 931 856 ἐπαχθῆ
969 775 1083 839 mirere
1119 776 1246 858 placere
1282 775 1384 840 doctis

246 884 427 950 hominibus
449 887 600 970 potuisse.
647 886 823 951 Offensioni
851 890 900 952 est
926 887 1073 972 ignotum
1094 884 1227 970 tragicis
1249 886 1385 950 vocabu-

246 995 327 1078 lum,
362 997 475 1080 quibus
497 997 650 1062 notatum
672 996 828 1078 ἀχθεινόε.
875 996 936 1062 Sed
958 997 1087 1081 gravius
1109 995 1180 1078 hoc,
1210 995 1293 1080 quod
1315 996 1384 1059 irri-

247 1105 341 1170 dendi
364 1107 426 1171 ista
449 1107 607 1171 acerbitas
629 1129 690 1172 nec
718 1107 805 1171 cadit
826 1107 860 1171 in
882 1107 1019 1171 Roboris
1041 1105 1180 1171 ferreum
1202 1109 1328 1190 pectus,
1353 1109 1385 1169 et

247 1237 322 1280 vero
350 1217 456 1280 aliena
484 1220 533 1281 est
560 1218 601 1280 ab
628 1239 712 1281 nexu
740 1239 931 1282 sermonum.
976 1217 1127 1282 irridenti
1157 1215 1243 1280 enim
1264 1215 1385 1280 Robori

246 1348 313 1390 non
335 1330 385 1391 est
407 1349 463 1391 cur
484 1350 550 1392 non
571 1329 711 1411 potuerit
732 1329 924 1412 respondere
946 1327 1125 1391 Vulcanus:
1155 1329 1189 1391 at
1211 1329 1307 1392 οὐδὲν
1331 1327 1384 1393 ἀν-

245 1441 364 1504 τειπεῖν
397 1439 471 1518 ἔχει.
514 1437 701 1502 Extremum
729 1437 856 1521 aliquod
885 1440 1109 1522 argumentum
1132 1440 1201 1501 erat
1223 1437 1385 1522 proferen-

246 1545 331 1628 dum,
355 1548 438 1631 quod
461 1548 639 1633 expugnari
662 1570 727 1612 non
750 1547 871 1612 liceret.
916 1547 995 1611 Tale
1018 1551 1124 1611 autem
1146 1548 1206 1612 hoc
1230 1550 1293 1612 est:

420 1708 541 1774 ἅπαντ’
564 1709 749 1789 ἐκράνθη,
771 1712 856 1788 πλὴν
879 1713 976 1774 θεοῑει
1000 1713 1170 1787 κοιρανεῖν.
1180 1708 1211 1793 *)

246 1871 383 1948 κραίνειν
416 1870 456 1933 de
488 1871 549 1933 feti
577 1871 784 1952 necessitate,
819 1869 857 1932 de
888 1869 973 1933 Iovis
1006 1870 1141 1933 decretis
1168 1868 1267 1933 habes
1301 1870 1384 1952 apud
1403 1878 1462 1927 xxo

246 1978 432 2062 Euripidem
454 1979 573 2043 Electr.
602 1980 692 2043 1248.
723 1979 885 2064 Frequens
908 1983 1014 2044 autem
1035 1979 1195 2043 veteribus
1216 1979 1383 2062 monitum,

153 2143 163 2160 ,
248 2087 334 2152 ouius
358 2090 422 2154 vim
444 2090 566 2153 nullum
588 2092 754 2173 superaret
781 2094 1021 2174 argumentum,
1056 2093 1196 2170 ετὲργειν
1224 2091 1264 2154 τὰ
1292 2110 1385 2168 κραν-

247 2200 356 2276 θέντα,
378 2201 415 2262 ut
437 2202 486 2264 est
507 2199 583 2264 Eur.
608 2201 713 2264 Orest.
740 2199 830 2263 1021.
876 2199 938 2264 Sed
966 2223 1006 2264 ne
1034 2200 1104 2284 quis
1133 2222 1171 2264 ex
1194 2199 1385 2264 scholiastae

246 2308 413 2373 notatione
435 2311 541 2375 πάντα
563 2311 598 2375 ἐκ
619 2315 742 2390 μοιρῶν
764 2311 925 2375 δέδοται
947 2310 1125 2393 perfectum
1151 2313 1277 2392 tempus
1300 2309 1385 2374 coni·

247 2418 312 2482 ciat
338 2419 437 2483 fuisse
459 2419 613 2503 positum,
644 2419 842 2484 consimilem
870 2419 1121 2503 discrepantiam
1150 2419 1386 2484 animadvertat

246 2549 276 2591 ν.
299 2529 377 2592 653:
405 2528 587 2618 τέθαλπται]
617 2531 776 2609 ἐξεκαύθη.
822 2529 970 2593 Aoristus
998 2532 1105 2593 autem
1135 2533 1183 2593 est
1210 2529 1383 2612 narrantis,

246 2645 283 2700 ut
308 2642 381 2722 post
408 2639 583 2704 debellatos
605 2639 740 2704 Titanas
769 2663 788 2704 a
819 2640 894 2704 love
928 2642 1043 2704 cuncta
1071 2638 1138 2703 sint
1164 2638 1318 2722 disposita
1348 2661 1385 2704 ac

248 2749 433 2813 constituta.

331 2857 371 2923 V.
395 2859 436 2923 66
459 2859 524 2924 αἰαῖ
546 2860 715 2944 coniunge.
790 2941 791 2944 Ἴ

332 2965 372 3031 V.
405 2969 465 3034 155
502 2969 681 3034 rationibus
714 2970 748 3034 in
776 2991 910 3033 censura
945 2970 1093 3034 editionis
1126 2969 1385 3034 Wellauerianae

249 3074 396 3162 [Ephem.
419 3077 483 3143 litt.
506 3079 633 3144 lenens.
659 3103 688 3144 a.
708 3080 789 3144 18‘24
811 3102 853 3142 m.
870 3079 963 3144 Febr.
987 3103 1019 3164 p.
1036 3079 1112 3166 229]
1136 3079 1287 3163 expositis
1311 3101 1384 3144 con-

248 3191 402 3252 sentanea
423 3192 473 3254 est
492 3189 572 3254 baec
595 3189 790 3254 emendatio:
825 3193 875 3255 ὼ(
898 3193 942 3270 μή
964 3212 1021 3256 τι(
1044 3193 1133 3257 θεὸ(
1155 3193 1278 3256 roicb'
1301 3192 1385 3256 ἐπε-

247 3299 364 3377 γήθει.

331 3407 372 3472 V.
398 3409 458 3473 188
487 3409 631 3474 conicere
654 3409 730 3474 licet
752 3410 797 3474 sio
820 3411 974 3494 scriptum
997 3411 1173 3495 antiquitus
1195 3411 1307 3474 fuisse:

491 3548 530 3611 rb
553 3547 676 3612 δίκαιον
699 3547 785 3626 ἔχων
808 3547 899 3611 Ζεύε.
944 3547 1019 3611 ἀλλ’
1041 3547 1141 3625 ἔμπας

493 3655 552 3720 οἴω
575 3657 692 3721 πάλιν
715 3656 761 3720 αὖ
783 3658 1047 3735 μαλακογνώμων
1070 3684 1126 3718 -;

229 3796 330 3879 quod
352 3819 418 3861 non
439 3797 573 3862 nimium
596 3798 715 3863 recedit
737 3800 779 3863 ab
800 3799 914 3863 vicinis
936 3800 1077 3884 syllabis.

316 3997 448 4006 *ua-—

314 4095 340 4160 *l
357 4093 483 4148 Eandem
508 4094 538 4147 in
564 4094 732 4148 sententiam
748 4093 780 4148 B.
799 4097 830 4148 Α.
850 4095 1075 4165 Toepelmannus
1102 4094 1187 4148 vertit
1216 4093 1320 4148 Corum.
1350 4094 1384 4154 de

249 4183 376 4256 Aeschyli
394 4186 560 4240 Prometheo
580 4185 699 4255 [Lipsiae
718 4205 742 4241 a.
763 4189 839 4256 1829]
858 4205 884 4258 p.
904 4193 949 4242 θῦε

461 4304 609 4370 Bestimmt
625 4305 664 4358 ist
679 4307 755 4360 Alles
773 4309 905 4360 aussor'm
924 4306 1168 4374 thterregiment.

247 4417 449 4482 vertitatem
467 4423 569 4492 ἐτάχθη
590 4424 632 4492 [ac
650 4423 773 4480 debebat
790 4425 891 4484 saltem
908 4431 982 4482 ward
997 4443 1048 4497 pro
1068 4427 1119 4503 isal,
