3190 5104
294 357 358 422 834
629 359 839 424 uaenralun
862 375 906 422 ze
928 375 1098 424 1—xxx11.

293 526 417 592 andern
439 549 504 605 nur
524 527 585 592 746
607 527 718 593 Verse.
746 567 789 578 -
825 529 875 594 Ob
903 527 972 593 sich
1000 550 1056 592 aus
1087 527 1197 592 diesen
1218 527 1368 593 Notizen
1392 528 1456 592 mit

294 637 419 722 einiger
440 635 790 704 Wahrseheiulichlreit
812 639 1029 703 bestimmtere
1052 637 1219 703 Resultate
1241 639 1364 704 ziehen
1389 639 1454 702 las-

294 770 368 830 seu,
391 752 508 833 mitgen
530 748 713 834 diejenigen
736 748 891 834 zusehen,
915 747 966 814 die
989 772 1022 814 es
1044 749 1147 815 nither
1169 749 1307 836 angeht3
1346 771 1454 834 nega-

293 858 358 922 tive
380 857 576 944 wenigstens
598 859 706 946 liegen
727 859 781 924 fiir
802 858 859 924 das
882 859 978 925 dritte
1002 859 1093 926 Buch
1115 861 1173 925 auf
1192 861 1249 925 der
1270 859 1391 925 Hand.

603 1101 656 1174 Zu
681 1099 746 1176 Nr.
774 1101 825 1175 IX
850 1127 886 1198 p.
915 1089 1123 1177 283'Anm.

376 1249 613 1316 Rossbach's
640 1251 752 1316 frtlher
778 1273 842 1316 von
868 1251 930 1314 mir
957 1251 1123 1315 vermisste
1151 1251 1384 1337 Abhandlung
1407 1253 1452 1315 iat

292 1347 352 1426 mir
373 1361 506 1426 seitdem
529 1361 576 1425 als
598 1360 649 1424 ‘de
672 1364 774 1425 metro
799 1361 985 1445 prosodiaeo
1009 1362 1237 1426 commentatio
1258 1363 1285 1426 l’
1310 1362 1447 1426 betitel-

291 1477 339 1536 tes
358 1472 539 1536 Predmium
555 1472 610 1536 des
626 1471 795 1536 Breslauer
808 1471 1125 1557 lectionskataloges
1139 1473 1193 1536 fiir
1207 1473 1264 1536 das
1280 1472 1447 1537 Summer-

291 1586 443 1647 semester
468 1584 546 1648 1857
569 1583 714 1646 bekannt
736 1581 917 1666 geworden.
963 1582 1014 1647 Ob
1036 1583 1107 1647 eine
1130 1584 1378 1648 ‘commentatio
1402 1582 1446 1646 lI’

291 1693 479 1757 ersehieneu
503 1693 559 1775 ist,
587 1696 676 1756 kann
698 1691 751 1756 ich
773 1691 855 1756 auch
877 1690 973 1756 heute
995 1692 1080 1756 noch
1102 1693 1194 1758 nicht
1216 1716 1328 1779 aagen.

646 1951 699 2024 nu
724 1949 789 2024 ur.
817 1951 909 2068 xxi]
928 1976 963 2046 p.
992 1953 1079 2024 aee.

376 2100 457 2164 Hier
478 2101 520 2164 ist
541 2100 576 2164 in
599 2099 654 2163 der
671 2099 884 2184 Anmerkung
906 2100 992 2164 uach
1014 2100 1076 2164 ‹len
1096 2099 1228 2164 Werten
1251 2101 1348 2184 ‘qnod
1373 2099 1441 2184 qui-

292 2211 363 2274 dem
386 2210 523 2294 primum
545 2210 638 2273 fuite
655 2209 879 2274 Bonnensibus
901 2211 1003 2274 tribus
1020 2213 1052 2273 et
1067 2210 1315 2294 quinquaginta’
1335 2209 1439 2274 durch

291 2321 344 2386 eiu
367 2320 532 2386 Verseheu
554 2319 722 2405 folgender
743 2319 860 2384 Zusatz
883 2319 1099 2405 ausgefallen:

374 2432 447 2496 Nisi
466 2431 549 2515 qued
571 2431 675 2514 ipsum
697 2431 828 2494 tertium
851 2435 884 2494 et
905 2430 1206 2515 quinquagesimum
1234 2453 1300 2496 non
1330 2451 1436 2496 meum

290 2544 368 2625 fuit,
379 2543 434 2607 sed
450 2542 638 2606 Guilelmi
650 2540 918 2624 Brambaehii,
937 2540 1105 2604 continens
1121 2541 1199 2604 illud
1215 2541 1266 2604 ‘de
1279 2541 1436 2606 columnis

289 2654 436 2718 miliariis
459 2652 498 2716 ad
515 2651 665 2715 Rhenum
686 2651 821 2734 repertis
843 2650 1134 2715 commentarium’:
1159 2651 1209 2714 cui
1225 2673 1286 2736 ege
1308 2651 1435 2736 praela·

290 2765 467 2828 tiuneularn
488 2766 613 2826 tanturn
637 2782 708 2824 eam
730 2761 957 2844 praemiseram
979 2783 1074 2844 quem
1096 2761 1182 2825 infra
1203 2763 1305 2846 posui.

357 2873 464 2926 ‘Tertio
488 2873 517 2926 et
539 2870 770 2940 quinquagesimo
798 2870 851 2924 hoc
874 2887 923 2924 ves
945 2870 1089 2940 prooemio
1112 2870 1267 2939 eodemque
1290 2875 1433 2941 postremo

290 2966 448 3035 compellat,
467 2964 510 3018 cui
528 2966 594 3033 post
611 2963 791 3018 suavissimae
810 2963 960 3018 memoriae
978 2963 1148 3034 ‘prolegum’
1167 2964 1359 3019 academicum
1371 2965 1433 3018 Fer-

289 3059 442 3112 dinnndum
464 3056 601 3112 Naelrium
622 3073 674 3126 per
697 3057 817 3124 quinque
841 3059 869 3110 et
891 3057 965 3124 quod
987 3057 1097 3110 excedit
1118 3058 1207 3111 lustra
1229 3059 1431 3126 ‘eloquentiae’

288 3151 317 3205 iu
336 3151 389 3206 hae
406 3151 586 3204 universitate
605 3167 703 3203 munus
721 3150 884 3204 mandatum
906 3149 966 3204 suit.
1004 3149 1056 3214 Qui
1078 3167 1132 3217 quo
1156 3151 1308 3218 gratiorem
1332 3151 1375 3206 sui
1392 3167 1430 3203 re

290 3245 479 3300 cordationem
502 3244 581 3298 vebis
604 3243 785 3310 relinqueret,
812 3242 868 3296 iam
891 3260 946 3297 non
965 3260 998 3296 ex
1018 3243 1073 3297 alio
1093 3243 1218 3310 quolibet
1236 3261 1340 3314 genere
1357 3245 1428 3298 litte·

288 3357 383 3393 rarum
400 3337 547 3408 praefandi
565 3337 711 3391 materiam
728 3336 879 3406 petendam
897 3335 1076 3403 existimavit,
1096 3337 1144 3390 sed
1162 3337 1191 3390 in
1208 3337 1260 3391 tali
1277 3339 1371 3407 potius
1390 3353 1430 3390 ar-

289 3435 422 3501 gumento
440 3431 615 3497 versandum,
634 3430 708 3498 quod
726 3447 787 3484 eum
805 3429 929 3499 ipsarmu
946 3423 1084 3484 terranem
1102 3431 1312 3498 Rhemum-um,
1331 3430 1429 3499 quibua

288 3525 451 3596 propediem
475 3525 528 3579 eibi
550 3541 611 3580 esse
633 3523 846 3578 valedicendum
869 3540 925 3577 non
942 3524 1001 3577 sine
1025 3523 1134 3590 delore,
1158 3524 1208 3578 sed
1231 3525 1314 3593 eulpa
1335 3525 1428 3579 tamen

289 3637 348 3674 sua
365 3620 454 3686 nulla,
481 3617 632 3683 intellexit,
655 3616 760 3672 honore
778 3619 808 3671 et
824 3616 963 3685 dignitate
981 3616 1111 3686 propiore
1129 3617 1222 3684 alique
1240 3617 1350 3673 vinculo
1367 3629 1428 3671 'con-

287 3713 430 3766 tineretur.
468 3712 536 3766 Tale
559 3710 692 3779 quiddam
716 3728 778 3764 cum
800 3710 829 3763 in
851 3711 983 3780 promptu
1005 3727 1067 3764 esse
1089 3709 1198 3764 videret
1223 3727 1278 3764 non
1302 3729 1320 3766 a
1342 3710 1429 3766 semet

287 3808 430 3875 paratum,
450 3806 499 3860 sed
517 3805 590 3859 felici
608 3805 705 3858 labere
723 3803 885 3873 gnavissimi
903 3802 1022 3870 iuvenis,
1041 3802 1153 3870 eiusque
1176 3803 1255 3857 huius
1272 3803 1359 3874 ipsius
1376 3802 1428 3856 die-

288 3899 405 3968 eiplinae
418 3899 573 3953 Bonneneis
585 3899 699 3964 alumni,
717 3897 896 3951 laudabiliter
907 3896 1046 3972 effectum,
1064 3914 1121 3950 nen
1132 3885 1227 3966 inepte
1239 3897 1293 3952 hee
1306 3915 1334 3952 se
1346 3913 1426 3968 pesse

287 3993 380 4062 opella
403 3993 443 4045 uti
465 3992 588 4062 putavit,
611 4008 666 4059 que
685 3993 714 4045 et
732 3990 854 4060 gratiam
876 3991 912 4043 ab
931 3989 1106 4057 antiquitatis
1124 3990 1275 4044 Rhenanae
1298 3987 1426 4045 studiosis

286 4085 370 4140 iniret
389 4089 418 4139 et
435 4085 562 4154 exemplo
580 4102 635 4140 non
653 4084 815 4150 iniucunda,
839 4083 905 4150 quid
928 4085 1002 4137 esset
1024 4085 1178 4152 θρεπτήρια
1200 4084 1302 4139 ‘almae
1320 4085 1425 4139 Rhenu-

286 4188 350 4234 nae'
369 4180 488 4234 honesta
506 4178 683 4233 contentione
701 4177 826 4242 reddere,
846 4175 952 4230 utiliter
970 4179 1035 4230 aute
1053 4177 1148 4231 ocules
1167 4176 1323 4232 collocaret.
1354 4177 1425 4244 Ergo

286 4273 507 4341 aequibonique
526 4273 661 4327 consulite
679 4289 763 4338 quam
781 4271 854 4324 intra
872 4270 994 4340 positam
1012 4269 1229 4344 disputationem
1248 4269 1354 4337 alienis,
1373 4285 1424 4324 nen

285 4367 390 4420 nestris
409 4367 507 4421 studiis
525 4366 656 4420 debetis'
