3184 5100
252 363 314 427 696
590 379 635 424 nn
659 379 811 425 lrncnno
836 380 1060 426 enrsronono

257 505 309 594 11(
330 530 370 594 14
392 530 508 594 omissa
530 531 564 593 in
588 536 662 613 ΒΚ,
693 553 764 595 eum
792 535 890 595 BMM
914 531 1067 596 Hesiodia
1095 555 1128 614 p.
1150 533 1207 614 63,
1230 532 1253 595 4
1274 532 1393 596 omissa

253 641 288 703 in
311 645 348 704 C:
384 644 494 704 tamen
525 641 626 705 altera
655 663 693 704 ex
722 645 813 724 parte
843 663 914 706 cum
937 647 961 706 0
987 645 1075 706 earet
1095 643 1280 726 fragmento
1303 641 1392 706 ades-

253 754 328 833 poto
350 774 382 834 p.
406 751 463 834 63,
487 751 507 814 6
536 751 786 836 Callimaclrique
813 752 976 816 versiculis
1005 775 1036 836 p.
1061 752 1117 834 69,
1141 753 1172 834 6,
1195 752 1330 816 servatis
1356 753 1392 815 in

255 866 357 924 BKM.
402 860 506 936 Quid?
533 862 615 945 quod
638 861 778 926 eiusdem
801 860 1042 952 Callimachip.
1069 863 1145 946 138,
1171 861 1310 926 lverbc
1331 883 1391 926 nec

254 977 279 1034 Α
311 993 370 1035 nee
399 977 484 1037 BCK
509 971 648 1054 habent,
683 972 738 1036 sed
766 995 848 1036 nnus
877 995 893 1035 e
920 994 978 1036 nos
980 973 1103 1036 trisM
1067 970 1262 1036 MV.ides
1295 994 1392 1056 quam

252 1082 332 1146 miro
354 1081 537 1146 discrimine
560 1083 644 1146 bona
666 1082 767 1146 mixta
793 1083 886 1146 malis
913 1082 1031 1166 singuli
1051 1082 1126 1146 libri
1148 1085 1292 1165 teneant,
1316 1103 1392 1167 quo-

252 1213 322 1255 rum
344 1192 412 1256 fere
434 1192 522 1255 nullo
545 1192 614 1255 sine
637 1192 743 1275 aliquo
766 1193 957 1256 detrimento
981 1214 1154 1256 careamus.

337 1301 488 1385 Superest
502 1305 538 1365 nt
552 1303 622 1385 ipsa
644 1301 882 1366 testimonia
904 1306 1109 1386 poetarum
1132 1306 1282 1386 excerpta
1305 1303 1391 1367 infra

252 1434 380 1497 ponem,
403 1434 467 1476 uno
488 1413 614 1476 excluso
631 1411 788 1496 Homero,
811 1413 903 1476 utin
928 1413 1015 1476 cuius
1038 1412 1264 1477 tractationem
1288 1413 1391 1478 bonae

251 1523 354 1608 frugis
376 1523 458 1586 nihil
481 1545 498 1586 e
519 1523 638 1586 talibus
661 1522 827 1586 redundet.
858 1522 942 1587 Nam
965 1524 999 1587 in
1021 1523 1124 1607 poetis
1146 1522 1231 1587 hene
1253 1523 1391 1606 opellam

253 1633 401 1697 contineo
408 1684 415 1716 ‚
438 1654 504 1696 non
520 1632 641 1696 Basilio
658 1635 794 1716 tantum,
819 1632 1200 1717 Chrysostomo‚Gyri110‚
1225 1632 1390 1718 Gregoriis

251 1741 459 1807 Nazianzeno
487 1747 520 1807 et
542 1742 703 1826 Nysseno,
733 1743 810 1807 item
839 1743 936 1808 Sacra
959 1743 1123 1828 Scriptura
1145 1744 1389 1827 praetermisere,

252 1853 307 1916 sed
330 1854 427 1918 etiain
443 1854 628 1936 Aristotele,
652 1853 829 1937 Epicureis
854 1852 987 1936 Gelono,
1011 1853 1219 1937 Hippocrate,
1243 1853 1389 1916 Platone.

337 2073 374 2137 P.
398 2074 457 2157 32,
487 2075 507 2136 9
540 2077 645 2140 καθὼς
677 2077 834 2155 Ὅμηρος·
867 2073 962 2159 ῥύπῳ
997 2075 1036 2138 δέ
1067 2073 1102 2136 ot
1130 2071 1273 2149 αὐαλέος
1305 2069 1391 2156 χρώς

254 2182 418 2267 ἐσκλήκει.
471 2183 534 2248 Vbi
561 2185 697 2250 αἰολέως
719 2185 765 2262 Α,
793 2185 918 2250 αὐλέως
946 2183 1022 2262 ΒΚ,
1050 2184 1167 2249 odito(
1194 2183 1238 2246 M.
1284 2182 1391 2248 Verba

252 2300 327 2357 sunt
349 2293 556 2377 Apollonii
579 2293 697 2358 Rhodii
719 2295 762 2379 Π,
786 2295 864 2358 20οι
893 2294 976 2377 πίνῳ
998 2296 1034 2359 δέ
1057 2295 1088 2360 οἱ
1110 2293 1282 2358 αὐςταλέος
1305 2297 1391 2374 χρὼς

252 2405 406 2488 colna,
434 2405 489 2468 un
517 2405 614 2468 666
643 2404 742 2469 senor.
773 2404 850 2468 nur.
875 2405 930 2468 cr.
953 2404 1016 2469 215
1039 2403 1115 2486 (225
1137 2403 1229 2488 nef.)
1246 2383 1391 2469 'coeloe

251 2513 359 2606 habet.
405 2515 497 2581 πίνος
520 2515 606 2578 vocis
629 2515 713 2597 apud
735 2515 899 2597 utriusque
928 2518 1042 2597 poetae
1066 2513 1271 2578 scholiastam
1293 2514 1390 2577 inter·

251 2625 390 2707 pretetio
413 2629 462 2688 est
485 2626 597 2705 ῥύπος.

335 2734 372 2798 Ρ.
389 2735 484 2816 31,9
506 2725 585 2817 αἷμα
608 2731 673 2817 γὰρ
696 2732 908 2814 ἀνθρώποισι
931 2733 1151 2819 περικάρδιον
1175 2731 1266 2798 66616
1290 2729 1388 2816 ἅμμα.

252 2845 305 2909 Sic
328 2846 373 2927 Α,
396 2844 451 2907 sed
473 2846 555 2910 ἐςτὶν
579 2846 705 2924 ἄναμμα
729 2844 802 2926 ΒΚ,
827 2845 889 2910 teri
911 2846 1014 2923 νόημα
1037 2843 1096 2908 CM
1121 2865 1191 2906 cum
1212 2842 1390 2927 Porphyrio

252 2953 393 3036 Stobeei,
416 2954 606 3038 Philopono‚
631 2955 748 3018 Orione
772 2959 804 3017 et
827 2953 903 3039 (nisi
927 2953 1187 3038 ιμιοι1ἐςτὶοιιι.)
1211 2952 1319 3036 Etym.
1343 2952 1387 3016 M.

253 3067 348 3148 atque
382 3064 539 3128 Gudiano.
595 3063 847 3148 Empedoclis
880 3085 989 3128 versus
1023 3067 1072 3127 est
1103 3064 1164 3128 317
1199 3062 1302 3127 Sturz.
1341 3063 1390 3126 vel

252 3173 373 3256 Karst⁸7
403 3175 466 3239 329
488 3159 607 3239 stein:
642 3175 681 3238 de
709 3197 770 3258 quo
792 3174 863 3239 vide
885 3173 1060 3258 Bergkium
1083 3173 1122 3236 de
1144 3173 1200 3236 rel.
1226 3195 1305 3237 corn.
1330 3175 1388 3236 616.

253 3288 319 3348 ant.
336 3307 367 3368 p.
387 3285 457 3350 161.
496 3285 689 3366 ἀνθρώποιο
711 3306 768 3368 pro
791 3285 975 3364 ἀνθρώποις
998 3283 1095 3347 etiam
1118 3282 1226 3367 Etym.
1251 3281 1295 3346 M.
1321 3282 1389 3365 (sed

253 3417 318 3458 non
342 3395 409 3458 cod.
435 3394 596 3480 Sorbet)
618 3395 762 3479 quamvis
786 3397 967 3477 corruptum
991 3393 1073 3458 Gud.
1098 3396 1237 3457 servant.

336 3505 373 3568 P.
390 3507 447 3588 63,
462 3507 563 3569 4καὶ
569 3506 638 3598 γὰρ
661 3507 805 3571 Ηςίοδος
829 3507 917 3586 φηςὶ·
940 3501 1063 3588 ὡραῖος
1085 3501 1122 3568 di
1144 3513 1300 3585 γυναικα.
1324 3467 1391 3568 dd-

252 3619 355 3700 λαμος
378 3617 425 3690 εἰς
447 3639 540 3698 ωραν
562 3617 625 3698 ἔχε.
656 3615 833 3700 Vtrumque
854 3613 1073 3679 testimoninm
1095 3635 1155 3678 om
1176 3613 1210 3696 Ο,
1235 3613 1390 3698 posterius

252 3727 297 3790 A:
320 3725 499 3790 habenti
464 3729 630 3811 utrumque
653 3724 756 3789 BKM.
780 3731 940 3803 γυναικῶν
962 3725 1001 3788 Α.
1025 3725 1181 3788 —Prius
1205 3724 1391 3804 (ὡραῖοςὸὲ

251 3841 395 3918 γυναῖκα)
425 3836 465 3899 ad
496 3835 663 3900 Hesiodi
691 3836 751 3920 Op.
776 3836 839 3901 696
866 3838 1005 3919 spectat·
1033 3835 1068 3898 in
1096 3835 1142 3898 alt
1128 3839 1196 3898 tero
1218 3833 1314 3898 houd
1325 3833 1391 3898 scio

253 3969 293 4010 an
322 3945 424 4009 exitus
453 3946 604 4010 senarii
635 3947 682 4009 166
668 3949 752 4028 6666,
782 3946 869 4010 ν6166
895 3945 953 4010 tali
984 3944 1143 4027 exemplo:
1179 3945 1320 4023 θάλαμος
1348 3943 1391 4008 εἰς

252 4057 340 4136 ὥραν
361 4059 477 4137 τυχών.

337 4165 373 4230 Ρ.
397 4167 453 4250 69,
478 4167 498 4229 2
526 4170 576 4232 καὶ
605 4161 794 4248 ΗΟμηρος
779 4189 855 4250 eope
884 4163 970 4249 κακὴ
996 4164 1104 4251 γλήνη
1132 4167 1171 4230 τὰ
1200 4165 1295 4230 λευκὰ
1324 4169 1392 4232 τῶν

252 4277 433 4358 ὀφθαλμῶν
467 4279 560 4354 λέγει.
593 4279 611 4342 ὁ
647 4278 852 4358 ἐπιπεφυκὼς
885 4278 921 4340 δὲ
953 4279 1051 4358 χιτὼν
1085 4278 1219 4353 λογάδες
1252 4276 1394 4342 καλεῖται

253 4387 340 4466 παρὰ
354 4394 400 4471 τῷ
423 4393 551 4471 ποιητῇ·
574 4386 682 4464 λοξῶν
704 4389 779 4469 φηςὶ
795 4381 859 4460 πᾶς
874 4385 1028 4467 λογάδας.
1060 4384 1264 4451 Homericum
1286 4405 1393 4450 exem-
