3254 5092
1057 227 1078 256 Ι

261 321 325 384 224
399 325 408 338 ’
443 345 445 351 ’
611 339 767 385 rzsrzan
789 339 1049 387 raouuuouurm

158 529 161 536 ·
262 512 323 572 quo
352 490 434 572 quod
461 491 495 552 in
524 491 627 572 priore
651 492 878 554 commentario
906 491 1043 554 medium
1071 513 1172 574 genus
1199 497 1401 571 διορθοῦεθαι

262 598 434 682 eademqne
450 598 488 661 de
504 583 715 678 re'svopaoov
731 604 764 663 et
778 602 899 680 ὀρθοῦν
921 602 1060 682 positum
1076 605 1139 683 est,
1165 601 1256 664 nihili
1279 601 1399 664 facien-

261 707 352 789 dum,
376 708 410 771 in
433 707 492 771 hoc
515 710 725 792 grammatico
747 731 865 793 genere
889 731 960 772 earn
983 713 1168 773 constanter
1183 710 1247 772 vim
1270 711 1398 792 habere,

262 822 297 880 ut
319 818 357 880 dc
381 818 491 880 critica
520 839 616 900 opera
644 818 680 880 in
702 818 909 882 emendandis
936 819 1027 882 libris
1054 819 1159 901 posita
1186 819 1325 882 dicatur:
1356 819 1397 882 cf.

261 948 341 1009 quae
363 927 402 990 de
424 926 484 990 hoc
500 948 558 989 usu
574 926 705 1010 collegit
720 932 751 991 et
766 927 938 1010 explicavit
954 926 1148 991 Ritschelius
1164 929 1280 993 Coroll.
1298 951 1329 1011 p.
1349 930 1397 992 19.

261 1034 371 1119 Neque
394 1036 432 1098 de
456 1037 519 1099 alia
542 1037 794 1120 significatione,
819 1037 845 1100 si
868 1037 937 1120 quis
960 1037 994 1100 in
1016 1037 1077 1100 hoc
1099 1038 1253 1120 scriptore
1274 1037 1399 1100 dubita-

259 1145 341 1208 tioni
369 1145 456 1208 locus
484 1145 614 1208 relictus
641 1145 698 1228 sit,
734 1146 869 1229 cogitari
902 1167 994 1228 posse
1027 1146 1101 1209 inde
1132 1151 1280 1230 apparet,
1316 1147 1398 1229 quod

260 1254 373 1318 borum
409 1255 691 1340 grammaticorum
725 1277 822 1337 opera
855 1258 887 1318 et
921 1277 992 1318 cum
1026 1256 1233 1319 Aristarchea
1266 1255 1398 1318 Homeri

261 1363 400 1427 editione
416 1367 510 1447 atque
526 1365 659 1428 aliorum
676 1365 813 1428 virorum
836 1364 1117 1447 interpretatione,
1143 1366 1193 1428 cui
1216 1365 1262 1428 illi
1285 1365 1398 1428 funda-

192 1489 243 1536 244
260 1477 403 1536 mentum
425 1474 716 1557 suppeditaveriut,
745 1475 779 1537 in
807 1474 912 1556 priore
938 1475 1099 1556 prooemio
1122 1474 1336 1558 componitur,
1366 1478 1398 1537 et

260 1582 295 1645 in
317 1583 417 1646 altero
441 1605 511 1646 cum
534 1583 694 1646 Pisistrati
717 1584 799 1646 curis
822 1582 1017 1664 Homericis,
1045 1587 1112 1646 tum
1141 1583 1285 1647 barbaris
1307 1582 1397 1646 libris

259 1691 294 1754 in
322 1713 472 1776 graecum
500 1715 678 1756 sermonem
705 1693 871 1756 translatis
904 1692 950 1754 ita
984 1693 1170 1775 opponitur,
1205 1696 1240 1755 ut
1273 1693 1397 1775 utrique

259 1802 389 1885 negotio
404 1802 541 1885 quodam
556 1802 649 1866 modo
672 1801 784 1864 similis
806 1802 905 1865 fuisse
927 1801 1062 1865 dicatur.
1094 1801 1206 1884 ltaque
1222 1824 1294 1865 curn
1308 1801 1397 1864 dubi-

260 1910 323 1972 tari
345 1916 483 1994 nequeat
505 1912 582 1994 quin
605 1912 650 1974 ita
673 1911 734 1974 sibi
756 1933 823 1974 rem
845 1911 974 1974 finxerit
996 1911 1128 1992 Taetza,
1152 1933 1277 1995 regem,
1307 1911 1396 1974 libris

261 2020 437 2103 congestis,
467 2020 569 2083 tribus
592 2020 805 2084 celeberrimis
835 2042 913 2104 quos
943 2042 1050 2083 secum
1078 2020 1211 2083 haberet
1239 2042 1397 2104 gramma·

258 2129 332 2191 ticio
354 2151 468 2192 munus
492 2129 694 2211 imposuisse,
724 2133 760 2192 ut
788 2133 954 2212 poetarum
977 2129 1074 2193 libros
1105 2130 1195 2214 (nam
1217 2129 1256 2192 de
1284 2152 1397 2214 prosae

259 2237 414 2302 orationis
442 2238 650 2322 scriptoribus
673 2260 824 2321 quaerere
847 2261 912 2302 uon
940 2239 1095 2302 intererat
1118 2238 1266 2323 Tzetzae)
1290 2261 1396 2302 recen-

259 2351 383 2430 serent,
417 2347 445 2410 si
478 2347 553 2432 quid
583 2351 765 2430 corruptum
792 2347 952 2411 videretur
985 2348 1192 2412 emendarent
1225 2352 1258 2412 ct
1289 2369 1397 2411 veram

260 2478 367 2520 eorum
389 2457 581 2540 scripturam
596 2457 817 2540 restituerent,
842 2479 956 2541 cosque
976 2457 1023 2520 ita
1044 2459 1129 2520 inter
1143 2479 1177 2520 se
1199 2456 1397 2540 provinciam

259 2567 490 2650 dispertivisse,
525 2569 561 2630 ut
588 2566 755 2650 Lycophro
784 2567 968 2649 comoediis,
999 2566 1183 2630 Alexander
1209 2567 1394 2651 tragoediis

258 2675 437 2741 Zenodotus
453 2677 613 2758 epicorum
630 2681 662 2740 et
681 2676 851 2760 lyricorum
871 2679 1038 2758 poetarum
1058 2677 1252 2742 carminibus
1267 2699 1396 2760 operam

258 2785 470 2868 impenderet:
495 2807 566 2848 cum
588 2786 626 2848 de
642 2785 777 2850 Tzctzae
798 2787 929 2870 inquam
951 2787 1112 2850 sententia
1134 2786 1220 2850 omni
1244 2808 1282 2849 ex
1303 2791 1395 2869 parte

259 2897 400 2975 constet,
425 2899 459 2956 at
481 2897 540 2958 hoc
562 2895 608 2959 ita
630 2893 728 2958 fuisse
750 2897 802 2960 vix
825 2897 991 2980 quisquam
1021 2894 1194 2959 adducetur
1215 2899 1251 2958 ut
1275 2897 1393 2958 credat.

258 3004 339 3066 Mihi
363 3008 447 3068 certe
476 3005 634 3088 persuasit
656 3004 851 3069 Ritschelius
874 3005 945 3070 Cor.
969 3029 1000 3088 p.
1017 3007 1055 3068 21
1081 3028 1149 3089 sqq.
1171 3005 1318 3070 'criticam
1346 3007 1396 3068 tot

258 3117 424 3195 poetarmn
440 3113 612 3178 editionem
628 3115 669 3178 ab
691 3115 761 3178 istis
776 3115 853 3180 viris
876 3137 979 3198 neque
1001 3115 1108 3198 parari
1131 3119 1261 3199 propter
1277 3113 1395 3178 laboris

258 3245 430 3305 paucorum
452 3246 609 3288 annorum
631 3225 735 3306 spatio
752 3224 940 3288 conficiendi
963 3225 1219 3308 magnitudinem
1242 3224 1393 3308 potuisse,

257 3353 359 3415 neque
394 3332 427 3396 in
460 3333 628 3397 deficiente
660 3337 772 3397 tantae
805 3334 852 3396 rei
880 3333 962 3416 apud
993 3339 1136 3416 posteros
1169 3335 1395 3418 grammaticos

256 3443 408 3506 memoria
430 3447 577 3526 paratam
599 3465 677 3506 esse.
709 3443 871 3506 Welckeri
892 3434 999 3507 autem
1020 3443 1242 3526 interpretatio
1259 3445 1394 3508 celeber·

257 3553 354 3634 rima,
379 3575 441 3637 qua
464 3552 502 3616 ad
528 3553 649 3636 cyclum
672 3552 813 3635 epicum,
837 3552 1032 3616 aZenodoto
1054 3554 1277 3636 constitutum,
1301 3553 1394 3616 latini

256 3663 459 3746 grammatici
481 3662 699 3726 testimonium
721 3662 813 3725 docte
836 3667 868 3725 et
890 3663 1049 3726 subtiliter
1071 3663 1249 3744 revocavit,
1285 3685 1395 3727 vereor

256 3793 297 3834 ne
319 3771 443 3855 graecis
466 3772 571 3834 verbis
598 3771 811 3835 labefactetur
838 3773 944 3854 potius
972 3794 1068 3856 quam
1091 3773 1266 3836 adiuvetur.
1313 3773 1392 3836 Uon-

256 3885 305 3942 tru
329 3881 412 3944 lrauc
435 3901 580 3964 operam,
604 3881 841 3964 qualiscumque
862 3881 939 3964 fuit,
965 3903 1036 3946 cum
1052 3881 1240 3946 Callimachi
1259 3883 1392 3949 triverat

257 3990 477 4054 conscribendi
492 3989 596 4053 studio
612 3990 813 4053 coniunctam
835 3991 933 4054 fuisse
941 4041 950 4072 ,
974 3997 1010 4054 ut
1024 4013 1082 4075 per
1096 4014 1130 4055 se
1150 3992 1315 4074 probabile
1331 3994 1389 4073 est,

256 4100 302 4162 ita
317 4099 425 4162 nescio
441 4121 483 4162 an
506 4099 573 4182 ipse
589 4097 705 4162 'l'zetza
727 4099 933 4182 indicaverit,
958 4123 1029 4164 cum
1051 4100 1137 4164 dicat
1152 4123 1184 4184 p.
1204 4103 1273 4182 117,
1293 4103 1332 4164 14
1347 4101 1392 4164 ὡ(

256 4209 275 4271 ὁ
300 4209 495 4289 Καλλίμαχος
517 4210 680 4274 νεανίεκο(
703 4209 751 4274 ὢν
776 4214 844 4288 τῆ(
867 4211 985 4288 αὐλῆς
1009 4209 1180 4290 ὑετὲρω(
1208 4213 1301 4288 μετὰ
1322 4213 1391 4290 τήν

256 4317 473 4400 ἀνόρθωειν
510 4321 585 4384 τοὺς
618 4319 752 4383 πίνακας
785 4319 892 4383 αὐτῶν
926 4320 1137 4400 ἀπεγράψατο
1171 4323 1203 4382 et
1237 4321 1319 4384 ἀλλὰ
1353 4321 1391 4391 τὰ
