3272 5088
250 357 314 421 474
515 374 563 420 os
586 370 815 422 auuuonuuls
839 371 1132 433 surrovrrrumvs

250 528 382 612 burgio,
419 526 589 611 Hudsono,
625 527 795 591 Ambrosio
828 525 952 591 codices
986 524 1162 590 Romani.
1219 526 1268 590 Ao
1290 527 1396 610 Lepus

252 637 380 722 quidem
403 637 540 723 Biragus
562 638 766 702 Florentinus
779 637 810 721 *)
832 637 868 701 in
891 635 1018 721 epilogo
1041 635 1082 700 ad
1103 635 1238 702 Paulum
1259 637 1292 701 ll
1314 637 1395 702 Pon·

250 749 370 814 tifioem
397 747 593 830 Romanum,
632 749 719 813 cuius
747 748 834 812 iussu
863 767 990 811 omnem
1021 746 1238 811 transferendi
1266 769 1396 831 operam

252 862 451 943 susceperat,
485 859 607 922 duobus
634 881 669 923 se
699 857 813 922 illius
847 857 1009 921 codicibus
1043 858 1169 942 graecis
1196 860 1228 921 h.
1253 879 1280 922 e.
1305 857 1395 923 Vati-

254 970 343 1034 canis
365 989 456 1034 usum
479 989 548 1034 esse
570 969 639 1053 ipse
661 971 815 1051 testatur,
838 968 892 1052 qui
914 971 1024 1031 tamen
1045 989 1124 1031 num
1145 966 1193 1031 XI
1220 967 1318 1032 libros
1347 969 1394 1034 in·

252 1083 362 1164 tegros
398 1080 492 1144 ambo
527 1078 827 1171 comprehenderint
862 1099 929 1142 non
958 1077 1063 1162 magis
1097 1077 1261 1161 docemur,
1300 1101 1395 1162 quam

251 1190 335 1274 quod
365 1191 446 1255 scire
473 1190 630 1274 imprimis
660 1189 820 1274 cupimus,
856 1188 992 1252 simulne
1020 1191 1187 1271 utrumque
1215 1187 1395 1254 adhibuerit

251 1321 294 1364 an
317 1321 355 1364 ex
377 1321 441 1364 uno
470 1301 640 1384 praecipue
666 1298 871 1383 pependerit,
900 1297 1005 1362 dubiis
1032 1300 1160 1362 tantum
1187 1299 1222 1362 in
1243 1298 1322 1364 loeis
1347 1301 1395 1365 in·

251 1413 361 1494 specto
385 1411 496 1475 altero.
542 1411 621 1474 Post
642 1411 765 1494 Lapum
787 1408 952 1473 Romanae
975 1409 1085 1492 copiae
1112 1411 1240 1491 praesto
1264 1409 1395 1475 fuerunt

251 1519 437 1606 Sylburgio,
468 1521 691 1605 suppeditatae
715 1519 790 1583 illae
820 1541 838 1583 a
867 1519 979 1582 Fulvio
1000 1517 1119 1583 Vrsino
1147 1519 1294 1583 ecodiee
1322 1519 1394 1584 lto-

250 1651 379 1714 mano,
410 1631 441 1695 h.
459 1652 486 1696 e.
510 1634 547 1695 ut
568 1635 602 1695 et
623 1651 679 1695 sua
702 1633 817 1714 sponte
840 1632 873 1694 et
894 1649 912 1693 e
934 1627 1096 1714 Sylburgii
1125 1628 1314 1714 quibusdam
1341 1630 1394 1694 ad-

251 1741 470 1806 notationibus
493 1741 595 1828 (velut
616 1741 657 1805 ed
678 1764 711 1825 p.
728 1739 801 1824 720,
819 1741 852 1824 7)
875 1738 1091 1824 intellegitur,
1122 1739 1200 1802 item
1222 1738 1392 1806 Vaticano.

250 1853 358 1936 Atque
392 1851 452 1916 hae
484 1873 607 1936 quoque
640 1873 698 1936 per
730 1871 840 1916 omnes
867 1849 915 1915 XI
953 1849 1051 1913 libros
1083 1849 1257 1933 pertinent.
1315 1851 1394 1917 Oum

250 1960 406 2026 Hudsono
429 1963 536 2025 autem
557 1961 675 2044 partim
691 1960 850 2046 Zacagni,
874 1959 1087 2024 bibliothecae
1102 1957 1282 2024 Vaticanoe
1304 1983 1394 2046 prac-

250 2071 344 2154 fecti,
378 2070 498 2154 partim
525 2070 684 2135 Perizonii
711 2071 867 2136 beneficio
896 2070 1013 2136 codicis
1040 2068 1394 2137 Vaticano-Vrbinatis

251 2201 284 2245 n.
309 2179 369 2246 103
401 2181 529 2245 collatio
558 2181 793 2246 communicata
821 2184 906 2264 erat,
941 2181 983 2245 ab
1009 2179 1144 2264 Iosepho
1166 2179 1206 2244 de
1227 2180 1317 2246 Iuliis
1346 2182 1394 2247 in-

253 2289 384 2374 cohata,
408 2290 554 2356 absoluta
577 2289 735 2355 Theodori
758 2291 910 2376 Galliergi
936 2289 1116 2375 diligentia.
1161 2287 1193 2353 Is
1216 2293 1322 2355 autem
1344 2312 1394 2356 oo·

251 2400 312 2465 dex
335 2421 407 2466 oum
428 2401 538 2466 decem
564 2403 691 2465 tentum
719 2401 818 2466 libros
846 2400 1126 2484 complecteretur,
1151 2398 1310 2465 undecimi
1332 2401 1394 2466 dis·

252 2514 436 2596 crepantem
459 2533 478 2576 a
500 2513 633 2597 religata
660 2512 853 2596 scripturam
883 2509 1055 2574 Hudsonus
1082 2531 1121 2573 ex
1148 2509 1211 2575 alio
1234 2509 1394 2577 Vaticano

251 2623 428 2687 recentiore
456 2645 489 2687 n.
512 2623 577 2688 450
604 2622 715 2706 petiit,
745 2621 800 2705 qui
822 2641 901 2705 quos
928 2622 1095 2703 praeterea
1121 2619 1220 2685 libros
1242 2623 1392 2706 tenuerit,

166 2815 169 2820 Ι
202 2745 233 2794 17
252 2753 384 2796 narrare
406 2732 594 2816 supersedit.
640 2731 786 2816 Denique
808 2730 971 2795 Ambrosii
994 2728 1151 2794 industria
1173 2751 1323 2796 excussus
1346 2736 1395 2797 est

252 2841 474 2906 celeberrimus
501 2842 555 2906 ille
583 2845 616 2906 et
638 2840 800 2905 Holstenii
822 2839 1127 2924 Montefalconiiquc
1154 2839 1270 2906 iudicio
1297 2841 1393 2926 longe

251 2951 393 3016 omnium
420 2951 660 3036 antiquissimus
689 2949 858 3016 Ohisianus
888 2949 1002 3033 codex,
1031 2951 1109 3013 item
1130 2949 1239 3014 decem
1266 2953 1395 3015 tantum

252 3061 349 3124 libros
373 3061 603 3144 complectens,
629 3060 799 3144 eodemque
816 3059 987 3124 Ambrosio
1009 3062 1138 3124 auctore
1160 3059 1202 3124 ab
1224 3059 1305 3125 Olao
1320 3059 1394 3124 Kel-

251 3170 418 3235 lermauno
440 3168 618 3235 Vaticanus
646 3193 679 3235 n.
706 3169 803 3246 1300,
832 3177 962 3233 asexto
990 3169 1031 3233 ed
1053 3169 1167 3234 decimi
1196 3169 1270 3233 libri
1296 3171 1393 3234 finem

251 3280 433 3364 pertinens:
464 3280 628 3346 sciendum
650 3283 699 3344 est
726 3280 828 3362 enim,
856 3282 893 3343 ut
919 3299 977 3363 per
998 3277 1135 3343 decadas
1157 3279 1323 3362 Livianoa,
1347 3281 1393 3344 ita

252 3391 310 3454 hos
334 3411 402 3454 ease
428 3391 527 3455 libros
555 3411 612 3474 per
632 3388 789 3474 pentudas
811 3388 948 3453 describi
970 3388 1091 3453 solitos.
1137 3389 1181 3453 Et
1197 3389 1250 3453 hic
1267 3389 1394 3474 quidem

253 3499 367 3584 codex,
395 3500 504 3564 uthis
526 3500 587 3564 hoc
614 3499 724 3563 statim
752 3499 823 3563 loco
844 3498 1019 3584 defungar,
1048 3499 1310 3564 membranaceus
1333 3503 1391 3582 est,

319 3829 344 3897 *)
362 3829 404 3883 De
421 3827 541 3894 nominc,
559 3828 651 3882 utrum
669 3827 813 3898 Lampus
834 3845 869 3882 an
886 3827 997 3897 Lepus
1015 3827 1198 3897 anneppus
1217 3827 1393 3884 scribendum

252 3921 296 3988 sil,
314 3920 377 3976 m'dc
395 3920 517 3976 Fabricii
534 3920 605 3975 Bibl.
624 3939 665 3991 gr.
684 3919 722 3974 IV
740 3940 767 3991 p.
781 3926 830 3976 386
849 3938 889 3989 sq.
908 3920 985 3976 Harl
1006 3922 1035 3976 et
1051 3921 1122 3990 Aug.
1142 3921 1247 3976 Maimn
1264 3921 1391 3991 append.
1412 3971 1415 3980 ,

252 4015 288 4070 ad
305 4014 430 4083 Dionysii
448 4014 521 4084 Epit.
546 4031 572 4082 p.
591 4021 638 4070 106
656 4013 698 4068 ed.
715 4014 841 4068 Francos.
861 4043 893 4052 -
923 4013 1053 4068 Ceterum
1070 4014 1140 4069 illud
1157 4015 1243 4068 miror
1260 4032 1278 4068 a
1295 4013 1394 4068 biblio-

252 4107 366 4177 graphis
384 4107 508 4161 nondum
525 4105 756 4174 animadversum,
775 4125 829 4174 quo
842 4119 915 4161 auno
933 4106 1054 4176 primum
1071 4108 1207 4177 prodierit
1223 4107 1293 4176 Lupi
1310 4106 1393 4161 inter·

252 4200 373 4269 prelatio
391 4200 417 4254 h.
432 4217 455 4254 e.
476 4205 541 4255 nso
558 4200 633 4269 apud
651 4199 824 4267 Tarvisinos,
847 4199 956 4269 pridem
974 4201 1113 4255 mortuum
1131 4199 1216 4255 fuisse
1234 4199 1351 4254 Paruum
1368 4199 1393 4254 11

251 4309 363 4362 papum.
394 4293 493 4360 Itaque
510 4291 575 4348 huic
591 4295 710 4364 apparet
727 4309 812 4350 manu
828 4294 939 4350 mutum
959 4293 1093 4364 scriptum
1111 4309 1180 4364 opus
1198 4293 1305 4363 acho
1319 4291 1394 4347 dedi·

252 4387 346 4440 catum
362 4383 456 4441 nurse.
