3254 5086
342 383 389 432 ΒΕ
408 383 536 433 00ῡῖοΕ
552 384 728 432 vssmaru
745 385 901 435 morsrsn
916 385 1268 437 nanlcasrassnnms.
1312 373 1374 437 517

235 547 334 602 testem
356 543 506 602 idoneior.
551 536 651 613 Quem
674 538 701 600 si
723 537 802 602 adeo
823 541 987 621 praestare
1002 538 1137 622 putavit,
1161 543 1197 603 ut
1214 561 1290 623 prae
1308 541 1375 605 eius

236 647 425 712 excellentia
454 667 561 711 carere
588 644 747 711 Vrbinate
774 669 954 731 possemus,
990 648 1122 712 calidius
1149 671 1243 732 quam
1270 649 1375 714 verius

235 757 345 821 sensit.
376 756 552 840 Aliquanto
575 756 698 820 cautius
721 756 864 822 Sintenis
886 758 1091 841 comprobato
1114 778 1151 821 eo
1169 758 1296 842 iudicio,
1313 781 1375 843 quo

234 866 448 950 promiscuam
470 887 539 930 esse
561 866 706 931 Ohisiani
727 865 956 952 Vrbinatisque
978 867 1129 931 virtutem
1151 867 1311 950 dixeram,
1340 868 1374 931 in

235 997 272 1040 eo
294 978 403 1040 tamen
431 997 465 1040 se
492 975 661 1040 dissentire
690 977 902 1061 significavit,
937 979 1019 1060 quod
1047 977 1153 1059 paullo
1180 963 1376 1060 plusquam

234 1085 412 1150 debuissem
438 1085 591 1150 Vrbinati
617 1085 817 1170 tribuissem,
851 1086 1060 1150 detraxissem
1088 1084 1257 1152 Chisiano:
1289 1085 1375 1151 hunc

235 1195 321 1258 enim
348 1217 413 1258 non
441 1198 568 1258 tantum
596 1194 631 1258 in
652 1195 788 1280 singulis
811 1195 998 1280 diligentius
1026 1195 1180 1279 scriptum
1205 1217 1290 1278 esse,
1319 1196 1375 1260 sed

236 1305 334 1368 etiam
357 1305 398 1368 ab
421 1305 466 1368 eis
489 1303 789 1388 interpolationibus
810 1305 962 1387 liberum,
987 1305 1099 1388 quibus
1117 1304 1308 1369 Vrbinatem
1329 1306 1374 1369 la·

234 1415 347 1478 borare
375 1417 461 1478 recte
488 1414 557 1498 ipse
586 1413 744 1478 dixissem.
795 1412 879 1478 Vere
902 1414 956 1477 ille
978 1413 1105 1498 quidem
1131 1417 1313 1498 utrumque:
1343 1418 1376 1478 et

234 1527 343 1588 tamen
365 1523 404 1587 de
418 1521 577 1587 Vrbinate
598 1522 699 1586 multo
721 1544 816 1605 quam
839 1544 973 1606 aequum
995 1523 1058 1586 fuit
1081 1524 1303 1607 contemptius.
1335 1523 1375 1587 ln

235 1655 296 1717 quo
325 1633 446 1696 curiose
474 1631 662 1696 excutiendo
685 1635 718 1695 et
739 1632 888 1716 religiose
917 1630 1129 1695 examinando
1157 1654 1218 1715 quo
1240 1632 1408 1718 'longiusc

235 1764 295 1826 ego
317 1745 350 1806 et
371 1745 551 1824 assumptus
578 1741 613 1804 in
641 1741 745 1825 operis
774 1739 959 1804 societatem
993 1741 1162 1806 lacobus
1199 1739 1374 1825 Bernays

234 1873 322 1930 meus
344 1851 504 1935 progressi
527 1871 650 1933 sumus,
675 1871 712 1914 eo
736 1850 851 1914 certius
875 1849 1081 1935 cognovimus
1103 1871 1209 1913 raram
1230 1853 1262 1913 et
1276 1871 1375 1933 prope

235 1961 430 2046 singularem
460 1961 536 2024 talis
564 1959 680 2024 codicis
707 1959 864 2042 indolem,
893 1959 946 2042 qui
975 1962 1008 2022 et
1031 1959 1217 2024 correctoris
1244 1981 1376 2023 manum

234 2092 346 2154 passus
367 2069 572 2134 manifestam
594 2071 627 2132 et
649 2072 754 2133 cetera
776 2068 1001 2154 neglegentius
1024 2069 1065 2132 ab
1087 2068 1218 2132 librario
1245 2068 1375 2133 habitus

234 2184 344 2244 temen
377 2182 544 2262 utrumque
575 2178 688 2242 vitium
723 2182 791 2242 tam
825 2177 948 2242 eximiis
981 2178 1109 2242 dotibus
1142 2179 1372 2262 compensaret,

234 2293 284 2371 ut,
314 2289 342 2352 si
368 2289 478 2372 paucis
504 2287 648 2352 volumus
677 2287 722 2351 rei
750 2309 907 2351 summam
938 2287 1122 2371 complecti,
1160 2287 1374 2351 deterioris

234 2398 396 2484 generis
425 2397 564 2461 melius
601 2397 819 2480 exemplum
846 2395 1075 2480 Chisianus,
1105 2396 1282 2460 deterius
1311 2419 1374 2459 au-

234 2519 310 2572 tem
337 2505 515 2571 melioris
542 2507 701 2591 generis
730 2509 1038 2589 repraesentare
1065 2504 1238 2568 Vrbinas
1268 2505 1374 2568 existi-

234 2616 369 2681 mandus
392 2617 443 2681 sit.
482 2615 577 2682 Cuius
599 2615 703 2680 laudis
724 2616 930 2699 praecipuam
952 2618 1077 2698 partem
1099 2635 1170 2678 curn
1192 2615 1228 2677 in
1242 2635 1279 2678 eo
1302 2635 1375 2678 con-

235 2727 347 2791 sistere
369 2726 488 2808 dixero,
512 2725 594 2810 quod
615 2726 713 2811 longe
736 2725 887 2791 Obisiano
910 2724 991 2789 libro
1016 2724 1141 2808 plenior
1163 2726 1196 2788 et
1217 2704 1380 2808 integrior
1469 2795 1470 2798 Ἴ

235 2837 326 2900 testis
348 2835 490 2901 Vrbinas
518 2839 637 2918 exstet,
675 2835 771 2899 facile
799 2834 969 2918 praevideo
996 2834 1064 2898 fore
1092 2836 1128 2896 ut
1155 2833 1263 2897 multis
1296 2833 1374 2896 satis

235 2947 383 3029 suspecta
414 2945 490 3008 talis
524 2944 649 3027 quidem
681 2943 824 3008 laudatio
857 2944 908 3007 sit.
968 2941 1051 3018 Quid
1083 2942 1168 3006 enirn
1204 2942 1374 3026 proclivius

236 3077 331 3140 quarn
357 3055 392 3118 in
420 3053 560 3118 eiusdem
587 3053 772 3118 societatem
800 3052 1074 3136 interpolationis,
1104 3074 1199 3136 quam
1227 3051 1266 3116 de
1292 3051 1374 3132 libro

235 3165 291 3228 illo
312 3165 396 3228 ultro
412 3163 634 3244 concessimus,
659 3184 697 3226 ea
712 3183 834 3248 quoque
849 3161 1068 3226 additamenta
1084 3161 1269 3242 adsciscere,
1293 3181 1374 3244 quae

235 3293 347 3357 perse
368 3275 512 3357 spectata
535 3273 586 3336 vel
606 3271 689 3336 nibil
711 3269 853 3335 habeant
872 3292 934 3354 quo
947 3271 1139 3354 displiceant
1160 3270 1210 3334 vel
1233 3269 1375 3334 habeant

236 3383 315 3447 adeo
342 3403 404 3466 quo
430 3381 634 3445 vehementer
662 3379 835 3465 placeant?
879 3379 999 3445 Contra
1026 3379 1101 3463 quid
1129 3379 1233 3462 magis
1259 3377 1373 3441 mirum

236 3513 331 3577 quam
353 3492 388 3555 in
403 3491 512 3554 eodem
534 3493 615 3554 teste
638 3495 670 3553 et
691 3490 787 3554 fidem
809 3511 964 3553 summam
986 3493 1018 3552 et
1035 3488 1201 3552 licentiam
1223 3509 1288 3552 non
1310 3509 1374 3550 me-

236 3601 375 3665 diocrem
398 3599 569 3664 coniuncta
591 3599 683 3664 esse?
732 3599 775 3663 Et
800 3602 908 3662 tamen
936 3598 996 3662 hoc
1023 3598 1070 3661 ita
1099 3619 1167 3661 esse
1194 3599 1261 3659 tam
1287 3595 1373 3659 lucu-

236 3711 333 3774 lentis
361 3730 420 3772 nos
442 3709 640 3774 documentis
663 3731 729 3774 non
757 3729 961 3792 persuasuros
990 3711 1133 3788 tantum,
1164 3706 1219 3769 sed
1246 3705 1375 3769 demon-

236 3821 392 3883 straturos
415 3818 611 3900 confidimus,
635 3838 729 3882 nemo
751 3821 787 3882 ut
809 3819 921 3882 eontra
936 3816 1106 3902 sentiat.*)
1136 3813 1223 3891 Quae
1245 3813 1372 3878 demon·

303 4107 329 4172 ¹²)
353 4104 420 4173 [Vix
437 4103 535 4158 credas
557 4121 688 4171 umquam
710 4104 780 4158 haec
796 4102 911 4171 legisse,
935 4101 982 4168 qui
1000 4102 1033 4156 de
1052 4099 1177 4154 codicum
1193 4098 1375 4167 Dionysiaco-

236 4214 298 4249 rum
320 4197 428 4251 ratione
451 4213 523 4250 anno
548 4195 659 4262 quidem
683 4200 747 4250 1860
773 4194 813 4248 sic
835 4193 1000 4249 decreverit:
1028 4191 1113 4246 ‘Cum
1136 4193 1230 4246 autem
1254 4189 1375 4245 Chisiani

236 4287 301 4342 libri
323 4287 508 4355 antiquissimi
530 4288 683 4343 auctoritas
708 4287 784 4358 apud
805 4285 986 4342 Ritsohelium
1008 4283 1239 4351 Ambrosiumque
1265 4285 1374 4338 tannim

237 4379 363 4446 valuerit,
381 4383 412 4433 ut
430 4380 467 4434 sd
484 4379 543 4435 eius
559 4381 708 4451 praecipue
726 4381 810 4435 fidem
828 4377 969 4450 scriptoris
987 4377 1074 4432 verba
1092 4375 1166 4445 exigi
1182 4393 1265 4446 posse
1283 4375 1374 4431 existi-
