3254 5086
248 293 311 359 568
536 307 796 358 cuononosrvu
818 309 1101 360 vrunosounnsu.
1181 332 1188 340 -

250 463 320 548 cipe
347 463 402 545 ἐ’φ
429 461 479 530 οίε
506 461 565 528 οάκ
591 461 665 544 ἔχει.
707 461 783 527 Νοιι
811 464 918 526 eutem
943 461 977 526 id
999 461 1140 550 egimus,
1169 466 1206 529 ut
1231 485 1321 528 suum
1344 463 1394 528 illi

249 571 379 637 dialecti
400 593 502 658 genus
524 593 602 638 resr
576 573 739 638 t.ituemus

337 682 376 750 18
404 683 584 765 φρονίμουτ
613 685 632 750 ὁ
662 684 788 766 φθόνοε
814 682 1022 770 ἀπαλλάττει]
1044 621 1207 750 Heec't
1156 706 1192 749 ιιι
1193 684 1303 770 tellegi
1337 705 1394 750 ne·

250 797 379 879 queunt.
425 793 525 860 Recte
547 793 632 879 apud
654 793 816 859 Wnlzium
838 816 870 878 p.
886 793 950 859 499
973 795 1153 876 φρονίμου(
1174 795 1194 862 ὁ
1216 797 1315 873 λόγοε
1337 799 1394 876 τῆε

250 904 352 986 λύπηε
374 905 575 970 ἀπαλλάττει.

337 1013 376 1078 19
398 1014 555 1097 ἀνδρῶν
577 1015 611 1080 δ’
633 1013 809 1082 ἀπίττυιν
832 1013 954 1094 ὅρκον
978 1015 1034 1082 tlt
1057 1016 1160 1098 ὕδωρ
1181 1017 1309 1098 γράφε

250 1145 323 1190 vere
356 1124 518 1210 Hauptius
551 1124 720 1210 supplevit.
776 1123 837 1189 Est
869 1125 953 1190 inter
986 1125 1156 1190 Menandri
1189 1125 1279 1192 Sent.
1307 1125 1394 1211 sing.

250 1259 280 1300 v.
296 1234 339 1301 25
361 1239 393 1299 et
415 1235 450 1299 in
465 1233 620 1300 Brunckii
637 1235 770 1300 Gnomis
793 1235 1001 1300 monostichis
1022 1235 1097 1320 346,
1119 1235 1182 1300 nisi
1205 1235 1287 1320 quod
1309 1239 1395 1302 utro·

251 1367 310 1432 que
332 1346 403 1411 loco
426 1345 557 1427 ἀνδρῶν
579 1347 615 1412 δὲ
638 1345 776 1427 φαύλων
800 1345 959 1410 scribitur.

339 1457 377 1522 19
399 1456 503 1537 μικραὶ
522 1457 661 1540 χάριτεε]
679 1455 855 1521 Democriti
878 1455 962 1540 apud
977 1455 1152 1522 Maximum
1168 1458 1201 1521 et
1215 1457 1397 1522 Antonium

251 1589 283 1651 p.
307 1566 360 1650 96,
386 1567 424 1632 18
452 1569 484 1632 et
507 1565 605 1632 Orell.
635 1587 668 1649 p.
692 1565 750 1650 86,
779 1565 848 1632 sine
875 1567 1004 1631 nomine
1033 1567 1171 1632 auctoris
1199 1565 1284 1651 opud
1305 1566 1396 1632 Wol-

252 1677 335 1742 zium
356 1697 389 1760 p.
412 1676 474 1742 497
503 1679 536 1740 et
563 1674 755 1761 Georgidem
784 1675 997 1762 Gnomologio
1025 1698 1045 1740 a
1072 1675 1281 1742 Boissonedio
1310 1675 1397 1742 edito

253 1786 375 1852 Anecd.
399 1786 415 1850 I
437 1809 469 1871 p.
486 1786 538 1852 61.
581 1784 721 1862 Quorum
742 1807 818 1869 pers
839 1789 914 1871 post
935 1787 1148 1870 λαμβάνουειν
1171 1785 1260 1852 addit
1282 1787 1318 1854 ἐν
1341 1808 1397 1854 πε-

252 1897 393 1978 ριετάεει.

336 2007 380 2072 20
400 2007 593 2092 κρείττονεε]
614 2005 710 2091 Apud
724 2006 885 2071 Wolziunr
905 2028 937 2091 p.
954 2007 1018 2072 494
1039 2009 1072 2072 et
1087 2006 1279 2094 Georgidem
1294 2029 1325 2092 p.
1342 2007 1396 2072 49.
1506 2035 1514 2045 ·

184 2123 236 2178 Vll
337 2115 379 2180 22
401 2119 431 2182 οἱ
462 2117 722 2202 πεπαιδευμένοι]
755 2115 959 2182 simillimum
984 2116 1063 2183 illud
1096 2117 1279 2184 Aristotelis
1313 2119 1399 2204 epud

253 2226 433 2314 Diogenem
454 2224 495 2310 V,
522 2227 570 2310 19,
593 2225 765 2292 Arsenium
786 2251 819 2312 p.
845 2228 916 2292 121.

338 2336 380 2402 25
401 2336 534 2422 ταύτόν]
556 2336 695 2423 Diogeni
717 2337 869 2402 tribuitur
890 2359 910 2402 e
932 2337 1019 2402 Men.
1043 2341 1076 2402 et
1091 2337 1167 2403 Ant.
1184 2337 1210 2402 L
1226 2359 1258 2424 p.
1276 2337 1327 2424 76,
1348 2337 1397 2403 14.

252 2445 362 2512 Habes
384 2447 482 2512 etiem
503 2447 539 2512 iu
560 2446 739 2512 Welzienis
762 2469 793 2532 p.
816 2447 890 2512 498.

338 2558 379 2624 27
400 2558 503 2624 ίππου
518 2557 590 2642 μὲν]
605 2556 770 2622 Plutarchi
785 2556 889 2622 fertur
903 2557 988 2642 apud
1003 2557 1089 2624 Max.
1107 2562 1139 2622 et
1155 2559 1233 2624 Ant.
1248 2557 1400 2626 CXXXV

253 2691 285 2752 p.
309 2668 383 2752 230,
405 2668 459 2750 46,
482 2668 551 2732 sine
574 2667 704 2732 nomine
726 2669 832 2731 exstat
859 2667 944 2752 opud
966 2668 1127 2762 Walzium
1149 2691 1180 2754 p.
1204 2669 1278 2756 498.
1308 2669 1400 2736 Cete-

252 2799 324 2844 rum
345 2777 448 2842 scribe
470 2781 565 2858 κρῖνε.

339 2887 380 2952 28
404 2888 486 2954 εἰτ’
469 2910 523 2970 ωφ
525 2889 645 2972 έλειαν]
666 2891 723 2967 τῆε
753 2891 840 2970 ψυχί]
842 2909 858 2954 ε
821 2888 1005 2968 ἢνίιλοίιιι
1027 2889 1197 2955 excidisse.
1226 2889 1268 2956 of.
1292 2913 1322 2956 v.
1343 2889 1399 2955 ·.12

340 2995 382 3060 29
414 2997 445 3062 ολ
473 2997 631 3082 ἀληθινοι]
665 2996 841 3063 Democriti
815 2997 955 3082 tepud
982 2998 1116 3064 Mene
1117 3000 1238 3064 t.Ant
1267 3022 1300 3085 p.
1323 2999 1399 3084 214,

259 3109 298 3172 14
320 3110 353 3172 et
375 3106 547 3172 Arsenium
569 3129 602 3192 p.
621 3107 691 3172 193.
727 3107 790 3172 Ριο
809 3108 888 3175 ίδίαε
911 3130 950 3174 ex
971 3108 1035 3172 illis
1058 3109 1260 3174 scribendum
1280 3109 1401 3190 ἡδείαε,

255 3240 323 3284 non
345 3219 455 3299 ἡδίουε
479 3239 550 3284 cum
572 3217 713 3283 Walzio:
736 3222 903 3304 praetereo
926 3218 974 3286 ἀιν
996 3219 1054 3298 μὲν
1078 3220 1367 3287 ευναπολαιίοντεε.

339 3329 378 3395 31
403 3329 501 3414 ἔοικε]
524 3327 665 3394 Socratis
687 3328 808 3394 dictum
830 3327 914 3413 opud
936 3328 1109 3394 Stobaeum
1130 3327 1219 3414 XVl,
1242 3329 1295 3394 27.

339 3438 381 3505 32
402 3442 496 3520 λιμὴν
519 3441 590 3524 μὲν]
613 3439 746 3524 Legitur
767 3438 852 3504 inter
872 3437 1056 3524 Demophili
1076 3440 1194 3522 Ὅμοια
1216 3461 1248 3524 p.
1264 3441 1284 3504 6
1300 3439 1399 3504 Orell.

255 3550 302 3616 sic
330 3549 484 3634 scriptum
512 3550 603 3630 λιμὴν
634 3551 692 3630 μὲν
714 3550 818 3634 πλοίῳ
841 3550 958 3632 ὅρμοι,
989 3550 1047 3634 βίῳ
1069 3551 1105 3616 δὲ
1127 3550 1233 3632 φιλία,
1261 3549 1401 3633 itemque

255 3659 339 3724 inter
361 3659 532 3724 Walziane
560 3681 592 3744 p.
614 3658 696 3744 498,
724 3659 787 3723 nisi
816 3659 900 3744 quod
915 3681 980 3764 pro
1007 3660 1098 3742 φιλία
1125 3660 1170 3724 ibi
1193 3662 1242 3724 cst
1263 3658 1400 3726 ἀλυπίας

256 3773 422 3856 praetereo
455 3769 489 3834 in
516 3769 687 3834 Menandri
720 3767 896 3834 Sententiis
924 3769 1140 3856 singularibus
1172 3793 1202 3834 v.
1226 3768 1288 3834 318
1316 3767 1401 3853 epud

256 3879 453 3946 Meinelrium
476 3878 537 3944 sic:
561 3882 655 3960 λιμὴν
678 3880 795 3946 πλοίου
817 3881 890 3960 μὲν,
913 3880 1032 3946 ἀλυπία
1053 3881 1087 3946 δ’
1109 3879 1210 3961 dopo(
1232 3879 1316 3961 βίουε
1339 3878 1401 3944 hac

257 3995 365 4056 autem
396 3990 500 4056 formu
532 3991 616 4074 opud
650 3990 894 4056 Boissonudium
926 3989 1049 4055 Anecd.
1083 3989 1100 4053 Ι
1130 4013 1161 4074 p.
1198 3989 1273 4054 156:
1307 3989 1401 4070 λιμὴν

256 4102 374 4168 πλοίου
402 4101 519 4183 ὅρμοι,
548 4101 617 4182 βίου
646 4103 680 4166 δ’
707 4101 838 4168 ἀλυπίαι
873 4099 936 4164 nisi
963 4099 1046 4185 quod
1073 4099 1119 4166 ibi
1147 4100 1182 4164 in
1210 4097 1279 4165 cod.
1304 4103 1330 4162 A
1352 4102 1402 4164 est

257 4216 315 4278 τοῦ
338 4211 455 4278 πλοίου
477 4215 509 4274 et
530 4215 588 4277 τοῦ
612 4211 698 4293 βίου,
721 4211 756 4275 in
778 4211 931 4276 llleinelrii
954 4212 1061 4296 eutem
1082 4210 1132 4274 vel
1148 4209 1254 4295 potius
1270 4207 1401 4276 Schnei—

257 4321 325 4388 deri
352 4320 596 4388 vindobonensi
623 4325 681 4389 τοῦ
710 4320 780 4402 βίου
809 4321 909 4402 ὅρμοι
936 4323 996 4387 τοῦ
1024 4320 1094 4401 βίου
1121 4321 1157 4387 δ’
1183 4318 1316 4400 ἀλυπία,
1350 4338 1400 4384 su-
