3270 5094
467 391 503 438 ru
526 392 661 441 sarran
684 393 766 441 lov.
789 395 925 443 armans
947 378 1137 444 254-261.
1313 381 1375 446 375

239 542 401 607 commode
424 547 457 608 et
479 545 636 610 concinne
659 549 783 630 coeunt,
808 549 843 610 ut
865 569 906 610 ne
923 570 1015 631 posse
1031 549 1158 631 quidem
1174 548 1271 614 alium
1293 549 1374 614 ordi-

236 673 311 717 nem
329 653 412 718 inire
433 653 617 720 videantur:

342 817 472 894 θήςειν
494 822 664 898 τροπαῖα
685 819 806 884 δαΐων
830 819 1033 900 ἐςθήματα,

342 927 495 1007 ςτέφων
518 930 676 1010 λάφυρα
698 929 934 1009 δουρὶπηχθ’
957 929 1097 1006 ἁγνοῖς
1120 932 1266 1008 δόμοις.

235 1094 411 1180 Postquam
434 1096 520 1160 enim
543 1098 725 1181 generalius
748 1097 826 1162 illud
841 1098 922 1162 dixit
939 1102 1078 1179 τροπαῖα
1092 1101 1195 1166 δαῖυιν
1210 1102 1376 1179 ἐςθήματα,

235 1204 300 1269 iam
328 1205 436 1289 quiid
463 1206 668 1272 instituturus
701 1208 744 1272 sit
771 1210 808 1273 ut
835 1208 956 1273 indices
986 1208 1084 1273 cladis
1111 1213 1216 1274 vestes
1243 1210 1376 1274 hostiles

235 1315 383 1398 evadant,
407 1316 587 1380 accuratius
611 1318 762 1400 explicat:
798 1317 911 1382 ‘hastis
940 1340 993 1382 eas
1016 1320 1115 1384 sacris
1137 1318 1281 1384 domibus
1304 1321 1372 1384 affi-

196 1425 201 1434 '
233 1446 314 1508 gens
336 1425 463 1509 spolio.’
501 1426 591 1491 Haec
614 1429 721 1490 autem
736 1428 909 1510 Aeschylia
932 1451 993 1513 quo
1011 1429 1105 1493 modo
1128 1430 1162 1493 in
1185 1451 1257 1493 eum
1279 1453 1372 1513 quem

235 1534 358 1599 codices
394 1525 547 1601 exhibent
580 1539 737 1601 tumorem
778 1538 952 1621 creverint,
990 1539 1101 1603 licebit
1137 1541 1203 1602 tarn
1239 1540 1372 1622 planum

233 1643 360 1727 facere,
394 1647 476 1710 nihil
507 1649 544 1710 ut
566 1645 606 1710 ad
628 1647 910 1711 demonstrationis
942 1648 1164 1732 integritatem
1198 1649 1370 1714 desiderari

233 1755 387 1820 videatur.
432 1756 562 1821 Etenim
589 1778 606 1820 e
629 1756 788 1820 communi
815 1757 905 1820 fonte
933 1759 1046 1822 turbae
1069 1779 1178 1822 omnes
1201 1760 1261 1822 hoc
1283 1782 1371 1842 repc-

232 1865 348 1929 tendae
370 1869 455 1950 stult,
480 1866 563 1950 quod
584 1869 617 1930 et
639 1867 737 1949 priori
752 1867 857 1930 versui
873 1868 923 1932 vel
945 1867 1051 1950 potius
1066 1867 1190 1952 utrique
1213 1871 1246 1932 et
1267 1873 1371 1952 poste-

232 1975 308 2039 riori
330 1976 449 2060 aliquid
466 1976 689 2060 explicationis
711 1976 907 2060 adscriptum
929 1981 1008 2060 erat,
1032 1999 1164 2061 quorum
1183 1978 1262 2042 illud
1277 2002 1370 2063 quae-

232 2084 305 2148 dam
328 2086 376 2149 sui
398 2087 536 2171 vestigia
563 2087 661 2150 etiam
682 2071 769 2150 nunc
791 2087 920 2170 reliquit
947 2089 981 2151 in
1009 2089 1123 2151 laceris
1150 2089 1370 2174 truncatisque

232 2195 361 2260 scholiis
383 2196 456 2260 libri
471 2196 618 2279 Mediam,
642 2196 778 2260 alterum
800 2218 928 2281 prorsus
950 2197 1125 2262 intercidit.
1170 2197 1257 2272 Quae
1279 2201 1370 2282 potu-

232 2308 325 2368 ennrt
351 2306 438 2370 velut
463 2301 543 2370 talia
570 2326 654 2370 esse:
691 2307 855 2385 ἀναθήςιιι
884 2309 958 2385 πρὸ
991 2313 1058 2372 τῶν
1091 2312 1197 2373 ναῶν
1231 2311 1270 2373 τὰ
1303 2314 1370 2374 τῶν

231 2417 434 2496 πολεμίων
462 2418 653 2495 ἐςθήματα
681 2417 782 2496 ἤγουν
811 2417 851 2481 τὰ
874 2417 1048 2497 λάφυρα,
1087 2420 1120 2479 et
1142 2419 1270 2496 ςτὲψω
1292 2421 1369 2484 τοὺς

231 2529 330 2591 ναοὺς
353 2527 510 2608 λαφύροις
532 2528 633 2605 ἤγουν
659 2531 728 2591 τοῖς
755 2531 822 2592 τῶν
845 2527 1050 2604 πολεμίων
1073 2527 1299 2605 ἐςθήμαςινε
1333 2528 1368 2591 in

230 2635 344 2719 quibus
367 2636 406 2699 ad
435 2636 585 2700 amussim
617 2636 800 2700 numerabis
833 2639 987 2720 quotquot
1020 2637 1173 2700 vocabula
1205 2637 1240 2700 in
1272 2636 1368 2700 trium

229 2746 456 2810 versiculorum
484 2747 621 2829 speciem
650 2745 789 2809 conflata
817 2745 978 2810 Mediceus
1012 2745 1110 2810 codex
1144 2746 1293 2830 praebet,
1328 2769 1369 2810 ne

229 2857 393 2935 ἐςθήμαςιν
416 2856 542 2940 quidem
563 2855 671 2920 dativo
694 2859 837 2939 excepto,
861 2877 955 2941 quem
970 2856 1024 2939 qui
1040 2855 1204 2939 expediret
1218 2856 1269 2920 vel
1285 2856 1368 2920 unde

230 2969 343 3030 natum
365 2965 485 3030 diceret
506 2986 600 3029 nemo
623 2965 805 3030 criticorum
826 2964 949 3029 habuit.
994 2964 1062 3029 Nec
1090 2965 1233 3049 profecto
1257 2988 1368 3030 caussa

231 3074 327 3158 latet,
359 3097 413 3140 cur
434 3075 562 3140 illamm
584 3076 720 3140 alteram
742 3075 988 3160 explicationem
1010 3075 1167 3158 interpres
1190 3074 1368 3140 addendam

230 3185 361 3267 putarit.
406 3186 491 3250 Nam
513 3207 584 3250 cum
598 3187 715 3250 usitate
731 3207 809 3248 sane
831 3207 896 3250 non
920 3186 1085 3265 ςτὲφεςθαι
1108 3187 1237 3267 λάφυρα
1260 3185 1367 3250 dican-

229 3297 291 3377 tur,
315 3295 370 3359 sed
393 3317 443 3360 res
459 3296 627 3379 quaepiam
643 3297 809 3376 ςτέφεςθαι
830 3296 999 3376 λαφύροις,
1021 3298 1057 3357 ut
1078 3295 1114 3359 in
1128 3295 1240 3359 eadem
1256 3318 1368 3360 caussa

230 3405 343 3470 ὅπλοις
366 3407 489 3470 ςκύλοις
516 3427 550 3470 τε
573 3407 711 3486 Φρυγῶν
734 3406 971 3486 δοριθηράτοις,
1000 3405 1079 3470 οῐςιν
1102 3406 1272 3484 Ἀχιλλέως
1293 3410 1368 3469 παῖς

230 3516 375 3580 Φθιώτας
405 3517 511 3596 ςτὲψει
534 3517 634 3581 ναούς
662 3515 745 3598 apud
769 3513 955 3598 Euripidem
982 3517 1031 3577 est
1052 3513 1212 3578 lhoadum
1238 3536 1268 3577 ν.
1292 3515 1366 3596 576,

229 3624 306 3688 item
329 3625 412 3708 apud
434 3624 513 3689 alios
528 3629 639 3709 poetas
655 3627 776 3705 τύμβον
792 3627 912 3705 λοιβαῖς
928 3625 977 3688 καὶ
993 3627 1123 3703 χλιδαῖς,
1146 3625 1241 3689 νέκυν
1265 3628 1366 3705 χοαῖς,

229 3736 353 3814 πάτραν
381 3737 509 3814 ἐνάροις
540 3737 666 3816 ςτέφειν
700 3734 825 3818 aliaque
860 3754 926 3797 non
959 3755 1057 3817 parvo
1084 3754 1216 3797 numero
1238 3733 1364 3816 parilia,

228 3865 294 3908 non
316 3844 473 3909 inutiliter
495 3845 534 3908 ad
557 3843 641 3907 idem
663 3865 765 3928 genus
787 3843 929 3907 revocari
958 3843 1060 3906 visum
1094 3841 1246 3926 estquod
1269 3841 1365 3926 longe

229 3953 348 4018 rariore
370 3976 429 4018 usn
451 3954 628 4037 Aeschylus
650 3954 756 4037 posuit
778 3955 905 4033 ςτέφων
929 3955 1059 4035 λάφυρα
1081 3952 1218 4036 ‘stipans
1234 3951 1365 4035 spolia':

230 4063 317 4126 cuius
339 4085 412 4128 usus
434 4086 521 4128 nunc
542 4085 610 4128 non
631 4063 716 4126 aliud
739 4062 918 4146 exemplum
940 4062 974 4126 in
997 4063 1146 4146 promptu
1168 4064 1217 4124 est
1238 4064 1366 4144 praeter

228 4171 307 4235 illud
328 4173 362 4236 in
383 4173 445 4238 hac
466 4173 577 4237 fabula
599 4195 629 4237 v.
652 4173 708 4236 49:
735 4173 868 4251 μνημεῖά
890 4174 923 4238 θ’
945 4173 1053 4238 αὐτῶν
1074 4176 1142 4236 τοῖς
1164 4175 1308 4236 τεκοῡςιν
1330 4169 1365 4237 ἐς

226 4282 346 4370 δόμους
366 4285 449 4368 πρὸς
471 4283 546 4369 ἅρμ’
569 4284 739 4364 Ἀδράςτου
761 4285 865 4361 χερςὶν
887 4283 1033 4363 ἔςτεφον.

693 4457 885 4472 ·----··-·-·ιη
