3254 5092
515 351 563 398 ne
586 351 677 398 arna.
700 351 805 398 naar.
828 351 873 396 ar
895 349 1111 400 Prsrsranro
1324 332 1382 396 161

245 504 403 583 κογχύλος
420 503 572 588 (itemque
587 505 759 583 κογχύλιον
774 503 957 588 κογχυλίας)
979 501 1241 586 quemadmodum
1264 500 1382 579 ἀγκύλη

246 613 383 690 άγκύλος
417 613 588 690 Ἀγκυλίων
622 613 663 676 ab
700 612 812 689 ἄγκος,
850 614 994 692 καμπύλη
1030 613 1193 690 καμπύλος
1227 633 1246 673 ο
1279 611 1382 689 κάμπη

245 724 378 802 κάμπτω
396 723 471 786 etsi
490 744 570 806 quac
587 725 664 786 simt
683 721 824 786 similia?
846 720 928 796 Quid
943 743 1059 804 quaeso
1083 721 1168 784 inter
1185 719 1384 784 sedifferunt

246 834 384 912 κογχύλη
409 833 571 912 Κογχύλος
595 836 627 895 et
647 833 790 911 γογγύλη
815 831 974 907 Γογγύλος
998 830 1082 913 apud
1104 829 1246 913 Thucyd.
1264 829 1289 910 l,
1312 829 1382 909 128,

246 941 392 1026 Xenoph.
417 941 502 1006 Hell.
526 941 585 1024 III,
612 943 640 1024 1,
665 941 707 1005 6?
752 943 798 1004 At
819 941 981 1004 enimvero
1005 941 1164 1018 Γογγύλος
1192 939 1386 1002 factumest

228 1051 288 1114 ab
311 1052 450 1116 eiusdem
471 1051 592 1115 formae
616 1050 772 1114 adiectivo
792 1051 953 1128 γογγύλας
976 1053 1012 1112 ut
1026 1050 1162 1128 Αἱμύλος
1178 1049 1219 1112 ab
1242 1049 1383 1130 αἱμύλος,

247 1163 406 1226 Μικκύλος
429 1184 447 1224 a
470 1164 631 1241 μικκύλος,
655 1162 819 1241 Δριμύλος
842 1160 1039 1240 αδριμύλος;
1062 1162 1257 1223 ποιιόιιοίοί
1279 1161 1385 1221 autem

247 1271 297 1334 vel
325 1272 481 1352 καγχύλος
510 1271 560 1333 vel
583 1271 686 1334 simile
717 1270 966 1333 adiectivum.
1011 1269 1141 1352 Itaque,
1171 1290 1212 1331 ne
1241 1267 1385 1350 cupidius

246 1401 343 1464 agere
357 1380 536 1462 videamur,
560 1380 698 1464 primum
712 1379 788 1442 hinc
803 1379 910 1442 omnia
926 1400 963 1442 ea
979 1378 1154 1442 liberaliter
1169 1398 1383 1462 segregemus

246 1513 327 1574 quae
351 1512 422 1554 cum
443 1490 568 1574 possint
589 1511 666 1552 sane
690 1489 755 1552 sive
778 1511 797 1551 a
819 1488 1001 1552 nominibus
1031 1489 1097 1551 sive
1121 1509 1140 1550 a
1162 1487 1267 1550 verbis
1290 1486 1385 1549 ducta

246 1622 331 1680 esse,
361 1600 454 1664 simul
476 1603 586 1662 tamen
609 1599 649 1662 ad
678 1598 877 1682 propriorum
900 1598 1065 1661 nominum
1092 1596 1300 1679 simpliciores
1322 1596 1385 1658 for-

245 1731 314 1772 mas
336 1710 478 1794 proxime
495 1709 666 1772 accedunt:
695 1711 731 1772 ut
747 1709 894 1787 (ιμύλος,
913 1709 1093 1787 Θραςύλος,
1116 1707 1284 1785 Δημύλος,
1309 1707 1385 1785 Κρα-

244 1821 357 1897 τύλος,
381 1820 564 1899 Χαρμύλος,
590 1820 765 1899 Χρεμύλος,
789 1819 953 1895 (ωςύλος,
977 1817 1151 1896 Μειδύλος,
1174 1817 1329 1880 Φειδύλος
1345 1815 1385 1877 ad

248 1928 339 2008 (ῑμος
355 1928 434 2012 (nou
451 1928 579 2013 (ίμων),
596 1929 747 2007 Θράςων,
770 1929 909 2007 Δήμων,
934 1927 1071 2006 Κράτης,
1095 1926 1230 2004 Χάρμης,
1255 1926 1385 2004 Χρέμης.

248 2038 381 2116 (ωςίας,
406 2040 551 2116 Μειδίας,
574 2038 709 2103 Φειδίας.
744 2036 819 2100 Non
841 2036 939 2100 habet
960 2057 1069 2120 parem
1091 2035 1214 2098 fontem
1234 2035 1386 2099 Ἡδύλοςε

247 2148 331 2232 quod
359 2169 550 2232 quamquam
578 2148 681 2232 possis
711 2147 752 2210 ab
781 2147 859 2226 ἦδος
888 2149 1032 2229 repetere
1060 2144 1115 2230 (ad
1145 2143 1386 2207 similitudinem

247 2258 364 2337 θράςος
406 2258 522 2337 κράτος
564 2257 745 2339 nominum,
789 2277 869 2342 quac
912 2259 1039 2340 praeter
1078 2253 1235 2318 adiectiva
1273 2255 1387 2332 θραςύς

247 2367 361 2447 κρατύς
389 2367 424 2430 in
452 2370 603 2451 promptu
631 2370 752 2450 essent,
781 2365 844 2430 nisi
873 2365 1010 2445 Θράςων
1046 2365 1165 2443 Κράτης
1199 2363 1386 2447 exstarent),

247 2481 358 2542 tamen
379 2476 496 2540 rectius
520 2497 590 2540 cum
617 2478 695 2554 ἡδύς
725 2474 923 2540 consociabis
952 2475 1021 2557 ipso
1051 2473 1106 2536 illo
1134 2473 1283 2552 δριμύλος
1306 2494 1387 2536 com-

248 2589 377 2669 parato,
407 2586 491 2669 quod
513 2589 562 2650 est
584 2608 603 2648 a
625 2587 743 2666 δριμύς.
788 2585 877 2649 Idem
905 2605 1032 2666 prorsus
1056 2581 1141 2646 cadit
1169 2582 1205 2645 in
1228 2583 1388 2680 Βαθύλοςι

251 2695 379 2780 quando
402 2695 440 2758 dc
463 2700 610 2780 suspecta
634 2697 747 2760 Βάθιαν
769 2694 873 2758 forma
895 2693 994 2758 satius
1015 2691 1114 2756 fuerit
1136 2712 1206 2754 cum
1228 2690 1389 2754 Meinekio

249 2803 334 2869 Hist.
365 2805 436 2869 crit.
469 2826 548 2868 corn.
578 2829 610 2890 p.
638 2805 702 2870 480
729 2805 884 2868 dubitare.
938 2802 1037 2867 Porro
1065 2823 1084 2864 a
1112 2801 1224 2884 verbo,
1253 2823 1320 2865 non
1348 2801 1389 2864 ab

249 2914 424 2996 adiectivo,
449 2915 578 2979 ductum
601 2917 650 2978 est
671 2915 853 2995 Δερκύλος;
881 2913 1059 2996 quodcum
1088 2912 1247 2976 Μειδύλος
1278 2912 1389 2976 Φειδύ-

249 3028 306 3090 λος
328 3029 414 3089 recte
438 3028 695 3108 componeretur,
725 3024 788 3087 nisi
811 3023 935 3104 abqhac
957 3023 1109 3086 societate
1133 3021 1290 3105 simplicia
1313 3022 1388 3086 Μει-

249 3135 319 3199 δίας
346 3135 472 3200 Φειδίας
500 3156 558 3198 ncs
592 3137 772 3198 avocarent.
814 3131 911 3196 Vnde
939 3135 1045 3196 autem
1073 3131 1135 3195 nisi
1163 3153 1182 3194 a
1208 3153 1296 3195 mero
1318 3131 1389 3194 sub-

250 3244 391 3309 stantivo
413 3244 592 3328 profectimr
605 3245 758 3324 Αίςχύλος
778 3241 889 3306 dices?
912 3242 999 3305 cuius
1019 3241 1145 3324 quidem
1161 3241 1258 3324 stirps
1280 3239 1390 3320 αίςχος

249 3375 292 3418 ne
317 3357 439 3418 veteres
466 3354 593 3438 quidem
620 3353 733 3438 fugere
760 3352 880 3436 potuit:
911 3351 974 3414 vid.
1005 3351 1112 3435 Etym.
1143 3351 1187 3414 M.
1216 3373 1247 3434 p.
1277 3351 1329 3431 40,
1359 3350 1389 3413 9.

250 3463 297 3526 At
323 3485 398 3526 vero
427 3463 534 3547 (audio
562 3463 662 3548 enim)
685 3485 702 3526 c
729 3483 852 3526 morum
879 3460 1063 3531 notionibus
1090 3460 1170 3524 talia
1199 3463 1275 3544 apta
1304 3461 1389 3540 sunt,
1409 3475 1442 3523 4ο

250 3573 344 3656 quale
373 3577 422 3637 cst
443 3573 610 3654 Alcxdtoc:
640 3593 706 3636 non
733 3572 837 3656 potuit
860 3573 1007 3634 autema
1031 3570 1152 3634 concha
1175 3573 1207 3632 et
1234 3567 1390 3632 similibus

250 3682 345 3745 rebus
382 3682 547 3766 quisquam
583 3683 677 3746 homo
710 3680 875 3766 appellari.
935 3680 1020 3744 Nam
1050 3680 1202 3759 Αἰςχύλος
1235 3679 1262 3741 si
1295 3678 1391 3742 liceat

249 3792 422 3856 vernaculo
444 3797 617 3858 Scliamlee‘n
639 3790 793 3856 vocabulo
816 3789 949 3872 imitari,
976 3791 1138 3870 Κογχύλος
1160 3789 1302 3852 futurum
1323 3808 1391 3850 esse

251 3907 431 3968 Musctlein.
477 3901 560 3966 Nolo
582 3901 714 3966 ulterius
736 3901 864 3986 vagari:
893 3900 927 3962 in
950 3901 1010 3962 hcc
1032 3900 1117 3983 ipso,
1147 3898 1265 3981 inquo
1287 3919 1392 3960 versa-

250 4033 337 4094 mur,
361 4033 479 4096 genere
502 4012 650 4076 contineo
672 4011 931 4095 disputationem.
977 4007 1058 4082 Quid
1081 4008 1181 4092 igitur
1202 4007 1260 4070 fiat
1283 4007 1391 4071 Βαιτύ-

251 4125 309 4186 λος
331 4122 475 4204 nomine,
499 4121 582 4207 quod
605 4125 654 4186 est
669 4127 818 4199 Pelzlein,
842 4120 963 4183 factum
987 4140 1006 4181 a
1029 4117 1141 4198 βαίτηῖ
1177 4115 1266 4192 Quod
1290 4137 1392 4180 exem·

251 4231 340 4314 plum
362 4232 461 4296 habes
484 4231 567 4315 apud
590 4229 737 4295 Bastium
759 4229 862 4312 Epist.
888 4229 959 4293 crit.
984 4250 1015 4310 p.
1040 4227 1117 4291 244:
1142 4227 1191 4290 cui
1213 4225 1253 4290 de
1275 4247 1394 4311 genere

250 4339 401 4404 universo
428 4345 554 4425 praeter
589 4341 669 4405 alios
696 4339 778 4404 adde
800 4337 1051 4404 Valckenarium
1078 4336 1112 4400 in
1140 4335 1261 4400 Phoen.
1294 4336 1392 4402 schol.

307 4460 350 4496 sc.
371 4461 534 4497 urrccuscrr
555 4459 700 4496 croscum
721 4461 739 4500 ι,
1153 4440 1191 4503 11
