3226 5096
489 384 535 429 oa
559 384 650 430 arun.
676 384 779 431 anax.
803 385 848 430 nr
870 385 1084 434 rrsrsrenro
1298 370 1358 433 139

214 537 390 615 ἀνώνυμον
417 539 583 621 resorbi,
607 541 663 600 aut
691 538 797 621 epicos
821 559 892 601 cunr
919 537 1026 621 lyricis
1054 561 1073 601 a
1101 539 1262 603 Zerrodoto
1291 561 1357 603 non

215 651 476 728 (υναθροιεθῆναι
503 649 553 711 vel
574 650 797 727 τυλλεχθῆναι,
819 670 880 712 nec
901 653 1121 728 διαταχθῆναι,
1144 649 1199 713 sed
1221 655 1356 730 διορθω-

216 762 309 835 θῆναι
330 757 419 822 dicit.
451 759 499 822 Ac
522 763 740 839 διορθοῦεθαι,
762 759 812 823 vel
836 759 933 822 etiam
955 764 1125 842 διορθοῦν,
1150 760 1209 823 etsi
1231 760 1357 845 origine

216 891 274 931 sua
302 868 398 932 latius
425 872 531 952 patet,
566 871 675 932 tamen
708 861 741 933 in
774 867 835 932 hoc
867 890 985 954 genere
1018 868 1093 952 quid
1122 870 1242 951 valeat,
1278 871 1358 934 satis

218 978 313 1042 hodie
335 979 533 1063 exploratum]
556 982 619 1043 est:
641 1001 701 1044 nec
724 979 810 1042 enirn
832 979 917 1044 aliud
940 980 1109 1064 quicquam
1130 979 1192 1044 nisi
1214 981 1358 1045 criticam

218 1111 348 1172 operam
363 1089 632 1154 emendandorum
647 1089 837 1174 scriptorum
853 1089 1081 1173 exemplarium
1096 1113 1236 1174 unquam
1258 1090 1357 1175 signi-
1378 1103 1408 1150 ια

217 1199 304 1262 ficet.
349 1199 437 1274 Quod
466 1199 593 1283 quidem
620 1200 745 1283 plenius
771 1201 867 1264 etiam
893 1221 989 1283 quam
1012 1222 1028 1264 e
1051 1201 1221 1264 Wolfianis
1250 1201 1357 1264 Prole-

216 1309 362 1393 gomenis
390 1309 440 1374 vel
462 1332 479 1374 e
502 1309 653 1374 lobeekii
680 1310 715 1374 in
742 1309 862 1393 Phryn.
886 1333 918 1393 p.
942 1311 1005 1375 250
1033 1333 1079 1394 sq.
1109 1315 1142 1374 et
1169 1309 1295 1376 Sallieri
1322 1311 1355 1375 in

219 1419 333 1484 Thom.
350 1419 442 1504 Mag:
454 1443 486 1504 p.
502 1420 562 1484 241
580 1442 627 1504 sq.
645 1421 915 1503 adnotationibus,
936 1441 973 1484 ex
989 1421 1088 1503 ipsius
1104 1421 1183 1484 artis
1198 1443 1356 1506 gramma-

218 1531 303 1594 ticae
339 1533 445 1594 vetere
482 1531 656 1614 partitione
689 1531 889 1614 intellegitur
924 1531 959 1594 in
993 1529 1130 1594 Bekkeri
1164 1531 1286 1598 Anecd.
1324 1533 1356 1595 ΙΙ

218 1664 250 1724 ρ.
274 1641 347 1706 659.
371 1642 431 1706 671
460 1644 493 1704 et
520 1641 570 1704 his
598 1641 799 1724 potissimum
827 1665 858 1724 p.
883 1642 946 1706 736
974 1640 1102 1724 positis:
1133 1642 1152 1706 δ
1180 1645 1356 1723 διορθωτὴε

216 1752 390 1832 λαμβάνων
405 1753 443 1816 τὸ
459 1753 580 1832 βιβλίον
597 1755 778 1832 διορθοῦται
792 1753 884 1826 αὐτό,
906 1752 961 1817 ἰ’να
983 1753 1023 1831 μὴ
1046 1752 1256 1832 ἐπταιιμένον
1278 1753 1357 1818 αὐτὸ

216 1863 381 1939 ἀναγνοὺς
396 1862 415 1926 ὁ
431 1863 505 1928 νέοε
523 1862 567 1927 εἰ(
589 1865 688 1942 κακὴν
711 1862 774 1928 ἕξιν
797 1862 929 1946 ἐμπέεῃε
953 1861 1037 1924 unde
1058 1883 1115 1925 sua
1135 1861 1242 1926 hausit
1256 1861 1358 1927 Theo·

216 1971 325 2036 dusius
347 1971 397 2035 vel
427 1972 533 2056 potius
555 1971 738 2036 Theodorus
761 1971 953 2056 Goettlingii
982 1993 1014 2055 p.
1038 1972 1090 2036 32.
1136 1971 1226 2036 Adde
1254 1971 1356 2038 Bekk.

217 2107 249 2166 p.
275 2082 353 2146 689:
382 2084 461 2148 κατὰ
482 2085 545 2162 γὰρ
566 2087 684 2148 τοῦτον
706 2081 766 2149 τὸν
790 2083 889 2160 λόγον
913 2084 962 2148 καλ
984 2083 1003 2148 δ
1027 2083 1132 2162 εὑρὼν
1154 2083 1358 2163 ἑεφαλμὲνον

217 2193 340 2274 βιβλίον
357 2193 416 2257 οὐκ
433 2193 557 2274 ὀφείλει
577 2198 675 2258 τοῦτο
697 2197 900 2273 διορθοῡτθαι
922 2195 973 2258 καὶ
994 2193 1076 2260 ξέειν
1097 2194 1136 2257 τὰ
1157 2199 1261 2258 κακῶς
1282 2216 1358 2274 γρα-

217 2304 337 2384 φέντα,
361 2303 429 2368 ἀλλ’
452 2305 509 2371 ἐᾶν
533 2304 732 2384 ἀδιόρθωτον
748 2324 775 2366 e.
799 2325 830 2386 q.
855 2327 880 2367 a.
919 2302 1008 2378 Quod
1025 2324 1095 2367 curn
1118 2303 1165 2366 ita
1186 2304 1243 2386 sit,
1268 2309 1358 2387 puta-

217 2413 364 2477 bimusne
379 2413 605 2494 διωρθώεαντο
626 2413 704 2476 illud
719 2413 817 2476 etiam
832 2435 851 2476 a
865 2413 1016 2477 Plautino
1036 2413 1208 2477 scholiasta
1230 2414 1357 2496 lectum,

218 2523 274 2588 sed
290 2545 355 2587 nou
378 2523 577 2588 intellectum
591 2544 676 2606 esse,
701 2527 733 2587 et
755 2523 837 2607 quod
860 2523 898 2588 de
915 2523 1066 2588 correctis
1081 2525 1178 2587 trium
1200 2545 1358 2608 gramma-

217 2635 355 2698 ticorum
377 2633 481 2698 studio
510 2637 675 2716 poetarum
704 2633 794 2698 libris
816 2655 949 2718 graecus
972 2637 1083 2698 auctor
1110 2637 1288 2716 narrasset,
1319 2633 1359 2698 ad

219 2744 354 2808 collecta
376 2743 410 2807 in
433 2765 530 2807 unum
554 2747 586 2807 et
608 2744 642 2807 in
658 2743 801 2807 ordinem
817 2744 946 2809 redacta
969 2743 1182 2809 bibliothecae
1197 2744 1360 2808 volumina

219 2877 289 2918 esse
311 2855 527 2918 translatum?
569 2853 644 2918 Non
667 2854 841 2918 diffitemur
863 2854 895 2918 id
918 2854 965 2918 ita
988 2855 1127 2937 potuisse
1150 2855 1228 2917 fieri.
1275 2855 1359 2919 Nam

218 2965 318 3029 etiam
339 2964 539 3028 doctissimus
567 2985 624 3048 pro
651 2964 712 3028 ista
735 2967 841 3028 aetate
870 2964 964 3028 homo
986 2963 1084 3028 Lilius
1108 2964 1265 3048 Gyraldus
1289 2987 1360 3029 curn

217 3075 391 3139 Poetarum
412 3075 486 3138 hist.
503 3073 552 3138 Ill
574 3096 605 3157 p.
630 3074 693 3138 362
716 3073 761 3137 sic
783 3073 909 3138 scribit:
936 3078 1048 3139 Scribit
1066 3079 1247 3154 Theophilus
1269 3095 1359 3154 prue-

218 3208 273 3251 cus
301 3192 521 3263 prommoticos
548 3185 593 3270 (⁶2)
623 3189 809 3249 Zenodotum
836 3189 964 3250 Homeri
994 3205 1097 3250 versus
1129 3191 1165 3249 ιἰι
1194 3192 1361 3250 ordinem

218 3301 416 3374 reticuisse
437 3317 464 3360 e.
489 3317 519 3379 q.
543 3319 581 3378 s,
605 3317 670 3358 non
693 3294 818 3358 videtur
839 3294 925 3358 alind
948 3316 1043 3378 quam
1064 3296 1270 3375 stupescere
1292 3319 1360 3361 ver-

217 3407 295 3470 bum
318 3405 500 3469 reddidisse.
546 3405 743 3487 Quamquam
771 3404 845 3468 huic
868 3404 994 3489 quidem
1022 3405 1223 3470 similitudini
1247 3428 1359 3471 caven·

218 3517 295 3580 dum
311 3519 359 3578 est
380 3537 421 3580 ne
443 3515 576 3579 nimium
597 3515 731 3579 tribuas.
775 3515 920 3579 Indidem
936 3516 1021 3579 eninr
1044 3517 1201 3599 proficisci
1222 3516 1250 3579 ei
1273 3516 1358 3598 lieet,

218 3626 275 3711 qui
297 3625 515 3690 demonstrare
532 3625 727 3689 contrarium
750 3625 967 3709 aggrediatur.
1013 3625 1097 3689 Nam
1119 3625 1158 3689 de
1180 3624 1359 3690 Homericis

220 3735 416 3801 carminibus
439 3736 550 3800 eadem
572 3734 729 3817 referens,
753 3757 835 3818 quae
857 3741 1014 3802 (υνθεῖναι
1029 3736 1125 3800 verbo
1148 3757 1222 3799 usus
1244 3735 1360 3799 Taetza

219 3847 323 3931 Exeg.
348 3867 378 3928 p.
403 3846 455 3927 46,
479 3847 525 3910 sic
547 3845 632 3908 idem
660 3844 713 3908 ille
742 3844 899 3926 Gyraldus
929 3846 1068 3929 loquitur
1089 3845 1121 3909 ll
1144 3869 1175 3928 p.
1199 3846 1278 3910 213:
1308 3854 1362 3925 qui

289 4137 315 4200 *j
339 4133 460 4204 [Scripta
489 4133 557 4187 haee
587 4137 679 4200 erant,
709 4153 770 4187 cunr
793 4151 810 4187 a
834 4132 982 4202 Spengelio
1005 4134 1060 4186 vidi
1090 4133 1117 4185 in
1135 4134 1250 4202 Ephern.
1274 4133 1358 4188 litter.

219 4227 329 4281 Monac.
343 4245 368 4280 u.
382 4231 495 4281 1840111.
509 4225 558 4279 Iul.
572 4245 598 4294 p.
613 4233 645 4280 ‘t'i
658 4229 820 4281 ἑποποιικά(
837 4226 956 4296 proponi
968 4243 1019 4296 pro
1038 4228 1183 4294 ποιητικά(
1197 4243 1220 4280 v.
1234 4231 1275 4279 45.
1300 4225 1360 4291 Quo

220 4337 278 4374 οοιι
297 4337 365 4387 opus
384 4323 438 4386 est,
462 4318 599 4386 siquidem
616 4319 707 4389 ipsum
725 4319 792 4372 illud
812 4323 955 4388 ποιητικὸς
972 4337 1023 4390 ριο
1042 4319 1136 4374 ἑπικό(
1155 4319 1257 4373 Tzetza
1274 4321 1360 4374 etiarn

220 4411 289 4468 alibi
301 4413 401 4482 posuit.
420 4415 478 4482 (En
491 4417 625 4468 addendis
635 4433 663 4481 p.
673 4417 727 4480 55.)
744 4443 776 4454 -
793 4413 872 4466 Adde
883 4413 1060 4467 Welekerum
1072 4411 1147 4482 Cyoli
1159 4431 1203 4483 ep.
1216 4413 1240 4468 ΙΙ
1253 4431 1279 4484 p.
1290 4414 1360 4480 ibt]
