3218 5094
265 314 327 378 638
647 329 695 377 nn
718 329 788 378 oso
811 330 857 377 nr
879 331 1021 379 omens.

148 486 157 502 ¹
264 482 299 544 in
328 481 528 563 Stephanum
555 480 732 544 redundare
760 503 799 544 ex
828 483 893 546 Oro
920 482 1041 565 potuit,
1071 479 1249 545 Herodieni
1271 481 1342 563 illo,
1374 481 1412 543 ut

264 590 392 654 abun'de
424 588 575 674 vidimus,
614 591 769 657 acerrimo
802 591 993 656 adversario,
1048 589 1128 654 Eius
1162 589 1210 654 rei
1246 589 1409 654 luculente

264 699 456 764 documento
483 701 570 765 velut
601 700 664 765 hoe
691 705 740 765 est
746 751 755 784 ⁷
790 701 873 786 quod
899 701 934 764 in
956 699 1131 782 Ἀγκυρα
1157 723 1234 765 voce
1241 751 1250 784 7
1284 703 1409 783 postea-

264 832 360 893 quem
387 811 426 874 de
454 811 630 895 gentilibus
658 811 693 874 in
720 831 779 878 voc
805 811 987 875 terminatis
1021 811 1200 894 expositum
1233 813 1283 874 est
1308 809 1408 873 Hero-

264 919 352 983 diani
380 921 587 1004 auctoritate,
615 920 802 1004 discrepans
826 921 882 984 Ori
909 921 1071 985 sententie
1100 920 1314 1004 subiungitur.
1358 920 1408 983 Ae
1572 905 1573 910 ἵ

263 1029 303 1092 de
325 1028 536 1095 Herodianeis
559 1031 752 1095 Valentinus
775 1029 952 1095 Frenekius
979 1052 1082 1115 nuper
1104 1031 1337 1094 commentatus
1359 1031 1409 1092 est

264 1138 300 1202 in
321 1139 552 1224 inscriptiones
575 1139 762 1204 altichtero
785 1141 936 1205 collectas
958 1163 990 1225 p.
1006 1141 1084 1206 439:
1106 1141 1289 1204 Orientem
1310 1139 1407 1203 verbe

263 1250 401 1334 turpiter
423 1253 456 1314 et
477 1249 687 1313 multifarium
711 1252 860 1334 corrupte
881 1251 961 1314 haee
975 1250 1173 1334 mulgentur:
1202 1250 1222 1313 ὁ
1249 1251 1286 1313 δὲ
1306 1249 1407 1328 Ὠροε
1572 1253 1573 1258 ’

264 1361 303 1423 τὰ
326 1361 383 1438 μέν
407 1380 457 1425 τοι
478 1361 699 1440 καθαρεύοντα
719 1361 758 1426 τὸ
781 1363 841 1444 (τῷ
864 1359 1084 1444 casaubonus)
1112 1382 1131 1438 η
1154 1360 1238 1424 θέλει
1265 1360 1406 1439 παραλή-

263 1475 385 1555 γεεθαι,
409 1473 508 1550 χωρὶε
530 1471 556 1535 εἰ
578 1474 618 1551 μὴ
641 1477 687 1554 τῷ
711 1492 729 1550 ρ
751 1470 1012 1550 παρεδρευόμενα
1033 1473 1243 1554 διαφοροῖτο,
1266 1469 1406 1546 καθάπερ

264 1579 315 1644 ἐπὶ
337 1585 396 1645 τοῦ
425 1582 633 1661 Ἀγκυρανότ,
661 1583 712 1645 καὶ
734 1582 964 1661 Θυατειρηνὸς,
994 1581 1169 1660 Γερμανὸε,
1197 1580 1248 1644 καὶ
1271 1581 1407 1658 Γαγγρη-

219 1709 225 1720 ·
264 1690 331 1755 νόε.
376 1689 424 1757 ὧν
452 1692 492 1756 τὰ
519 1692 576 1770 μὲν
603 1693 691 1770 παρὰ
718 1692 776 1771 τὴν
804 1692 962 1770 Ἄγκυραν
990 1691 1197 1769 ευνεξέδραμε
1222 1697 1270 1774 τῷ
1299 1689 1406 1768 (urpa-

263 1801 337 1878 νόε,
361 1802 560 1881 Βοττρανὸε,
588 1802 627 1865 τὰ
654 1802 689 1866 δὲ
712 1800 777 1865 ἀπὸ
799 1805 858 1866 τοῦ
881 1800 1039 1880 Θυάτειρα
1060 1802 1110 1864 καὶ
1131 1800 1171 1865 τὰ
1195 1800 1319 1878 Γάγγρα
1346 1820 1406 1863 πα-

265 1913 384 1989 ρῆκταιζ
439 1910 492 1974 Ab
524 1910 618 1974 initio
650 1909 750 1990 Ὥρα(
773 1961 780 1974 .
803 1961 809 1974 .
833 1959 869 1974 ..
901 1913 940 1976 τά
973 1909 1161 1992 Perusinus,
1195 1909 1294 1989 Ὦροε
1327 1909 1408 1973 αὐτὰ

263 2023 392 2082 nostras
419 2018 680 2104 Rehdigeranus:
714 2020 798 2083 unde
826 2020 1030 2085 scribendum
1062 2021 1089 2084 ὁ’
1109 2021 1144 2085 δὲ
1172 2020 1271 2098 Ὠροε
1298 2019 1407 2084 αὐτῶν

263 2129 303 2192 τὰ
327 2130 383 2207 μὲν
407 2151 434 2192 e.
458 2151 488 2212 q.
513 2152 538 2193 e.
584 2129 646 2194 Sed
668 2127 728 2192 hoe
756 2130 825 2194 leve
853 2133 912 2194 est.
957 2130 1019 2194 Pro
1046 2134 1104 2195 τοῦ
1127 2131 1285 2208 Θυάτειρα
1312 2127 1407 2192 Peru·

264 2238 352 2301 sinus
381 2239 500 2305 τούτου
527 2242 566 2305 τὰ
589 2242 640 2318 Θ,
670 2261 815 2323 quocum·
833 2241 983 2304 convenit
1010 2239 1253 2324 Rehdigerano,
1282 2239 1317 2302 in
1346 2260 1407 2322 quo
1572 2229 1573 2272 ά

262 2350 379 2412 lacuna
407 2353 456 2414 est
483 2351 569 2413 inter
597 2350 755 2431 Θυάτειρα
784 2354 817 2414 et
843 2353 893 2416 καὶ
920 2371 1023 2415 voees.
1073 2349 1239 2414 Excidisse
1272 2351 1408 2431 apparet

263 2462 329 2528 eius
352 2460 491 2525 nominis
520 2461 733 2544 primitivum,
763 2462 846 2545 quod
873 2483 969 2544 supra
998 2460 1207 2544 deprevatum
1234 2459 1269 2522 in
1293 2460 1407 2538 Γερμα-
1572 2527 1573 2542 ¹

262 2573 320 2638 νότ
343 2575 402 2636 est.
447 2571 595 2636 Proxime
618 2573 659 2635 ab
682 2571 862 2634 litterarum
883 2570 995 2634 formis
1018 2568 1110 2634 abest
1130 2571 1210 2633 haee
1232 2569 1406 2652 scriptura:
1572 2655 1573 2668 χ

263 2683 328 2747 ἀπὸ
350 2687 409 2748 τοῦ
431 2684 470 2746 τὰ
493 2683 651 2762 Θυάτειρα
672 2683 784 2745 καὶτὰ
807 2681 950 2761 Γέρμαρα
976 2682 1026 2745 καὶ
1052 2682 1092 2747 τὰ
1115 2681 1246 2759 Γάγγρα.
1291 2677 1407 2754 Quem-

263 2813 359 2876 quam
380 2791 532 2875 quoniam
558 2791 648 2856 nullo
674 2790 859 2856 testimonio
887 2793 1014 2855 constet
1042 2790 1081 2853 de
1105 2790 1304 2871 Γερμαρηνόε
1329 2809 1407 2874 gen·
1572 2813 1573 2868 ι

262 2902 328 2984 tili,
352 2923 418 2964 non
440 2901 550 2983 inepte
578 2901 715 2966 forsitan
742 2923 894 2965 conemur
920 2904 971 2966 καὶ
997 2903 1038 2966 τὰ
1062 2901 1200 2980 Γάδαρα,
1228 2921 1326 2982 supra
1353 2921 1406 2962 au·

262 3016 329 3074 tem
349 3013 399 3076 καὶ
423 3011 605 3091 Γαδαρηνότ
627 3032 793 3094 reponere.
826 3011 951 3076 Deinde
973 3031 1175 3095 nequequam
1196 3010 1236 3072 nd
1259 3010 1343 3073 idem
1368 3029 1406 3072 ae

263 3121 385 3204 reliqua
413 3143 515 3205 genus
543 3121 684 3204 pertinet
712 3123 905 3202 Ἀγκυρανόε
932 3122 1051 3204 forma,
1085 3143 1146 3185 nee
1172 3121 1208 3183 in
1237 3119 1318 3183 haee
1351 3117 1405 3203 qui

212 3242 244 3290 52
262 3230 480 3315 praemittitur
506 3233 616 3297 κανών
649 3231 796 3315 quadrat.
852 3230 1022 3295 Praeterea
1055 3234 1163 3294 eutem
1194 3251 1274 3295 eane
1306 3228 1406 3293 Orum

262 3343 444 3426 putabimus
477 3342 658 3406 temeritate
689 3341 808 3425 fuisse,
843 3343 896 3426 qui
935 3365 954 3405 a
990 3341 1153 3426 quibusvis
1184 3339 1405 3424 primitivis

262 3453 374 3536 puris
396 3452 528 3516 formari
551 3451 687 3536 gentilia
709 3451 744 3515 in
766 3453 844 3532 ηνόε
866 3451 1032 3515 traderet?
1059 3475 1101 3515 an
1130 3451 1164 3515 in
1186 3451 1271 3515 hane
1295 3470 1405 3514 conee-

262 3562 336 3626 dere
359 3562 556 3626 emendandi·
577 3562 663 3626 viam
685 3565 844 3646 praestat:
871 3563 891 3626 ὁ
919 3563 954 3627 δὲ
976 3562 1076 3641 Ὧραι
1104 3563 1211 3627 αὐτῶν
1233 3562 1273 3627 τὰ
1295 3562 1335 3640 μὴ
1356 3565 1403 3644 τῷ

262 3695 271 3736 ι
297 3674 518 3752 καθαρεύοντα
543 3679 590 3758 τῷ
619 3695 639 3751 η
666 3673 751 3738 θέλει
778 3674 1026 3752 παραλήγετθαι·
1060 3671 1232 3756 (cogitavit
1257 3670 1297 3734 de
1326 3672 1403 3749 Κυρ-

261 3786 406 3866 ταιηνόε,
432 3783 638 3864 Μαρτυηνόι,
662 3782 818 3846 similibus
828 3784 850 3867 :)
873 3783 971 3863 χωρὶε
993 3783 1020 3847 εἰ
1040 3784 1080 3862 μὴ
1103 3789 1149 3868 τῷ
1175 3780 1402 3862 ρπαρεδρευό-

260 3913 341 3973 μενα
369 3896 538 3975 διφορυῐτο
569 3889 627 3979 [sie
654 3895 741 3955 reete
768 3891 917 3956 Lehrsius
944 3914 1003 3976 pro
1030 3891 1233 3976 διαφοραῖτο]
1261 3881 1413 3969 καθάπερ

261 4006 312 4070 ἐπὶ
339 4007 398 4069 ταθ
426 4003 618 4082 Ἀγκυρανό(
645 4004 695 4067 καὶ
717 4053 854 4085 .......
883 4005 969 4083 πλὴν
996 4008 1063 4069 τῶν
1093 4003 1137 4068 εἰς
1167 4024 1188 4067 α
1221 4002 1403 4082 οὐδετέρων

262 4113 319 4198 (ef.
342 4137 375 4198 p.
399 4114 456 4196 20,
487 4114 540 4198 10)
570 4114 615 4178 ὡ(
644 4114 859 4194 Θυατειρηνότ
885 4114 936 4179 καὶ
965 4114 1163 4194 Γερμαρηνόε
1189 4114 1240 4178 καὶ
1266 4113 1403 4192 Γαγῐρη-

261 4225 332 4290 νόε·
355 4224 403 4290 ὧν
424 4225 464 4289 τὰ
485 4227 542 4303 μὲν
565 4224 653 4302 παρὰ
675 4225 733 4303 τήν
755 4226 912 4304 Ἄγκυραν
935 4225 1142 4304 τυνεξέδραμε
1169 4229 1215 4307 τῷ
1238 4221 1402 4304 (ωρανόε,

262 4335 457 4415 Βαετρανόε,
485 4336 525 4399 τὰ
552 4337 587 4399 δὲ
616 4334 682 4398 άπὸ
710 4338 769 4399 τοῦ
790 4333 834 4399 τά
858 4333 1015 4414 Θυάτειρα
1042 4335 1092 4399 καὶ
1118 4334 1158 4400 τὰ
1186 4333 1326 4413 Γέρμαρα
1351 4331 1403 4397 καὶ
