3184 5100
246 401 335 466 -676
600 418 842 466 nrrnouoarcr
866 418 1080 466 aucunrcnur

273 570 459 650 intercedit,
481 593 547 634 non
569 573 674 653 potuit
695 593 761 636 non
784 593 855 634 eam
877 571 942 635 vim
963 571 1096 654 habere,
1123 573 1160 633 ut
1183 571 1313 634 criticae
1336 571 1414 633 artis

273 680 472 744 factitandae
495 682 593 745 etiam
615 683 685 746 sine
708 683 779 746 rivo
801 682 957 767 magistro
978 685 1144 765 promptus
1160 681 1250 745 vobis
1272 679 1415 744 modera-

273 794 325 854 tor
346 794 474 874 praesto
497 795 590 875 esset,
615 814 756 857 errorum
777 796 949 876 perpetuus
966 795 1135 874 corrector,
1159 790 1307 854 laudator
1328 795 1415 854 recte

273 901 486 967 inventorum.
531 901 627 967 Hanc
653 907 761 966 autem
789 901 1052 966 exercitationem
1080 923 1150 966 cum
1173 901 1263 965 vobis
1285 905 1318 964 et
1339 901 1415 964 olim

274 1013 563 1077 commendavimus
585 1016 618 1076 et
644 1035 730 1076 nunc
758 1013 856 1076 etiam
884 1015 978 1096 atrque
1007 1013 1105 1076 etiam
1126 1012 1308 1093 suademus,
1349 1034 1416 1075 non

272 1122 408 1188 facimus
430 1123 491 1188 hcc
512 1123 667 1208 profecto,
691 1117 782 1206 quasi
798 1123 832 1186 iu
848 1122 1072 1186 emendatione
1087 1143 1276 1206 graecorum
1298 1123 1415 1186 latino·

273 1255 405 1318 rumque
432 1234 624 1318 scriptorum
649 1232 752 1317 ipsam
782 1233 955 1296 consistere
978 1231 1187 1316 philologiam
1210 1233 1415 1316 arbitremur,

273 1345 329 1407 sed
347 1345 431 1429 quod
453 1345 522 1408 sine
550 1342 742 1408 emendandi
771 1366 828 1406 usu
851 1345 883 1406 et
910 1342 1067 1406 facultate
1089 1343 1129 1405 ad
1151 1364 1260 1406 veram
1281 1342 1417 1426 philolo

273 1455 362 1539 giam
388 1455 476 1518 viam
504 1476 572 1518 esse
599 1453 797 1537 praeclusam
825 1453 1052 1537 intellegimus.
1106 1451 1180 1516 Non
1210 1453 1418 1516 dubitatura

229 1583 257 1632 lv
275 1587 444 1650 quoquam,
468 1565 546 1648 quin
568 1563 607 1627 ad
623 1562 784 1628 floridiora
800 1563 870 1627 loca
893 1562 1088 1646 philologiae
1110 1563 1315 1645 perfruenda,
1338 1564 1417 1647 quin

274 1675 314 1739 ad
337 1676 452 1758 vitam,
482 1677 584 1757 artes,
614 1673 764 1736 instituta
793 1677 934 1736 velerum
964 1673 1153 1756 populorum
1184 1674 1416 1758 pernoscenda,

274 1785 409 1870 denique
433 1785 473 1848 ad
495 1785 676 1848 mriversam
698 1783 836 1846 indolem
860 1783 1062 1866 antiquitatis
1085 1785 1192 1846 mente
1212 1784 1418 1866 comprehen-

274 1895 413 1959 dendam
434 1916 542 1959 carere
564 1894 776 1979 grammatica
804 1915 1014 1976 nequeamus:
1052 1892 1107 1954 sed
1129 1891 1213 1956 iusto
1236 1897 1269 1956 et
1290 1894 1418 1976 saepius

275 2009 308 2068 et
329 2005 494 2089 ignavius,
524 2003 579 2088 qni
608 2007 714 2067 cetera
743 2003 822 2066 satis
851 2003 997 2086 sapiunt,
1026 2002 1171 2066 oblivisci
1199 2002 1278 2066 illud
1300 2004 1416 2086 solent,

276 2136 404 2198 prorsus
432 2114 474 2178 ab
496 2114 557 2177 hac
579 2117 671 2196 parte
699 2134 808 2197 parem
838 2113 968 2176 criticae
991 2112 1070 2175 artis
1094 2111 1314 2176 condicionem
1336 2135 1416 2177 esse.

275 2224 350 2288 Non
373 2224 531 2308 loquimur
552 2223 591 2286 de
614 2223 784 2306 disciplina
812 2223 1080 2306 grammaticam
1104 2223 1182 2286 artis
1209 2223 1348 2305 speciem
1371 2246 1419 2287 re·

276 2335 388 2416 dacta,
420 2357 514 2418 quam
537 2335 641 2418 ipsam
662 2354 757 2397 nemo
779 2333 883 2396 nescit
912 2333 1042 2396 criticae
1065 2331 1248 2395 adiumento
1272 2333 1419 2418 indigere

276 2447 312 2507 ut
334 2444 416 2528 quod
439 2445 593 2509 maxime:
616 2444 670 2507 sed
685 2444 724 2506 de
746 2447 895 2527 prompta
918 2446 1094 2526 parataque
1117 2443 1247 2527 linguae
1270 2443 1417 2524 scientia,

276 2558 312 2618 ut
340 2555 520 2619 necessario
550 2555 692 2639 ipsarum
724 2575 830 2616 rerum
864 2551 1159 2636 cognoscendarum
1191 2552 1417 2618 instrumento.

276 2663 396 2728 Rerum
424 2667 510 2728 enim
537 2663 680 2748 cognitio
708 2683 779 2728 cum
806 2665 933 2726 tantum
962 2684 1028 2725 non
1054 2664 1158 2725 omnis
1186 2683 1203 2724 e
1225 2664 1419 2728 testimoniis

277 2775 468 2858 scriptorum
494 2774 648 2857 pendeat:
685 2774 728 2856 si,
757 2772 889 2856 utquid
913 2771 960 2834 illi
982 2772 1156 2855 loquantur
1178 2772 1417 2856 intellegamus,

277 2885 351 2948 sciri
374 2888 500 2968 oportet
526 2885 639 2968 quibus
669 2882 769 2946 modis
797 2883 883 2966 loqui
911 2883 1148 2947 consueverint:
1186 2904 1238 2945 cos
1266 2883 1418 2965 quoniam

277 3016 337 3057 nec
359 3015 435 3058 voce
463 3016 523 3058 nec
549 3017 647 3077 manu
675 3015 732 3058 sua
757 2995 916 3056 testantes
945 2991 1090 3056 audimus
1118 2992 1333 3074 cernimusve,
1363 2994 1420 3056 sed

277 3125 401 3168 nusum
423 3104 557 3168 aliorum
579 3104 705 3168 demum
727 3103 919 3168 testimoniis
935 3123 1104 3185 eorumque
1124 3123 1219 3185 saepe
1242 3103 1420 3167 errantium

278 3218 310 3278 ct
333 3215 442 3298 quovis
465 3215 558 3278 modo
586 3215 787 3298 peccantium
816 3213 1041 3297 comperimus,
1072 3212 1276 3295 consequitur
1304 3215 1355 3294 ut,
1385 3213 1421 3276 hi

278 3347 400 3409 qnoque
422 3329 536 3408 testea,
560 3325 613 3410 qni
636 3327 711 3388 sunt
733 3323 871 3406 librarii,
896 3321 1133 3407 quibusmodis
1156 3344 1262 3385 errare
1285 3345 1323 3386 ac
1346 3345 1419 3406 pcc-

279 3457 351 3499 care
383 3436 620 3516 consueverint,
653 3435 735 3498 scire
763 3438 910 3518 oporteat
945 3433 1016 3516 qui,
1053 3433 1127 3516 qnid
1155 3431 1216 3514 ipsi
1246 3433 1419 3516 scriptores

278 3549 430 3610 testatum
457 3545 611 3626 feceriut,
640 3544 720 3608 scire
749 3545 836 3608 velit.
881 3543 950 3607 Nec
972 3543 1054 3606 seire
1080 3545 1206 3606 tantum
1234 3542 1327 3624 illud,
1364 3545 1420 3627 qni

278 3657 338 3720 hoc
359 3656 514 3741 indagare
538 3677 609 3720 cum
632 3654 765 3723 certiore
788 3675 844 3738 spe
863 3675 1026 3718 successus
1048 3652 1144 3734 volet,
1168 3652 1338 3735 oportebit,
1363 3653 1420 3716 scd

279 3766 450 3830 eoumdem
472 3787 613 3829 errorum
634 3764 720 3829 hand
741 3766 846 3829 minus
868 3768 1050 3848 promptam
1073 3766 1297 3845 paratamque,
1323 3785 1421 3846 qnam

278 3877 378 3960 ipsius
400 3877 591 3960 scriptorum
612 3875 759 3959 linguae,
790 3875 958 3940 scientiam
981 3876 1013 3937 et
1040 3877 1203 3956 tamquam
1225 3871 1421 3937 familiarem

279 3987 540 4051 consuetudinem
562 3985 695 4068 habere,
719 4008 800 4070 quae
823 3986 949 4069 quidem
972 3983 1162 4066 scriptorum
1185 3983 1316 4046 lectioni
1339 4005 1422 4048 scm-

279 4121 335 4182 per
370 4099 526 4162 comitans
560 4119 619 4161 nec
652 4119 801 4180 umquam
834 4095 961 4159 desinat
992 4095 1031 4156 de
1064 4093 1150 4156 vitiis
1178 4093 1350 4176 suspicari,
1387 4097 1423 4156 et

279 4209 391 4272 horum
419 4207 600 4291 probabiles
627 4207 802 4270 medicinas
831 4229 868 4269 ex
897 4206 967 4288 ipsa
1000 4204 1150 4267 similium
1180 4203 1421 4285 comparatione

280 4322 379 4402 petat.
424 4318 507 4382 Eam
529 4321 636 4382 autem
658 4339 800 4382 errorum
824 4314 1084 4380 consuetudinem
1111 4311 1255 4375 veritatis
1285 4311 1420 4397 indaga-

280 4429 391 4494 tricem
419 4428 502 4516 quod
529 4429 614 4492 inter
641 4427 820 4512 philologos
848 4424 1081 4510 percrebruisse
1115 4421 1270 4488 maiorum
1299 4425 1419 4507 aetate,
