3254 5086
258 361 321 427 566
547 373 807 425 αιιοκοοοαινιι
830 374 1112 426 νικοοιιουκιιειτ.

258 554 340 599 τωνι
362 570 405 581 -
427 529 459 596 Εἰ
481 531 583 611 λύπης
611 530 767 611 ἐθελήςεις
795 532 937 611 κρατεῖν,
964 529 1130 611 περιπόλει
1158 530 1235 596 τοὺς
1261 529 1402 611 τάφους·
1415 549 1445 592 ss

259 645 390 708 καὶτοῦ
413 641 535 734 πάθους
558 641 637 707 ἕξεις
659 640 696 706 τό
720 641 905 722 φάρμακον·
932 641 984 705 καί
1009 641 1065 707 τὰς
1086 639 1231 721 μεγίςταε
1258 645 1325 707 τῶν
1348 643 1403 708 ἀν-

259 753 400 833 θρώπων
424 749 626 831 εὐδαιμονίας
648 750 724 832 όψει
745 751 924 832 περαιτέρω
946 751 1068 817 κόνεως
1090 752 1131 832 μὴ
1154 753 1343 832 κεκτημένας
1365 753 1404 818 τό

213 873 240 924 νι
260 863 404 944 φύςημαι
425 859 468 912 έ-
489 863 679 944 Ἰςοκράτηςε
707 899 750 912 -
778 861 816 926 Οἱ
843 862 900 941 μὲν
927 862 1003 927 τοὺς
1031 860 1146 944 φίλους
1173 863 1337 943 παρόντας
1359 883 1404 927 τι-

258 977 372 1056 μῶςιν·
400 972 431 1038 οἱ
459 973 495 1040 δὲ
517 973 567 1038 καῖ
588 973 712 1052 μακρόν
734 971 877 1038 όιπόντας
899 971 1053 1050 άγαπιῖιει.
1144 972 1208 1038 Τάς
1230 978 1297 1040 τιῖιν
1319 973 1404 1055 φαύ-

258 1087 327 1151 λων
349 1082 512 1164 ςυνηθείας
540 1081 650 1160 ὀλίγος
672 1082 792 1163 χρόνος
814 1082 951 1148 διέλυςε·
978 1082 1035 1148 τὰς
1063 1083 1098 1148 δὲ
1125 1085 1193 1149 τῶν
1217 1084 1446 1150 επουλαίωνοο

260 1193 384 1277 φιλίας,
408 1193 485 1259 οὐδὲ
506 1193 525 1258 ὁ
549 1195 611 1258 πᾶς
634 1191 715 1258 αἰὼν
737 1191 913 1272 ἐξαλείψειι
935 1230 979 1242 -
1000 1194 1034 1258 ‘A
1055 1197 1160 1259 ποιεῖν
1189 1193 1335 1275 αἰςχρὸν,
1362 1195 1403 1274 μὴ

259 1305 295 1372 δὲ
316 1304 425 1384 νόμιζε
453 1304 558 1380 λέγειν
582 1300 663 1368 εῖναι
685 1301 800 1370 καλάνι
823 1341 866 1351 -
888 1302 991 1384 (οφία
1017 1303 1115 1384 μόνη,
1142 1307 1209 1370 τῶν
1236 1305 1404 1384 κτημάτων

259 1414 431 1481 ἀθάνατον.
480 1413 527 1482 Τὸ
555 1411 684 1494 χρυςίον
712 1412 748 1478 ἐν
776 1413 852 1494 πυρὶ
878 1413 1091 1494 δοκιμάζεται,
1125 1414 1156 1480 οἱ
1188 1413 1278 1496 φίλοι
1304 1415 1340 1480 δὲ
1367 1413 1405 1480 ἐν

258 1527 327 1592 ταῖς
349 1525 490 1606 ἀτυχίαις
517 1523 795 1601 διαγινώςκονταιι
817 1559 860 1573 —
884 1523 987 1589 Καλός
1014 1525 1170 1604 θηςαυρόε
1198 1524 1287 1604 παρὰ
1313 1523 1406 1604 ἀνδρὶ

251 1634 422 1719 ’ςπουδαίιμ
450 1633 541 1715 χάρις
569 1632 775 1715 ὀφειλομένη.
823 1632 970 1714 Ἄπορον
997 1633 1086 1699 ἐλπίς
1112 1636 1153 1714 μὴ
1181 1636 1324 1716 λαβοῦςα
1344 1635 1446 1714 τῆνος

260 1745 395 1828 ἔκβαςιν.
440 1745 476 1810 Ὁ
499 1743 661 1812 πλειόνων
683 1743 786 1824 ἐρῶν,
812 1743 863 1809 καὶ
883 1747 950 1810 τῶν
972 1745 1147 1825 παρόντων
1168 1744 1406 1826 όποςτερεῖταιι

261 1893 300 1904 -
322 1857 369 1922 Τό
392 1856 542 1935 ἄκαιρον,
561 1857 730 1935 πανταχοῦ
752 1853 913 1936 λυπηρόνι
935 1892 978 1903 -
1000 1854 1082 1937 ἀρχὴ
1104 1855 1227 1938 φιλίας,
1256 1855 1406 1921 ἔπαινος·

260 1967 376 2047 ἔχθρας
398 1965 452 2042 δὲ,
481 1963 603 2044 ψόγοει
629 1999 672 2013 —
699 1964 746 2030 Τὸ
773 1963 897 2045 ἀφανὲς
926 1965 960 2030 ἐκ
986 1968 1045 2030 τοῦ
1068 1969 1231 2047 φανεροῦ,
1256 1964 1406 2046 ταχίςιην

261 2075 327 2156 ἔχει
348 2075 406 2154 τὴν
428 2074 614 2151 διάγνωεινι
636 2074 737 2140 -Ὁ
759 2077 863 2140 κακῶς
885 2068 1064 2154 διανοηθεὶς
1086 2077 1244 2157 περὶτῶν
1268 2074 1406 2166 οἰκείων,

261 2184 419 2251 οὐδέποτε
448 2187 553 2250 καλῶς
582 2184 784 2266 βουλεόςεται
811 2185 974 2266 περὶτῶν
1003 2186 1200 2268 ἀλλοτρίωνι
1226 2224 1270 2236 ·-
1297 2186 1336 2252 Οἱ
1357 2183 1403 2252 u.
1418 2210 1461 2252 ιοο

261 2316 344 2361 καιοι
374 2298 441 2361 τῶν
465 2293 584 2360 ἀδίκων
614 2293 640 2361 εἰ
667 2296 765 2375 μηδὲν
788 2295 870 2360 άλλο
893 2297 1156 2375 πλεονεκτοῖιςιν,
1185 2296 1256 2362 ἀλλ’
1279 2295 1339 2362 οὖν
1361 2296 1413 2362 ἐλ-

261 2405 325 2472 πίςι
353 2403 538 2471 επουδαίαις
564 2405 753 2486 ὑπερέχουςι
775 2395 926 2472 πάντωνι
953 2444 996 2455 -
1018 2405 1051 2471 αἱ
1073 2406 1171 2472 λύπαι
1189 2409 1258 2473 ταῖς
1278 2407 1414 2487 ἡδοναῖς

261 2516 515 2597 παραπεπήγαςι.
561 2515 669 2595 Τύχην
677 2514 708 2602 *)
737 2515 819 2595 ἔχεις
842 2516 1012 2597 ἄνθρωπε,
1040 2519 1080 2598 μὴ
1104 2517 1204 2598 μάτην
1225 2517 1348 2598 τρέχης.
1386 2517 1415 2583 εἰ

260 2627 296 2692 δ’
319 2625 378 2693 οὐκ
399 2626 482 2708 ἔχεις
504 2626 652 2704 κάθευδε,
677 2626 717 2705 μὴ
746 2629 848 2692 κενῶς
871 2626 979 2692 πόνειι
1001 2665 1044 2675 —-
1064 2627 1225 2693 Ἅπαντες
1251 2625 1336 2708 εἰμὲν
1364 2627 1411 2693 εἰς

260 2737 298 2803 τό
321 2739 487 2803 νουθετεῖν
510 2733 622 2816 ςοφοίε
645 2734 736 2800 auru
758 2737 791 2801 δ’
813 2736 1050 2816 ἁμαρτάνοντες
1073 2737 1112 2802 οὐ
1136 2737 1321 2819 ςυνήκαμεν.
1421 2749 1462 2791 ¹⁰⁶

348 2938 373 3006 ²⁸)
391 2944 417 2992 ίιι
434 2943 547 3006 πατρίας
565 2942 704 3006 ascriptum
722 2938 886 3007 μενάνδρου.

346 3097 482 3171 sequitur
503 3097 534 3156 ιἰι
555 3095 676 3156 codiee:

347 3203 443 3282 Ἀρχὴ
464 3202 645 3284 μενάνδρου
666 3204 725 3267 τοῦ
748 3207 855 3284 ςοφοῖι
877 3203 1092 3282 παραινέςεις·
1119 3204 1198 3269 κατὰ
1219 3206 1385 3284 ςτοιχεῖον.

265 3319 378 3393 inquo
400 3312 553 3408 παραινέε
573 3319 693 3376 litterae
714 3319 848 3394 scriptae
875 3319 906 3377 ιἰι
928 3333 1042 3378 rasura
1069 3335 1090 3378 α
1112 3334 1205 3379 manu
1227 3320 1406 3379 recentiore.

348 3506 441 3571 Prius
474 3527 570 3590 quem
602 3505 641 3570 de
673 3506 786 3572 ceteris
818 3506 996 3572 rationibus
1028 3507 1142 3571 hurum
1175 3506 1409 3572 sententiarum

264 3617 403 3695 dicetur,
438 3615 667 3682 consulendum
695 3620 744 3682 est
777 3616 992 3682 emendationi
1025 3617 1213 3700 scripturae.
1264 3616 1332 3692 Qua
1360 3617 1410 3682 ite

264 3727 446 3813 fungemur,
469 3730 507 3790 ut
528 3727 637 3806 simul,
660 3748 741 3812 quse
763 3726 828 3791 iem
844 3726 948 3791 editae
971 3726 1048 3791 slibi
1065 3726 1283 3810 reperiantur,
1307 3726 1408 3812 signi-

264 3838 386 3902 ficetur.
422 3835 555 3920 Quodsi,
579 3857 660 3922 quae
682 3837 766 3921 apud
782 3837 961 3923 Diogenem
980 3836 1142 3902 Laertium
1165 3839 1304 3915 exstent,
1326 3857 1409 3922 quse

264 3947 299 4011 in
320 3945 452 4012 Ioannis
475 3945 605 4012 Stobeei
627 3947 815 4033 Florilegio,
844 3947 879 4012 in
900 3946 1030 4012 Arsenii
1052 3945 1196 4029 violato,
1225 3947 1261 4010 iu
1283 3944 1315 4011 S.
1339 3943 1409 4010 Me·

264 4057 341 4121 ximi
365 4056 564 4123 Confessoris
586 4061 619 4122 et
633 4057 770 4122 Antonii
786 4056 934 4122 Melissae
949 4056 1042 4121 Locis
1065 4055 1296 4135 communibus,
1318 4053 1408 4120 Bois-

265 4166 390 4232 sonedii
412 4167 604 4251 Aneedotis,
638 4167 758 4232 Walzii
789 4167 955 4254 farragine
988 4167 1138 4253 gnomics
1171 4187 1241 4232 eum
1270 4163 1409 4230 Arseuio

266 4276 368 4358 edite,
391 4277 564 4362 Orelliique
587 4277 755 4361 Opusuulis
779 4277 972 4342 Graecorum
1000 4276 1204 4342 sententiosis
1227 4280 1260 4340 et
1281 4275 1409 4340 morali·

265 4387 340 4466 bus,
361 4385 421 4452 has
442 4387 543 4474 igitur
564 4387 591 4452 si
613 4387 805 4472 seiunxeris,
827 4387 956 4452 tertiam
978 4386 1079 4453 ferme
1100 4387 1151 4452 vel
1166 4389 1313 4472 quartem
1334 4405 1409 4471 per-
