3272 5088
269 347 333 411 482
537 366 583 410 ινα
606 367 834 416 urrrunnunrs
858 369 1149 428 aurrqurarrovs

271 515 394 581 codices
416 518 486 581 sine
507 518 654 602 graviore
676 518 794 584 damno
816 518 950 585 Venetis
978 542 1138 588 caremus:
1174 523 1259 607 quod
1281 524 1409 609 quidem

270 649 327 690 sua
358 631 471 710 sponte
503 627 702 714 intellegitur
735 651 801 694 non
837 631 949 696 cadere
982 631 1018 696 in
1045 632 1248 698 undecimum
1280 634 1406 700 librum.

271 736 323 799 Ab
345 735 503 801 Vrbinate
526 742 635 821 aperte
658 739 876 822 discrepantes
898 739 949 804 his
971 744 1099 806 tantum
1120 742 1199 807 locis
1214 744 1408 827 reperimus:

270 869 302 928 p.
325 847 356 928 5,
382 847 422 911 26
444 850 525 930 τινὰ,
553 849 584 930 5,
608 848 650 912 30
671 849 748 913 ἀλλ’
771 871 828 932 pro
851 850 952 932 ἀλλὰ,
977 851 1007 933 9,
1034 851 1072 915 12
1095 857 1271 931 προειπεῖν,
1295 855 1336 917 ab
1359 875 1408 918 eo·

270 958 342 1019 dem
364 959 396 1021 et
418 957 547 1041 reliquis
570 958 663 1021 simul
685 958 832 1022 omnibus
855 962 952 1024 semel
970 963 1098 1024 tanturn
1114 971 1320 1047 (quamquam
1336 984 1408 1028 con·
1509 1007 1517 1020 ·

270 1066 404 1130 trarium
436 1067 630 1132 testantibus
658 1066 792 1131 Venetis
820 1069 1012 1156 Ambrosii),
1049 1071 1225 1137 rectissime
1260 1072 1408 1138 restituta

270 1176 300 1257 9,
328 1178 365 1240 12
388 1178 431 1242 etc
454 1177 699 1260 praepositione.
745 1178 794 1242 De
823 1180 894 1243 aliis
921 1180 1000 1244 locis
1028 1203 1089 1245 nec
1117 1182 1225 1246 multis
1247 1203 1308 1247 nec
1330 1182 1408 1247 adeo

269 1287 379 1368 paucis
402 1309 519 1371 anceps
548 1291 596 1350 est
617 1287 784 1372 iudicium,
813 1291 903 1372 quia,
932 1311 1008 1354 num
1032 1313 1049 1354 e
1071 1292 1199 1356 silentio
1228 1292 1408 1358 collationis

270 1395 499 1460 Hudsonianae
527 1397 605 1461 satis
634 1401 721 1461 certa
748 1397 787 1461 de
819 1397 985 1462 Vrbinatis
1014 1422 1085 1464 eum
1112 1401 1304 1466 editionibus
1334 1423 1407 1466 con-

270 1527 364 1569 sensu
389 1506 571 1570 coniectura
592 1507 661 1589 fiat,
686 1529 798 1590 parum
819 1509 929 1592 liquet.
961 1508 1022 1574 Sed
1037 1509 1146 1573 demus
1162 1511 1233 1592 hoc,
1258 1511 1407 1594 quoniam

221 1641 252 1687 22
272 1617 390 1680 maiore
418 1638 496 1680 sane
523 1638 618 1700 quam
646 1638 704 1700 pro
732 1617 959 1682 consuetudine
987 1619 1071 1684 illius
1099 1620 1217 1684 saeculi
1239 1619 1407 1704 diligentia

270 1727 304 1789 iu
333 1726 516 1790 conferendi
549 1726 680 1811 negotio
714 1727 867 1812 Iosephus
901 1732 933 1792 et
967 1728 1149 1793 Theodorus
1182 1729 1257 1794 Itali
1290 1731 1406 1794 versati

270 1858 337 1900 osse
360 1836 522 1920 videntum
550 1837 596 1900 ita
617 1837 745 1920 quidem
767 1858 876 1902 eorum
897 1839 1053 1920 omnium,
1083 1861 1164 1923 quae
1186 1840 1316 1923 propria
1339 1861 1406 1904 csse

270 1945 465 2009 Venetorum
493 1945 635 2009 codicum
665 1947 764 2010 rideri
793 1947 931 2040 possint,
966 1947 1047 2011 nihil
1080 1952 1128 2011 est
1160 1949 1243 2032 quod
1271 1949 1406 2033 probare

270 2054 480 2137 potuerimus:
505 2056 644 2137 γράφων
665 2057 696 2133 5,
723 2056 770 2133 10,
793 2059 909 2137 τέχνην
932 2057 962 2135 6,
984 2058 1016 2134 4,
1039 2065 1167 2142 περιετῇ
1189 2058 1221 2136 6,
1244 2059 1295 2140 30,
1319 2080 1405 2135 γινο-

269 2165 376 2243 μένων
400 2166 431 2246 8,
457 2165 506 2245 13,
531 2165 699 2244 ἑπομένοις
723 2167 753 2244 8,
779 2167 832 2246 17,
856 2168 953 2251 ταύτῃ
976 2167 1006 2242 8,
1029 2168 1080 2248 31,
1110 2168 1168 2232 dcc
1190 2167 1220 2248 9,
1244 2167 1296 2244 23,
1325 2169 1402 2232 Ῥω-

269 2275 371 2353 μαίων
395 2273 424 2356 9,
441 2273 493 2352 24,
515 2279 654 2356 γραφαῑε
677 2275 707 2357 9,
730 2275 782 2353 29,
805 2277 1029 2354 προϊετὰμεναι
1055 2277 1103 2359 10,
1120 2277 1172 2354 24,
1196 2278 1405 2358 ἀγωνίεμαειν

269 2383 320 2448 νο1
347 2384 569 2462 ἀναγνίεμαειν
600 2385 654 2463 16,
677 2385 729 2448 29.
774 2384 824 2449 Ne
852 2386 1059 2452 ἀπεδείξαντο
1087 2386 1214 2470 quidem
1242 2409 1273 2470 p.
1302 2387 1337 2467 6,
1366 2387 1408 2452 24

269 2494 492 2558 necessarimm
531 2493 678 2558 (letarum
700 2495 760 2558 etsi
782 2495 832 2558 bis
855 2495 900 2558 ita
923 2495 1007 2578 apud
1029 2495 1217 2560 Hudsonum
1240 2495 1407 2560 Vrbinatis

269 2605 427 2687 scriptura
450 2603 595 2687 affertur,
619 2607 655 2667 ut
679 2626 749 2668 eum
764 2603 921 2687 Stephani
936 2605 991 2668 ille
1004 2606 1110 2688 potius
1133 2628 1228 2689 quam
1251 2627 1322 2670 cum
1337 2603 1407 2688 Syl·

270 2715 375 2796 burgii
404 2714 547 2797 exemplo
571 2713 704 2778 collatus
737 2735 805 2778 esse
834 2714 1060 2797 propemodum
1086 2714 1246 2798 videatur,
1276 2715 1315 2778 de
1338 2715 1407 2779 ἑκά-

270 2845 342 2902 ειηε
364 2845 395 2905 p.
421 2823 476 2904 10,
503 2823 541 2886 16
566 2827 598 2886 ο1
624 2846 657 2888 τε
686 2825 784 2902 αὐτὴν
812 2826 1036 2904 περιλαμβάνω
1060 2825 1090 2904 9,
1113 2826 1170 2907 32,
1198 2829 1307 2888 tamen
1335 2803 1407 2886 reli-

269 2953 402 3016 quorum
434 2932 637 2996 multitudine
671 2934 886 3017 exemplorum
919 2934 1089 2998 manifesto
1130 2934 1290 2999 contraria
1323 2933 1406 2996 ratio

270 3042 460 3105 declaratur.

355 3151 406 3215 Ad
429 3155 550 3216 ceteros
572 3152 670 3217 libros
697 3153 877 3217 accedimus
905 3157 956 3236 ut,
985 3175 1066 3237 quae
1088 3154 1173 3218 inter
1196 3153 1351 3217 editiones
1374 3155 1406 3216 et

269 3261 460 3326 Vrbinatem
488 3261 734 3346 Obisianumque
765 3263 847 3326 ratio
874 3263 1068 3343 intercedat,
1098 3284 1254 3326 eruamus.
1300 3264 1406 3344 Atque

269 3375 342 3454 post
364 3372 547 3456 evulgatam
569 3371 714 3436 Hudsoni
739 3371 910 3435 editionem
937 3372 1000 3437 dici
1022 3372 1134 3456 nequit
1155 3372 1283 3456 quantu
1305 3370 1405 3435 laudi-

269 3481 327 3544 bus
352 3481 449 3545 codex
471 3481 525 3545 ille
540 3480 855 3545 Vrbino-Vaticanus
878 3482 1032 3545 cumulari
1056 3485 1185 3564 coeptus
1208 3481 1260 3545 sit.
1305 3479 1404 3554 Quem

270 3591 454 3654 admodum
477 3591 563 3654 enim
585 3591 719 3654 aliorum
741 3591 931 3674 scriptorum
953 3591 1115 3675 principes
1131 3591 1285 3655 editiones
1300 3588 1405 3674 magis

270 3701 435 3785 magisque
451 3700 700 3784 intellegebatur
715 3723 732 3764 e
747 3701 870 3765 vitiosis
885 3722 980 3784 saepe
997 3704 1052 3765 aut
1067 3700 1256 3782 deterrimis,
1273 3699 1323 3762 vel
1339 3697 1405 3781 plc-

269 3831 401 3894 rumque
416 3813 500 3874 certe
517 3831 534 3873 e
549 3810 759 3874 mediocribus
782 3811 871 3874 libris
893 3833 968 3874 mss.
985 3810 1122 3893 fluxisse,
1146 3810 1192 3873 ita
1214 3809 1280 3873 sere
1303 3807 1406 3892 despi-

271 3920 356 3984 catui
371 3920 444 3983 duci
458 3919 606 4003 Dionysii
629 3919 849 4004 Stephaniana
871 3920 965 3984 solita
988 3923 1045 4001 est,
1071 3941 1186 4003 exque
1209 3918 1312 3982 acrius
1335 3939 1406 4001 per-

270 4034 380 4112 specta
400 4028 552 4092 Vaticani
577 4029 693 4094 codicis
715 4029 912 4113 praestantia
932 4029 1003 4092 fuit.
1040 4027 1217 4092 Pessimum
1243 4025 1406 4110 Stephano

272 4139 412 4203 codicem
434 4139 577 4203 oblatum
600 4138 792 4203 Niebubrius
815 4139 1005 4223 querebatur
1026 4137 1111 4202 Hist.
1135 4137 1227 4200 Rom.
1252 4137 1284 4202 Π
1310 4159 1342 4219 p.
1367 4137 1407 4201 19

271 4249 319 4312 ed.
348 4249 383 4330 23
422 4255 580 4326 eximium,
603 4256 818 4328 praeclarum,
853 4255 984 4328 optimae
1009 4259 1098 4312 nolae
1122 4253 1266 4323 codicem,
1296 4250 1407 4310 librum

267 4365 361 4438 plone
378 4365 561 4439 palmariam
579 4357 772 4421 Vaticanum
791 4359 818 4421 is
837 4357 1053 4440 praedicabat,
1077 4357 1130 4440 qui
1154 4355 1301 4438 Dionysii
1320 4375 1406 4418 men-
