3218 5094
260 395 322 458 636
643 411 689 454 na
713 409 782 456 ouo
806 409 850 454 uu
873 408 1014 454 amona.

262 564 315 628 m.
333 565 377 628 M.
395 585 426 646 p.
445 564 517 646 780,
540 564 598 627 31:
621 563 680 627 οὐκ
702 563 765 627 ἔδει
787 563 822 627 δὲ
846 564 1021 640 ψιλοῡεθαι.
1045 563 1153 640 ‘apoc
1181 562 1231 627 Of.
1255 584 1285 625 v.
1309 563 1404 641 ἄμυ-

261 679 321 739 διε
343 696 375 756 p.
394 674 444 755 87,
465 675 519 737 14:
542 678 600 739 τοῦ
617 675 799 751 πνεύματα(
820 675 1078 752 μεταβληθέντοε.
1101 673 1199 752 ‘apoc
1215 694 1286 736 curn
1302 671 1403 736 Zona-

260 805 297 846 ra
318 807 348 868 p.
364 784 433 848 165.
463 784 576 866 Itaque
599 805 759 867 perpauca
778 786 912 864 restant,
934 804 1068 866 quorum
1083 783 1144 846 hoc
1162 783 1403 867 gravissimum:

261 895 426 973 οἰμωγή,
450 893 638 973 ετεναγμόε,
661 894 865 974 ὀλοφυρμόε,
894 893 960 957 ἀπὸ
983 897 1041 958 τοῦ
1064 893 1200 972 οἰμώζω.
1237 895 1274 959 τὸ
1299 895 1334 958 δὲ
1356 892 1403 957 οἴ-

261 1025 313 1083 μοι
335 1005 517 1081 ἑπεύξηται,
549 1005 644 1084 φηείν
667 1004 879 1082 Ἡρωδιανόε,
902 1003 968 1067 ἀπὸ
989 1007 1047 1067 τοῦ
1071 1003 1103 1068 oi
1125 1003 1336 1082 ψιλουμένου·
1364 1004 1404 1068 τὰ

260 1116 293 1177 h'
315 1114 398 1179 ἄλλα
424 1115 624 1180 bethacaran.
668 1113 786 1193 ὁμοίω(
814 1116 864 1180 καὶ
892 1113 1092 1189 θεόγνωτοε.
1136 1113 1251 1192 Ὥροις
1279 1111 1332 1176 Mt.
1357 1112 1401 1175 M.

259 1245 291 1306 p.
323 1223 402 1306 618,
434 1224 482 1286 17.
534 1222 673 1297 Quorum
703 1225 881 1306 postrema,
916 1223 970 1306 qui
1003 1223 1124 1306 sapiat,
1159 1223 1205 1287 sic
1238 1222 1402 1286 nobiscum

259 1335 467 1416 transponat:
503 1334 610 1414 Ὧραι.
645 1333 765 1412 ὁμοίω(
783 1335 834 1398 καὶ
856 1332 1063 1409 Θεόγνωτοε,
1091 1333 1142 1396 vel
1171 1336 1257 1396 certe
1283 1334 1403 1412 ὁμοίω(

260 1444 339 1528 (καὶ)
362 1443 556 1519 Θεόγνωτοε
583 1445 634 1508 καὶ
655 1443 764 1523 Ὤμοι.
811 1443 862 1505 Ad
890 1444 974 1522 πάθη
998 1465 1091 1506 nemo
1120 1445 1204 1506 esset
1226 1443 1302 1526 quin
1324 1442 1403 1505 rele-

258 1557 352 1637 garet
380 1575 462 1636 quae
489 1553 524 1616 in
551 1553 604 1615 Et.
634 1553 678 1616 M.
707 1575 739 1636 p.
764 1552 842 1633 523,
865 1552 922 1636 22,
959 1552 1040 1616 Gud.
1070 1574 1102 1635 p.
1132 1553 1210 1633 332,
1234 1553 1291 1634 34,
1322 1551 1400 1614 Zon.

257 1685 289 1744 p.
327 1662 408 1726 1243
448 1663 614 1746 legrmtur:
655 1663 675 1728 ὁ
708 1665 743 1727 δὲ
776 1663 875 1741 Ὠροε
914 1663 948 1746 (ὁ
982 1657 1137 1741 Μιλήειοί
1165 1661 1260 1745 Zon,
1298 1661 1400 1724 Paris.

257 1793 289 1854 p.
313 1771 391 1856 925)
419 1773 507 1852 παρὰ
534 1775 572 1837 τὸ
599 1773 674 1838 κείω
707 1773 832 1855 κοιμόε,
868 1773 913 1837 ὼε
942 1773 1042 1836 λείπω
1076 1773 1203 1851 λοιμόε,
1236 1774 1286 1836 καὶ
1320 1772 1403 1850 ῤ’ῆμα

208 1893 241 1941 50
259 1886 396 1963 κοιμῶ,
431 1881 492 1944 nisi
527 1883 620 1945 simul
650 1884 683 1944 et
710 1881 794 1944 idem
827 1881 880 1944 illc
908 1881 1130 1965 Theognostus
1163 1885 1196 1944 et
1226 1881 1403 1945 Herodiani

259 1992 451 2069 ἐπιμεμιεμοί
475 1991 509 2052 iu
532 1991 585 2053 Et.
610 1991 654 2056 M.
680 1991 866 2054 citarentur.
904 1991 999 2055 Cuius
1022 1991 1067 2054 rei
1090 1992 1156 2054 vim
1177 2013 1243 2055 non
1273 1992 1404 2074 ignorat

257 2099 328 2183 qui,
351 2098 511 2182 quodnam
538 2100 622 2163 inter
648 2101 870 2180 ἐπιμεμιεμούε
895 2104 1038 2164 veterum
1067 2101 1350 2184 grammaticorum
1369 2107 1405 2164 et

257 2209 540 2292 orthographioam
555 2209 734 2273 doctrinam
751 2210 931 2274 intercedat
948 2210 1118 2273 affinitatis
1134 2211 1306 2294 vinculum,
1323 2212 1403 2275 satis

256 2319 515 2403 perapenorit.²'²)¹
548 2318 637 2393 Quod
661 2320 790 2383 memini
815 2321 912 2383 etiam
935 2318 1131 2383 Boeckhinm
1158 2321 1341 2404 significare
1364 2344 1404 2385 ea

258 2429 543 2512 commentatione,
573 2452 636 2513 qua
663 2431 702 2492 de
731 2430 805 2493 crisi
834 2430 1011 2493 carminum
1040 2429 1283 2494 Pindaricorum
1308 2453 1403 2514 expo-

257 2540 330 2602 suit.
347 2539 574 2602 -Praeterea
596 2542 646 2603 ter
667 2540 824 2603 monitum
847 2539 896 2609 ab,
911 2539 975 2602 Oro
998 2540 1037 2602 de
1060 2541 1303 2604 consonantium
1325 2563 1403 2624 qua-

256 2650 393 2712 rundam
415 2649 584 2731 scriptura.
629 2648 682 2711 Et.
707 2649 751 2712 M.
782 2673 813 2730 p.
839 2649 917 2730 792,
941 2649 983 2712 34
1006 2671 1077 2712 cum
1100 2648 1224 2713 Zonara
1246 2673 1277 2734 p.
1305 2652 1402 2716 1807:

256 2760 409 2840 φθέγμα
431 2759 450 2822 ὁ
473 2761 530 2838 μὲν
552 2759 650 2837 'apoc
673 2758 706 2842 (ὁ
729 2760 881 2837 Μιλήειοε
902 2758 995 2842 Ζοιι.)
1018 2761 1061 2823 δι’
1083 2761 1158 2824 ἑνὸε
1178 2781 1198 2836 γ
1221 2761 1305 2837 λέγει
1325 2763 1403 2842 γρά-

256 2875 385 2950 φεεθαι,
416 2867 435 2930 ὁ
464 2871 499 2932 δὲ
521 2870 720 2948 Ἡρωδιανὸε
749 2870 801 2932 διὰ
828 2869 904 2946 δύο,
935 2869 1088 2950 φθέγγμα.
1133 2871 1183 2934 καί
1209 2869 1285 2935 ἴεωε
1314 2875 1403 2950 παρὰ

254 2979 291 3042 τὸ
315 2977 504 3058 φθέγγεεθαι
526 3001 551 3042 κ.
567 3000 592 3042 τ.
608 2981 634 3042 λ.
650 3017 692 3026 —
716 2978 769 3041 m.
787 2979 831 3041 M.
850 3001 882 3060 p.
899 2979 973 3060 587,
990 2978 1025 3040 9:
1048 2979 1285 3057 μετάλλειον
1297 3031 1403 3058 ......

258 3090 277 3152 ὃ
301 3089 352 3152 καὶ
373 3089 425 3151 διὰ
447 3092 505 3151 τοῦ
527 3109 547 3164 γ
568 3090 684 3169 γράφει
708 3089 937 3168 Ἀριετοφὰνηε
959 3089 1166 3167 Τελμιεεῦειν.
1203 3089 1310 3168 ’apae
1342 3090 1402 3155 Cui

256 3195 353 3260 affine
383 3199 432 3260 est
460 3219 491 3280 p.
515 3199 594 3280 414,
622 3197 678 3261 4οε
706 3199 874 3264 ζώτειον
902 3199 1198 3277 προπαροξυτόνωε
1231 3200 1250 3263 ὁ
1279 3202 1401 3280 μύλων,

256 3308 344 3387 παρὰ
378 3308 434 3372 τὰ(
467 3309 566 3382 ζειὰε,
603 3307 636 3370 αἳ
670 3309 721 3371 καί
752 3309 820 3374 Ζεαί
853 3311 1025 3374 καλοῦνται
1053 3359 1151 3372 .....
1180 3309 1280 3373 οἱονεὶ
1312 3310 1402 3375 Ζεόν-

258 3438 345 3484 τειον
367 3467 467 3482 .....
496 3417 723 3496 Ἀριετοφάνηε
751 3417 967 3497 Βαβυλωνίοις
994 3419 1199 3494 ζώετειον,
1229 3419 1274 3482 ὡ(
1300 3418 1401 3498 Ὦροε

260 3593 422 3600 ..----.—
443 3593 449 3598 .

339 3689 364 3754 *1
384 3687 441 3756 [Αά
459 3687 655 3742 declarandam
673 3689 860 3754 ἐπιμεριεμιίιν
878 3689 907 3740 εί
924 3688 1113 3754 ὁρθογραφίαε
1132 3687 1304 3753 societatem,
1323 3687 1400 3742 cuiue

255 3781 375 3834 uberiori
394 3779 560 3848 expositioni
578 3779 662 3832 alium
680 3779 771 3833 locum
784 3780 984 3844 constituimus,
1001 3779 1137 3848 imprimis
1155 3780 1312 3848 appositum
1331 3780 1401 3834 illud

254 3879 309 3938 est,
329 3872 404 3938 qnod
420 3873 449 3924 in
467 3871 557 3926 Iahuii
574 3872 673 3926 Annal.
693 3871 787 3941 philol.
808 3891 833 3926 a.
855 3873 989 3927 1827v01.
1011 3873 1048 3924 ΙΙΙ
1070 3891 1097 3940 p.
1116 3878 1164 3926 411
1184 3871 1303 3940 Regium
1326 3873 1400 3927 codi-

254 3983 314 4019 com
332 3964 482 4018 memorari
498 3964 579 4018 video
595 3963 830 4020 Choeroboaci
848 3965 1094 4034 Epimcriamoa
1113 3964 1184 4018 eive
1202 3965 1340 4032 regulae
1359 3966 1400 4020 de

254 4057 508 4127 orthographia
530 4059 679 4111 tenentem.
704 4089 737 4096 —-
763 4057 871 4112 Ibidem
895 4075 967 4124 quae
992 4060 1101 4112 exstare
1122 4059 1272 4110 narramur
1287 4057 1400 4124 Regu·

226 4205 230 4225 ⁸
253 4151 306 4204 lae
331 4151 369 4204 de
392 4149 593 4204 accentibus
616 4149 787 4204 collectae
817 4169 855 4204 ax
886 4151 1030 4220 scriptis
1055 4150 1125 4214 Ori,
1153 4149 1401 4216 Choerobosci‚

254 4243 409 4297 Aetherii
427 4243 641 4310 aliorumque
665 4245 980 4312 grammaticorum,
1003 4243 1038 4297 de
1056 4244 1096 4298 eis
1117 4245 1232 4312 propter
1250 4243 1335 4296 Oruru
1354 4259 1400 4297 vo-

254 4336 398 4388 homenter
421 4335 501 4390 doleo
524 4335 592 4388 nihil
615 4353 660 4390 me
684 4340 857 4405 compertum
881 4337 985 4391 habere
1008 4339 1121 4406 praetor
1137 4336 1190 4389 hoc
1212 4335 1303 4406 ipsum
1320 4335 1401 4390 teeti·

255 4425 383 4480 monium.
422 4431 478 4494 (Ex
495 4433 630 4482 Addendia
645 4449 672 4495 p.
691 4431 754 4497 80.)]
