3254 5092
242 301 301 364 182
646 315 694 362 na
717 313 975 364 srrouonnrars

241 489 440 569 computare,
464 485 591 567 quando
606 483 765 547 veteribus
781 483 831 546 his
846 481 945 565 3253,
969 483 1063 565 2200,
1087 483 1187 566 2322,
1211 484 1295 547 2203
1311 483 1381 548 hice

241 596 435 678 respondent
461 593 606 658 hodierni
639 593 740 675 2995,
774 593 881 675 2032,
909 593 1008 676 2154,
1043 593 1136 657 2027.
1167 631 1209 645 —
1235 593 1382 657 Alterum

241 704 322 767 addo
347 705 420 788 115)
443 703 666 786 Iosephum,
690 702 736 765 sic
756 702 795 765 de
816 702 880 765 suis
901 703 1151 786 Antiquitatium
1173 703 1263 766 libris
1285 707 1383 766 testa-

241 819 309 877 trun
330 837 362 897 p.
387 813 449 877 903
471 812 555 876 Har.
581 813 642 876 792
665 811 778 875 Diod:
809 813 861 876 ἐπὶ
888 813 1013 877 τούτοιε
1041 815 1077 877 δὲ
1105 813 1295 878 κατοπούεω
1324 816 1383 892 τὴν

242 924 486 1004 ἀρχαιολογίαν,
515 923 633 1003 βίβλοι(
662 924 718 1002 μὲν
747 921 842 986 εἴκοει
870 923 1148 1001 περιειλημμένην,
1183 924 1219 989 ἓξ
1248 925 1289 986 δὲ
1317 945 1383 1002 μυ-

243 1035 342 1113 ριὰει
371 1034 519 1112 ετίχων.
550 1031 614 1095 Vbi
642 1031 753 1094 similis
782 1034 877 1114 atque
904 1031 939 1094 in
967 1030 1130 1095 Herodoto
1159 1032 1321 1115 proportio
1348 1033 1384 1095 in

243 1147 392 1226 promptu
413 1163 478 1206 non
495 1145 558 1224 est,
582 1141 737 1224 siquidem
752 1140 942 1204 Didotianns
957 1140 1110 1224 Iosephus
1125 1143 1290 1205 universus
1313 1145 1383 1205 tan—

243 1257 311 1315 tum
325 1252 430 1315 42168
445 1273 553 1314 versus
568 1251 682 1332 habet,
707 1251 904 1334 singulorum
925 1250 1025 1334 igitur
1039 1250 1192 1314 librorum
1207 1273 1273 1314 non
1288 1251 1382 1334 3000,

244 1364 298 1424 sed
320 1361 391 1444 plus
413 1361 517 1424 minus
540 1361 633 1424 2138.
679 1360 825 1443 Apparet
852 1359 1014 1423 liberalius
1037 1360 1189 1443 scriptum
1217 1361 1314 1424 fuisse
1336 1360 1384 1425 Ic-

245 1471 334 1554 sephi
364 1471 503 1534 codicem
532 1470 740 1553 archetypum
767 1491 862 1552 (quam
891 1491 962 1533 eum
991 1469 1132 1533 codicem
1154 1469 1381 1552 Herodoteum,

245 1580 328 1643 unde
356 1579 403 1642 illi
438 1602 515 1663 quos
544 1601 639 1662 supra
671 1579 833 1662 posuimus
866 1578 989 1642 numeri
1024 1580 1195 1663 propagati
1228 1583 1313 1643 sunt.
1343 1615 1386 1628 —-

246 1689 390 1754 Accedat
427 1689 477 1752 his
513 1689 586 1774 110)
621 1688 783 1752 Eusebii
822 1687 1030 1771 Praeparatio
1065 1689 1268 1773 evangelica,
1307 1689 1385 1752 duas

246 1799 368 1862 habens
391 1800 425 1861 in
441 1799 661 1881 antiquissimo
684 1798 791 1861 codice
808 1797 970 1880 Parisino,
994 1798 1047 1881 qui
1069 1799 1207 1882 scriptus
1230 1801 1278 1862 est
1300 1820 1385 1862 anno
1472 1821 1474 1826 ·

247 1977 324 2056 914,
349 1997 495 2038 versuum
517 1974 781 2058 subscriptiones:
805 1974 878 2037 libri
900 1974 995 2058 primi
1017 1925 1064 2041 cii
1084 1973 1199 2061 ,αφνγ’,
1227 1963 1314 2038 tertii
1341 1923 1387 2039 cii

247 2083 375 2170 ,οωνη’,)

332 2347 362 2410 3.
405 2347 453 2410 De
485 2346 697 2410 voluminibus
725 2345 1019 2410 Herculanensibus
1052 2367 1132 2430 quae
1159 2369 1191 2429 p.
1224 2347 1284 2412 123
1318 2371 1385 2431 sqq.

249 2456 464 2538 exposuimuS,
499 2456 534 2520 in
561 2456 605 2518 eis
634 2456 789 2539 quaedam
796 2505 804 2538 ,
839 2456 899 2520 etsi
933 2456 1066 2538 leviora,
1103 2456 1293 2540 corrigenda
1320 2477 1388 2523 esse

249 2565 356 2628 docuit
384 2565 573 2648 Spengelius
602 2566 622 2628 l.
652 2587 677 2628 s.
707 2587 732 2628 s.
788 2565 872 2628 Nam
899 2587 976 2648 quos
1004 2585 1151 2628 numeros
1178 2565 1207 2628 ei
1234 2566 1388 2628 volumini

249 2675 417 2738 tribuimus
441 2675 486 2758 (p.
511 2675 552 2738 99
576 2697 607 2737 n.
632 2674 672 2737 82
696 2674 766 2738 coll.
791 2697 822 2758 p.
842 2675 902 2738 123
925 2697 971 2758 sq.
991 2675 1077 2758 127),
1102 2675 1150 2738 cui
1174 2675 1208 2738 in
1232 2675 1387 2759 Catalogo

251 2784 425 2848 Oxonieusi
447 2805 480 2845 n.
508 2784 587 2846 1426
609 2783 799 2867 inscriptum
822 2787 869 2846 est
892 2785 1027 2848 ΑΡΙΘΜ.
1053 2784 1131 2849 ΧΧΧ
1155 2786 1192 2863 Θ,
1222 2806 1274 2848 eos
1305 2785 1388 2847 Nea-

251 2887 413 2976 politanae
436 2893 584 2955 editionis
606 2893 753 2956 volumen
775 2897 939 2977 quartum,
964 2893 1046 2976 quod
1069 2892 1156 2975 prius
1178 2915 1244 2956 non
1267 2893 1388 2956 videra-

250 3025 335 3084 mus,
359 3003 440 3064 tales
462 3023 548 3064 nunc
570 3001 714 3066 exhibet:
741 3003 983 3083 ΑΡΙΘΜΟΕΧΕ,
1013 3023 1091 3084 quas
1114 3003 1236 3065 litteras
1258 3006 1389 3085 propter

252 3113 382 3176 chartae
397 3111 545 3174 lacunam
565 3112 695 3176 dubium
717 3115 765 3174 est
780 3112 861 3174 aliae
881 3133 983 3175 necne
999 3112 1193 3194 exceperint.
1237 3110 1389 3194 Imperite

251 3221 351 3285 Italus
375 3221 476 3284 editor
494 3222 574 3284 1005
589 3222 817 3304 interpretatus
845 3225 907 3285 est:
931 3243 1039 3284 verum
1062 3221 1143 3284 idem
1167 3225 1277 3284 tamen
1299 3243 1331 3304 p.
1347 3222 1389 3286 46

252 3331 330 3394 satis
358 3330 582 3415 probabiliter,
612 3331 699 3394 mille
727 3331 853 3394 circiter
876 3331 1018 3394 versibus
1046 3330 1123 3393 illud
1146 3330 1293 3394 volumen
1317 3352 1389 3394 con·

252 3428 387 3521 stitisse,
425 3464 442 3504 e
469 3441 648 3522 subscripta
681 3441 716 3503 in
749 3442 812 3504 fine
840 3441 973 3506 εελὶδων
1000 3441 1021 3504 i.
1051 3462 1078 3503 e.
1108 3439 1295 3504 schedarum
1323 3440 1389 3504 sive

252 3551 444 3634 paginarum
459 3551 624 3613 notatione
646 3551 791 3634 collegit,
815 3571 895 3633 quae
918 3550 997 3614 haee
1020 3553 1083 3612 est:
1112 3539 1268 3633 (ΕΛἝΔ,
1285 3551 1340 3614 sed
1354 3554 1390 3614 ut

253 3682 375 3724 rursum
404 3660 500 3722 dubia
528 3659 570 3722 sit
596 3659 701 3722 lacera
729 3659 838 3722 littera
865 3658 1072 3742 paenultima.
1117 3658 1230 3743 ltaque
1253 3659 1391 3724 correxit

253 3769 322 3851 ΛΔ,
346 3770 445 3832 multo
468 3769 499 3832 id
523 3767 648 3851 quidem
670 3769 736 3832 veri
762 3768 897 3832 similius
925 3791 1020 3852 quam
1047 3767 1166 3831 leniore
1189 3791 1266 3832 sane
1288 3773 1390 3833 muta-

253 3879 340 3942 tione
363 3878 569 3960 aSpengelio
592 3877 739 3940 effectum
760 3879 830 3960 OA,
856 3878 943 3941 cuius
965 3878 1070 3940 nullus
1086 3899 1154 3941 esse
1176 3899 1250 3942 usus
1272 3882 1388 3962 potest.

255 3987 408 4052 Constitit
430 3987 530 4071 igitur
551 3986 698 4049 volumen
720 3987 763 4051 34
784 3988 927 4070 paginis,
957 4009 1090 4070 quarum
1111 3987 1146 4049 in
1167 3987 1304 4071 triginta
1326 3988 1389 4050 sin-

255 4097 338 4180 gulis
360 4095 476 4160 triceni
503 4095 587 4158 terni
609 4117 716 4159 versus
747 4097 915 4180 perscripti
938 4099 1046 4173 errant,
1079 4098 1188 4160 decem
1211 4101 1316 4160 saitem
1344 4119 1390 4160 se-

256 4209 377 4269 eundae
393 4209 425 4268 et
445 4205 662 4288 paenultimae
682 4205 858 4288 distributi,
882 4211 1047 4290 praeterea
1069 4205 1143 4268 libri
1166 4205 1265 4269 indici
1287 4206 1390 4288 prima

256 4319 285 4374 al
310 4315 422 4378 ultima
450 4315 570 4398 pagina
593 4315 838 4400 (πρωτόκολλον
866 4318 898 4378 ο1
926 4315 1175 4397 ἐεχατόκολλον)
1198 4314 1388 4380 destinatae.
