3218 5094
275 285 339 348 640
660 302 706 348 nn
730 303 799 350 ono
822 303 867 350 av
890 267 1032 352 omoivn.

277 453 438 516 communi
461 451 650 535 explicando
672 453 749 516 item
772 453 851 518 haec
873 457 1051 538 versantur,
1075 453 1129 518 Er.
1154 455 1198 518 M.
1220 477 1253 538 p.
1270 453 1342 537 389,
1368 457 1434 518 14:

277 562 423 641 Εύβοῖς.
460 563 500 626 τὰ
522 561 565 627 εἰς
594 562 648 627 εύς
671 563 779 628 ἐθνικὰ
806 563 832 629 εἰ
860 567 917 642 μὲν
940 565 1047 644 ἔχουςι
1074 565 1321 645 προηγούμενον
1350 565 1436 644 ςύμ-

276 691 411 752 φωνον,
440 671 483 736 εἰς
510 673 538 735 tc
565 676 692 736 ποιούςι
718 673 755 737 τὸ
784 673 940 752 θηλυκόν,
969 674 1041 738 οἷον
1065 674 1305 753 Ἀλεξανδρεύς,
1335 675 1435 738 Ἀλε-

276 782 401 858 ξανδρὶς
422 782 518 860 γυνή,
548 783 745 860 Ἀντιοχεύς,
775 784 927 862 Ἀντιοχὶς
954 785 1052 862 γιινῆ.Ι
1087 782 1114 848 εἰ
1138 786 1174 848 δὲ
1196 788 1347 865 φωνῆεν,
1384 784 1435 848 εἰς

242 959 248 970 ,
276 889 330 966 ἀς,
353 891 458 954 Ἰλιεύς
481 891 580 956 Ἰλιιίς.
625 891 729 956 ούτως
751 891 860 971 Ὧρος.
904 893 923 956 ὁ
952 894 986 956 δὲ
1013 895 1225 971 γραμματικὸς
1254 893 1435 972 (ωκρύιτης

276 999 433 1076 ἀντιλέγει
454 1021 482 1064 e.
506 1023 536 1084 q.
560 1023 585 1063 s.
636 1000 808 1064 Praeterea
836 1001 953 1065 seimus
985 1001 1021 1064 in
1055 1001 1121 1082 ίτης
1148 1002 1189 1064 ab
1217 1023 1254 1064 eo
1282 1001 1434 1064 formata

277 1110 474 1192 Δωρίτης,
499 1110 664 1189 Τανίτης
687 1111 820 1174 nomina
842 1133 861 1173 a
883 1111 1055 1193 primitivis
1078 1113 1198 1192 Δῶρα,
1221 1113 1325 1189 Ταύα,
1354 1111 1434 1195 qui·

276 1219 335 1282 bus
363 1218 443 1282 adde
473 1220 714 1300 Ταιναρίτης
742 1241 780 1282 ex
802 1219 1035 1304 orthographia
1058 1221 1092 1303 (ξ
1113 1221 1172 1303 22,
1198 1220 1246 1306 1),
1275 1221 1310 1284 in
1338 1222 1433 1300 ιίιτης

277 1332 384 1392 autern
413 1330 604 1408 Νικιώτης
633 1329 784 1394 ιιΝικίοιι
812 1329 946 1413 (κώμη),
976 1350 993 1392 e
1016 1329 1181 1412 Stephano
1203 1352 1236 1412 p.
1262 1329 1337 1412 166,
1374 1330 1430 1394 16.

276 1439 354 1521 405,
381 1438 430 1501 12.
454 1439 533 1521 315,
560 1440 587 1501 1.
633 1418 756 1520 ineptit
783 1441 891 1502 autern
918 1438 1040 1503 Pinedo
1070 1441 1165 1522 atque
1194 1439 1272 1502 adeo
1299 1438 1432 1522 peiera-

277 1548 340 1631 vit,
373 1570 446 1612 cum
468 1569 501 1610 se
523 1547 628 1610 iurare
660 1549 706 1610 ait
727 1570 759 1630 p.
783 1547 878 1612 6945
901 1547 958 1612 Ori
980 1547 1121 1612 Ethnioa
1145 1549 1242 1611 etiam
1267 1549 1338 1612 voci
1363 1550 1431 1614 Φε-

277 1660 402 1738 νέβηθις
429 1656 627 1720 restituenda
655 1677 739 1721 esse:
767 1657 823 1719 ubi
851 1658 1061 1738 Φενεβηθίτης
1090 1655 1267 1742 Horapollo
1294 1657 1429 1721 dieitur.

278 1769 358 1833 Cum
382 1768 534 1846 Νικιιύτης
565 1765 820 1831 contendendum
843 1767 1033 1847 Αίλιιίιτης
1056 1767 1096 1830 ab
1118 1768 1207 1832 Αἰλία
1229 1768 1324 1831 urbe:
1351 1789 1431 1851 per-

277 1899 388 1961 peram
417 1877 502 1940 enim
529 1876 564 1938 in
592 1875 646 1938 Et.
670 1875 715 1940 M.
739 1898 770 1958 p.
795 1877 846 1959 34,
869 1878 891 1938 4
920 1877 1075 1960 seriptum
1101 1877 1227 1957 Ὠρίων.
1278 1877 1328 1940 Ex
1357 1878 1431 1942 Oro

279 1987 442 2070 ambigere
465 1986 541 2049 lieet
562 2006 639 2047 num
662 1985 718 2048 illa
741 2007 864 2069 quoque
887 1986 982 2050 ducta
1011 1987 1077 2050 sint
1099 2008 1130 2069 p.
1154 1985 1192 2069 2,
1216 1986 1257 2050 28
1279 1989 1317 2051 τὸ
1341 1987 1430 2052 ἐθνι-

279 2099 337 2162 κὸν
365 2098 595 2176 Ἀβαρναῑος
627 2095 678 2158 καί
708 2097 746 2159 τὸ
774 2097 912 2174 θηλυκὸν
940 2097 1124 2178 Ἀβαρναίη,
1160 2096 1211 2159 vel
1243 2117 1263 2158 a
1296 2095 1428 2159 Zonara

279 2205 384 2289 posita
405 2228 437 2288 p.
461 2205 519 2286 44,
543 2205 574 2268 5.
598 2203 629 2268 6.

362 2333 393 2395 2.
425 2331 487 2396 Sed
509 2332 544 2396 in
566 2332 663 2416 longe
691 2331 852 2416 plurimis,
882 2356 960 2417 quas
987 2332 1126 2419 gentiles
1154 2333 1273 2398 formas
1302 2334 1343 2398 ab
1372 2355 1426 2398 ur-

278 2443 366 2507 bium
392 2446 612 2526 terrarumque
639 2442 823 2507 nominibus
851 2444 1026 2528 quibusque
1049 2444 1132 2509 Orus
1154 2444 1295 2527 duxerit,
1324 2444 1426 2508 adno-

278 2557 348 2617 tare
371 2553 544 2638 etymologi
567 2573 696 2635 prorsus
718 2553 948 2638 neglexerunt,
976 2554 1012 2617 in
1040 2554 1230 2638 aucupanda
1255 2555 1427 2618 nominum

279 2662 495 2748 originatione
517 2662 665 2746 oooupati
687 2663 764 2726 sola.
800 2661 906 2736 Quid?
928 2662 1012 2746 quod
1034 2685 1075 2727 ue
1097 2664 1182 2728 hano
1204 2664 1331 2748 quidem
1353 2663 1425 2748 qui-

228 2787 260 2834 53
278 2773 412 2837 busdam
433 2772 468 2835 in
496 2771 573 2835 loeis
597 2777 844 2854 conservarunt,
875 2777 911 2836 ut
932 2795 962 2837 v.
988 2775 1119 2853 Καπύη
1142 2773 1197 2838 Et.
1221 2773 1265 2838 M.
1289 2795 1321 2858 p.
1344 2774 1423 2856 490,

278 2885 298 2946 2
321 2883 393 2946 ooll.
422 2882 543 2946 Adnot.
572 2905 604 2965 p.
629 2882 701 2964 909,
725 2882 802 2946 Zon.
827 2883 973 2965 ρ.1056;
996 2884 1090 2949 πόλις
1114 2885 1258 2968 Ἰταλίας,
1282 2887 1322 2963 ἣν
1345 2886 1424 2950 Ῥῶ-

278 3015 337 3074 μος
360 2995 410 3058 καὶ
430 2993 594 3071 Ῥωμύλος
621 2993 683 3057 υἱοί
704 2992 828 3058 Αἰνείου
851 2991 961 3078 (vulgo
983 2996 1121 3075 Ἄρεως,
1154 2995 1195 3059 of.
1218 3018 1251 3079 p.
1277 2995 1355 3077 705,
1378 2995 1420 3060 51

281 3107 325 3189 [ot
346 3104 543 3169 Klausenum
565 3105 695 3168 Aeneae
718 3125 749 3186 p.
773 3101 863 3190 550))
886 3105 1024 3171 ἔκτιςανε
1052 3106 1097 3170 ὥς
1119 3127 1195 3188 φηςι
1219 3107 1376 3186 Κεφάλων
1403 3103 1424 3167 ὁ

281 3217 436 3296 Γεργίθιος
462 3216 572 3301 (vulgo
602 3218 621 3280 Γ
623 3215 791 3299 εργῆθιος).
836 3214 941 3279 οὕτως
962 3215 1062 3295 Ὠρος
1090 3216 1110 3280 ὁ
1140 3216 1302 3294 Μιλήςιος.
1346 3213 1423 3289 Qui-

279 3491 418 3558 Θυάτειρα
430 3489 481 3543 ’καί
501 3488 623 3556 Γέρμαρα
644 3489 689 3540 καὶ
710 3485 817 3555 Γύγγρα
835 3489 982 3555 παρῆκται.
1016 3485 1113 3544 Altera
1134 3483 1181 3543 via
1202 3487 1272 3542 haec
1294 3485 1349 3542 est:
1374 3505 1422 3542 κα·

279 3585 369 3649 θύπερ
387 3585 432 3637 ἐπὶ
450 3588 503 3636 τού
522 3582 692 3648 Ἀγκορανὸς
712 3583 757 3633 καί
776 3582 909 3647 (ωρανός
928 3581 1117 3648 (Phoeniciam
1134 3583 1232 3636 urbem
1251 3583 1356 3652 cogita)
1374 3586 1422 3636 καί

280 3678 364 3730 πάλιν
382 3676 585 3743 Θυατειρηνὸς,
611 3675 786 3742 Γερμαρηνός
813 3676 858 3727 καλ
878 3675 1049 3742 Γαγγρηνὸς·
1073 3677 1115 3729 ὠν
1139 3679 1175 3730 τὰ
1198 3677 1248 3742 μὲν
1271 3677 1348 3744 παρὰ
1365 3678 1422 3742 τήν

279 3772 420 3836 Ἀγκομαν
443 3772 487 3822 καί
511 3769 611 3834 (ιύραν
633 3769 814 3834 ςυνεξέδραμε
836 3773 878 3835 τῷ
904 3770 1027 3838 Ἰταλικῷ
1056 3775 1223 3838 χαρακτῆρι,
1249 3771 1285 3824 τὰ
1311 3771 1341 3822 δέ
1367 3771 1421 3822 oet.

278 3861 358 3915 Nunc
375 3861 455 3916 video
474 3877 558 3914 unum
575 3863 723 3928 praeterea
740 3877 800 3914 esse
823 3860 851 3914 in
875 3877 929 3927 quo
952 3880 1007 3917 non
1026 3863 1128 3917 sentire
1150 3863 1255 3932 possim
1279 3879 1340 3916 oum
1358 3877 1423 3915 aue·

279 3957 348 4009 tora.
384 3955 457 4008 Nam
475 3953 560 4008 verba
577 3969 648 4020 quae
665 3970 739 4007 nune
761 3954 891 4023 leguntur
908 3958 974 4023 post
995 3961 1148 4024 παρῆκται,
1173 3973 1290 4022 quorum
1311 3953 1422 4008 initium

279 4051 323 4102 est
341 4050 412 4102 ἀλλὰ
430 4051 476 4102 καί
494 4049 621 4115 θηλυκῶς
641 4048 750 4112 λέγεται
767 4049 785 4113 ῆ
807 4049 930 4115 Γάγγρα,
954 4049 1048 4102 omnia
1065 4050 1119 4103 huo
1141 4067 1158 4102 a
1176 4049 1280 4102 lectore
1298 4046 1421 4120 qpodam

279 4142 418 4194 translatu
435 4159 496 4195 esse
515 4157 548 4193 ex
565 4140 701 4193 vocabulo
716 4140 823 4207 Γύγγρα
840 4142 907 4195 mihi
926 4143 1022 4196 atatim
1039 4143 1075 4196 ab
1093 4141 1172 4196 initio
1191 4141 1365 4210 exploratum
1383 4140 1422 4193 vi-

280 4233 398 4286 debatur
421 4237 451 4288 et
473 4251 545 4287 nuno
567 4233 686 4286 videtur:
710 4250 776 4286 num
798 4235 852 4288 huo
873 4253 908 4288 ne
931 4253 1015 4289 unum
1039 4235 1151 4303 quidem
1175 4235 1289 4289 verbum
1307 4233 1421 4288 existis

280 4326 432 4396 pertinet]
