<?xml version="1.0" encoding="UTF-8"?>
<!DOCTYPE html PUBLIC "-//W3C//DTD XHTML 1.0 Transitional//EN"
    "http://www.w3.org/TR/xhtml1/DTD/xhtml1-transitional.dtd">
<html xmlns="http://www.w3.org/1999/xhtml" xml:lang="en" lang="en">
 <head>
  <title>
</title>
<meta http-equiv="Content-Type" content="text/html;charset=utf-8" />
  <meta name='ocr-system' content='tesseract 3.04.00' />
  <meta name='ocr-capabilities' content='ocr_page ocr_carea ocr_par ocr_line ocrx_word'/>
</head>
<body>
  <div class='ocr_page' id='page_1' title='image "./fridericiritsch11wachgoog_0635.png"; bbox 0 0 3218 5094; ppageno 0'>
   <div class='ocr_carea' id='block_1_1' title="bbox 274 271 1032 336">
    <p class='ocr_par' dir='ltr' id='par_1_1' title="bbox 274 271 1032 336">
     <span class='ocr_line' id='line_1_1' title="bbox 274 271 1032 336; baseline 0 -2"><span class='ocrx_word' id='word_1_1' title='bbox 274 271 337 334; x_wconf 86' lang='grc'><strong>612</strong></span> <span class='ocrx_word' id='word_1_2' title='bbox 659 289 705 334; x_wconf 84' lang='lat' dir='ltr'><strong>nn</strong></span> <span class='ocrx_word' id='word_1_3' title='bbox 730 289 799 334; x_wconf 86' lang='lat' dir='ltr'><strong>ono</strong></span> <span class='ocrx_word' id='word_1_4' title='bbox 823 289 867 334; x_wconf 83' lang='lat' dir='ltr'><strong>nr</strong></span> <span class='ocrx_word' id='word_1_5' title='bbox 890 287 1032 336; x_wconf 82' lang='lat' dir='ltr'><strong>omosn.</strong></span> 
     </span>
    </p>
   </div>
   <div class='ocr_carea' id='block_1_2' title="bbox 148 439 1498 4370">
    <p class='ocr_par' dir='ltr' id='par_1_2' title="bbox 148 439 1498 4370">
     <span class='ocr_line' id='line_1_2' title="bbox 275 439 1414 524; baseline 0.004 -23"><span class='ocrx_word' id='word_1_6' title='bbox 275 440 333 501; x_wconf 92' lang='lat' dir='ltr'><strong>bus</strong></span> <span class='ocrx_word' id='word_1_7' title='bbox 356 459 393 502; x_wconf 89' lang='lat' dir='ltr'><strong>ea</strong></span> <span class='ocrx_word' id='word_1_8' title='bbox 416 439 622 502; x_wconf 77' lang='lat' dir='ltr'><strong>incrementis</strong></span> <span class='ocrx_word' id='word_1_9' title='bbox 644 439 810 502; x_wconf 77' lang='lat' dir='ltr'><strong>historiam</strong></span> <span class='ocrx_word' id='word_1_10' title='bbox 827 441 905 502; x_wconf 88' lang='lat' dir='ltr'><strong>artis</strong></span> <span class='ocrx_word' id='word_1_11' title='bbox 920 441 1151 524; x_wconf 86' lang='lat' dir='ltr'><strong>grammaticae</strong></span> <span class='ocrx_word' id='word_1_12' title='bbox 1172 439 1414 524; x_wconf 77' lang='lat' dir='ltr'><strong>locupletantis.</strong></span> 
     </span>
     <span class='ocr_line' id='line_1_3' title="bbox 275 548 1416 633; baseline 0.003 -23"><span class='ocrx_word' id='word_1_13' title='bbox 275 548 544 612; x_wconf 71' lang='lat' dir='ltr'><strong>Testimoniorum</strong></span> <span class='ocrx_word' id='word_1_14' title='bbox 567 571 604 612; x_wconf 85' lang='lat' dir='ltr'><strong>ex</strong></span> <span class='ocrx_word' id='word_1_15' title='bbox 621 549 780 612; x_wconf 87' lang='lat' dir='ltr'><strong>veteribus</strong></span> <span class='ocrx_word' id='word_1_16' title='bbox 803 550 1021 633; x_wconf 78' lang='lat' dir='ltr'><strong>scriptoribus,</strong></span> <span class='ocrx_word' id='word_1_17' title='bbox 1046 550 1266 633; x_wconf 80' lang='lat' dir='ltr'><strong>grammaticis</strong></span> <span class='ocrx_word' id='word_1_18' title='bbox 1288 550 1416 632; x_wconf 89' lang='lat' dir='ltr'><strong>potissi-</strong></span> 
     </span>
     <span class='ocr_line' id='line_1_4' title="bbox 275 659 1416 744; baseline 0.002 -24"><span class='ocrx_word' id='word_1_19' title='bbox 275 680 361 720; x_wconf 91' lang='lat' dir='ltr'><strong>mum</strong></span> <span class='ocrx_word' id='word_1_20' title='bbox 384 659 628 742; x_wconf 84' lang='lat' dir='ltr'><strong>diligentissime</strong></span> <span class='ocrx_word' id='word_1_21' title='bbox 652 659 863 723; x_wconf 85' lang='lat' dir='ltr'><strong>excitatorum</strong></span> <span class='ocrx_word' id='word_1_22' title='bbox 885 660 1124 724; x_wconf 90' lang='lat' dir='ltr'><strong>multitudinem</strong></span> <span class='ocrx_word' id='word_1_23' title='bbox 1141 663 1216 724; x_wconf 87' lang='lat' dir='ltr'><strong>ante</strong></span> <span class='ocrx_word' id='word_1_24' title='bbox 1233 681 1328 744; x_wconf 86' lang='lat' dir='ltr'><strong>quam</strong></span> <span class='ocrx_word' id='word_1_25' title='bbox 1350 660 1416 723; x_wconf 91' lang='lat' dir='ltr'><strong>edi-</strong></span> 
     </span>
     <span class='ocr_line' id='line_1_5' title="bbox 275 767 1415 853; baseline 0.003 -23"><span class='ocrx_word' id='word_1_26' title='bbox 275 771 343 830; x_wconf 91' lang='lat' dir='ltr'><strong>tum</strong></span> <span class='ocrx_word' id='word_1_27' title='bbox 369 768 433 831; x_wconf 90' lang='lat' dir='ltr'><strong>fuit</strong></span> <span class='ocrx_word' id='word_1_28' title='bbox 458 767 587 832; x_wconf 82' lang='lat' dir='ltr'><strong>Bestius</strong></span> <span class='ocrx_word' id='word_1_29' title='bbox 615 769 739 852; x_wconf 87' lang='lat' dir='ltr'><strong>pridem</strong></span> <span class='ocrx_word' id='word_1_30' title='bbox 768 768 965 833; x_wconf 77' lang='lat' dir='ltr'><strong>collaudaret</strong></span> <span class='ocrx_word' id='word_1_31' title='bbox 993 770 1027 834; x_wconf 91' lang='lat' dir='ltr'><strong>in</strong></span> <span class='ocrx_word' id='word_1_32' title='bbox 1056 769 1153 853; x_wconf 88' lang='lat' dir='ltr'><strong>Greg.</strong></span> <span class='ocrx_word' id='word_1_33' title='bbox 1185 769 1255 834; x_wconf 81' lang='lat' dir='ltr'><strong>Cor.</strong></span> <span class='ocrx_word' id='word_1_34' title='bbox 1280 793 1311 853; x_wconf 91' lang='lat' dir='ltr'><strong>p.</strong></span> <span class='ocrx_word' id='word_1_35' title='bbox 1334 770 1415 834; x_wconf 83' lang='lat'>459:</span> 
     </span>
     <span class='ocr_line' id='line_1_6' title="bbox 275 879 1415 964; baseline 0.002 -24"><span class='ocrx_word' id='word_1_36' title='bbox 275 899 335 940; x_wconf 95' lang='lat' dir='ltr'><strong>nec</strong></span> <span class='ocrx_word' id='word_1_37' title='bbox 357 899 446 961; x_wconf 91' lang='lat' dir='ltr'><strong>spem</strong></span> <span class='ocrx_word' id='word_1_38' title='bbox 468 879 585 942; x_wconf 88' lang='lat' dir='ltr'><strong>fefellit</strong></span> <span class='ocrx_word' id='word_1_39' title='bbox 608 884 750 943; x_wconf 84' lang='lat' dir='ltr'><strong>eventus.</strong></span> <span class='ocrx_word' id='word_1_40' title='bbox 782 879 943 954; x_wconf 80' lang='lat' dir='ltr'><strong>Quantum</strong></span> <span class='ocrx_word' id='word_1_41' title='bbox 964 880 1117 964; x_wconf 83' lang='lat' dir='ltr'><strong>igiturex</strong></span> <span class='ocrx_word' id='word_1_42' title='bbox 1139 879 1204 943; x_wconf 88' lang='lat' dir='ltr'><strong>illis</strong></span> <span class='ocrx_word' id='word_1_43' title='bbox 1227 879 1304 963; x_wconf 90' lang='lat' dir='ltr'><strong>ipsis</strong></span> <span class='ocrx_word' id='word_1_44' title='bbox 1326 879 1415 943; x_wconf 88' lang='lat' dir='ltr'><strong>testi-</strong></span> 
     </span>
     <span class='ocr_line' id='line_1_7' title="bbox 274 988 1416 1073; baseline 0.001 -23"><span class='ocrx_word' id='word_1_45' title='bbox 274 988 390 1051; x_wconf 90' lang='lat' dir='ltr'><strong>moniis</strong></span> <span class='ocrx_word' id='word_1_46' title='bbox 421 989 597 1072; x_wconf 84' lang='lat' dir='ltr'><strong>colligitur,</strong></span> <span class='ocrx_word' id='word_1_47' title='bbox 633 989 813 1073; x_wconf 82' lang='lat' dir='ltr'><strong>praecipui,</strong></span> <span class='ocrx_word' id='word_1_48' title='bbox 844 1011 861 1052; x_wconf 90' lang='lat' dir='ltr'><strong>e</strong></span> <span class='ocrx_word' id='word_1_49' title='bbox 889 989 1002 1073; x_wconf 87' lang='lat' dir='ltr'><strong>quibus</strong></span> <span class='ocrx_word' id='word_1_50' title='bbox 1030 1011 1109 1073; x_wconf 90' lang='lat' dir='ltr'><strong>opus</strong></span> <span class='ocrx_word' id='word_1_51' title='bbox 1137 1011 1227 1052; x_wconf 90' lang='lat' dir='ltr'><strong>suum</strong></span> <span class='ocrx_word' id='word_1_52' title='bbox 1259 991 1416 1073; x_wconf 87' lang='lat' dir='ltr'><strong>magister</strong></span> 
     </span>
     <span class='ocr_line' id='line_1_8' title="bbox 275 1097 1413 1182; baseline 0 -20"><span class='ocrx_word' id='word_1_53' title='bbox 275 1097 497 1162; x_wconf 83' lang='lat' dir='ltr'><strong>Caesareensis</strong></span> <span class='ocrx_word' id='word_1_54' title='bbox 521 1099 718 1182; x_wconf 81' lang='lat' dir='ltr'><strong>compilarat,</strong></span> <span class='ocrx_word' id='word_1_55' title='bbox 741 1099 847 1161; x_wconf 86' lang='lat' dir='ltr'><strong>fontes</strong></span> <span class='ocrx_word' id='word_1_56' title='bbox 862 1098 895 1161; x_wconf 92' lang='lat' dir='ltr'><strong>hi</strong></span> <span class='ocrx_word' id='word_1_57' title='bbox 911 1099 1052 1178; x_wconf 86' lang='lat' dir='ltr'><strong>fuerunt,</strong></span> <span class='ocrx_word' id='word_1_58' title='bbox 1074 1098 1241 1182; x_wconf 90' lang='lat' dir='ltr'><strong>dequibus</strong></span> <span class='ocrx_word' id='word_1_59' title='bbox 1263 1100 1413 1182; x_wconf 88' lang='lat' dir='ltr'><strong>quoniam</strong></span> 
     </span>
     <span class='ocr_line' id='line_1_9' title="bbox 274 1207 1415 1292; baseline 0.002 -22"><span class='ocrx_word' id='word_1_60' title='bbox 274 1207 430 1292; x_wconf 87' lang='lat' dir='ltr'><strong>singulari</strong></span> <span class='ocrx_word' id='word_1_61' title='bbox 453 1209 638 1292; x_wconf 89' lang='lat' dir='ltr'><strong>quaestione</strong></span> <span class='ocrx_word' id='word_1_62' title='bbox 661 1209 895 1291; x_wconf 88' lang='lat' dir='ltr'><strong>disputaturum</strong></span> <span class='ocrx_word' id='word_1_63' title='bbox 923 1231 989 1272; x_wconf 89' lang='lat' dir='ltr'><strong>non</strong></span> <span class='ocrx_word' id='word_1_64' title='bbox 1016 1207 1144 1271; x_wconf 88' lang='lat' dir='ltr'><strong>deficiat</strong></span> <span class='ocrx_word' id='word_1_65' title='bbox 1166 1208 1325 1272; x_wconf 91' lang='lat' dir='ltr'><strong>scribendi</strong></span> <span class='ocrx_word' id='word_1_66' title='bbox 1347 1231 1415 1272; x_wconf 90' lang='lat' dir='ltr'><strong>ma-</strong></span> 
     </span>
     <span class='ocr_line' id='line_1_10' title="bbox 274 1317 1415 1403; baseline 0.002 -23"><span class='ocrx_word' id='word_1_67' title='bbox 274 1317 371 1398; x_wconf 85' lang='lat' dir='ltr'><strong>teria,</strong></span> <span class='ocrx_word' id='word_1_68' title='bbox 402 1319 486 1382; x_wconf 88' lang='lat' dir='ltr'><strong>malo</strong></span> <span class='ocrx_word' id='word_1_69' title='bbox 509 1318 590 1382; x_wconf 83' lang='lat' dir='ltr'><strong>nihil</strong></span> <span class='ocrx_word' id='word_1_70' title='bbox 618 1341 712 1402; x_wconf 88' lang='lat' dir='ltr'><strong>quam</strong></span> <span class='ocrx_word' id='word_1_71' title='bbox 736 1341 839 1402; x_wconf 89' lang='lat' dir='ltr'><strong>pauca</strong></span> <span class='ocrx_word' id='word_1_72' title='bbox 862 1319 1081 1382; x_wconf 88' lang='lat' dir='ltr'><strong>commentari.</strong></span> <span class='ocrx_word' id='word_1_73' title='bbox 1126 1319 1293 1382; x_wconf 80' lang='lat' dir='ltr'><strong>Tractavit</strong></span> <span class='ocrx_word' id='word_1_74' title='bbox 1314 1319 1415 1403; x_wconf 88' lang='lat' dir='ltr'><strong>igitur</strong></span> 
     </span>
     <span class='ocr_line' id='line_1_11' title="bbox 274 1421 1415 1512; baseline -0.001 -20"><span class='ocrx_word' id='word_1_75' title='bbox 274 1427 351 1492; x_wconf 93' lang='lat' dir='ltr'><strong>Orio</strong></span> <span class='ocrx_word' id='word_1_76' title='bbox 367 1450 406 1491; x_wconf 87' lang='lat' dir='ltr'><strong>ex</strong></span> <span class='ocrx_word' id='word_1_77' title='bbox 423 1429 478 1510; x_wconf 90' lang='lat' dir='ltr'><strong>eis,</strong></span> <span class='ocrx_word' id='word_1_78' title='bbox 503 1429 557 1512; x_wconf 90' lang='lat' dir='ltr'><strong>qui</strong></span> <span class='ocrx_word' id='word_1_79' title='bbox 573 1429 802 1512; x_wconf 84' lang='lat' dir='ltr'><strong>etymplogieos</strong></span> <span class='ocrx_word' id='word_1_80' title='bbox 818 1421 886 1512; x_wconf 91' lang='lat' dir='ltr'><strong>ipsi</strong></span> <span class='ocrx_word' id='word_1_81' title='bbox 908 1428 1006 1492; x_wconf 88' lang='lat' dir='ltr'><strong>libros</strong></span> <span class='ocrx_word' id='word_1_82' title='bbox 1031 1430 1292 1511; x_wconf 88' lang='lat' dir='ltr'><strong>composuissent,</strong></span> <span class='ocrx_word' id='word_1_83' title='bbox 1317 1430 1415 1511; x_wconf 85' lang='lat' dir='ltr'><strong>Apol·</strong></span> 
     </span>
     <span class='ocr_line' id='line_1_12' title="bbox 275 1536 1414 1622; baseline 0.003 -23"><span class='ocrx_word' id='word_1_84' title='bbox 275 1536 428 1620; x_wconf 89' lang='lat' dir='ltr'><strong>lodorum,</strong></span> <span class='ocrx_word' id='word_1_85' title='bbox 453 1538 656 1602; x_wconf 88' lang='lat' dir='ltr'><strong>Heraclidem</strong></span> <span class='ocrx_word' id='word_1_86' title='bbox 680 1539 864 1620; x_wconf 86' lang='lat' dir='ltr'><strong>Ponticum,</strong></span> <span class='ocrx_word' id='word_1_87' title='bbox 894 1537 1050 1602; x_wconf 81' lang='lat' dir='ltr'><strong>Soranum</strong></span> <span class='ocrx_word' id='word_1_88' title='bbox 1072 1538 1229 1602; x_wconf 90' lang='lat' dir='ltr'><strong>medicum</strong></span> <span class='ocrx_word' id='word_1_89' title='bbox 1253 1542 1286 1602; x_wconf 91' lang='lat' dir='ltr'><strong>et</strong></span> <span class='ocrx_word' id='word_1_90' title='bbox 1308 1560 1414 1622; x_wconf 91' lang='lat' dir='ltr'><strong>gram-</strong></span> 
     </span>
     <span class='ocr_line' id='line_1_13' title="bbox 273 1647 1413 1733; baseline 0 -23"><span class='ocrx_word' id='word_1_91' title='bbox 273 1648 426 1710; x_wconf 88' lang='lat' dir='ltr'><strong>maticum</strong></span> <span class='ocrx_word' id='word_1_92' title='bbox 456 1649 510 1730; x_wconf 89' lang='lat' dir='ltr'><strong>(cf.</strong></span> <span class='ocrx_word' id='word_1_93' title='bbox 537 1649 672 1711; x_wconf 76' lang='lat' dir='ltr'><strong>Fabricii</strong></span> <span class='ocrx_word' id='word_1_94' title='bbox 696 1647 779 1711; x_wconf 91' lang='lat' dir='ltr'><strong>Bibl.</strong></span> <span class='ocrx_word' id='word_1_95' title='bbox 804 1670 853 1732; x_wconf 91' lang='lat' dir='ltr'><strong>gr.</strong></span> <span class='ocrx_word' id='word_1_96' title='bbox 878 1647 940 1712; x_wconf 88' lang='lat' dir='ltr'><strong>XII</strong></span> <span class='ocrx_word' id='word_1_97' title='bbox 969 1671 1000 1731; x_wconf 92' lang='lat' dir='ltr'><strong>p.</strong></span> <span class='ocrx_word' id='word_1_98' title='bbox 1025 1649 1088 1712; x_wconf 79' lang='lat'><strong>685</strong></span> <span class='ocrx_word' id='word_1_99' title='bbox 1110 1647 1234 1733; x_wconf 84' lang='lat' dir='ltr'><strong>Harl),</strong></span> <span class='ocrx_word' id='word_1_100' title='bbox 1264 1649 1316 1731; x_wconf 92' lang='lat' dir='ltr'><strong>qui</strong></span> <span class='ocrx_word' id='word_1_101' title='bbox 1346 1649 1413 1732; x_wconf 92' lang='lat' dir='ltr'><strong>qui-</strong></span> 
     </span>
     <span class='ocr_line' id='line_1_14' title="bbox 273 1756 1414 1842; baseline 0.004 -23"><span class='ocrx_word' id='word_1_102' title='bbox 273 1756 344 1820; x_wconf 89' lang='lat' dir='ltr'><strong>dem</strong></span> <span class='ocrx_word' id='word_1_103' title='bbox 366 1779 431 1822; x_wconf 90' lang='lat' dir='ltr'><strong>non</strong></span> <span class='ocrx_word' id='word_1_104' title='bbox 455 1759 494 1822; x_wconf 91' lang='lat' dir='ltr'><strong>de</strong></span> <span class='ocrx_word' id='word_1_105' title='bbox 516 1758 679 1842; x_wconf 85' lang='lat' dir='ltr'><strong>quibusvis</strong></span> <span class='ocrx_word' id='word_1_106' title='bbox 703 1758 904 1842; x_wconf 82' lang='lat' dir='ltr'><strong>etymologiis</strong></span> <span class='ocrx_word' id='word_1_107' title='bbox 927 1759 1144 1841; x_wconf 86' lang='lat' dir='ltr'><strong>quaesiverat,</strong></span> <span class='ocrx_word' id='word_1_108' title='bbox 1174 1758 1228 1821; x_wconf 90' lang='lat' dir='ltr'><strong>sed</strong></span> <span class='ocrx_word' id='word_1_109' title='bbox 1252 1761 1323 1838; x_wconf 82' lang='grc' dir='ltr'>περὶ</span> <span class='ocrx_word' id='word_1_110' title='bbox 1346 1759 1414 1823; x_wconf 84' lang='grc' dir='ltr'>ἐτυ-</span> 
     </span>
     <span class='ocr_line' id='line_1_15' title="bbox 273 1867 1413 1951; baseline -0.001 -20"><span class='ocrx_word' id='word_1_111' title='bbox 273 1870 436 1944; x_wconf 85' lang='grc' dir='ltr'>μολογιῶν</span> <span class='ocrx_word' id='word_1_112' title='bbox 465 1873 523 1933; x_wconf 87' lang='grc' dir='ltr'><strong>τοῦ</strong></span> <span class='ocrx_word' id='word_1_113' title='bbox 552 1871 696 1947; x_wconf 70' lang='lat' dir='ltr'><strong>cuperat</strong></span> <span class='ocrx_word' id='word_1_114' title='bbox 718 1873 777 1933; x_wconf 85' lang='grc' dir='ltr'><strong>τοῦ</strong></span> <span class='ocrx_word' id='word_1_115' title='bbox 800 1868 992 1947; x_wconf 72' lang='grc' dir='ltr'>ἀνθρώπους</span> <span class='ocrx_word' id='word_1_116' title='bbox 1031 1869 1057 1932; x_wconf 89' lang='lat' dir='ltr'><strong>is</strong></span> <span class='ocrx_word' id='word_1_117' title='bbox 1085 1868 1171 1932; x_wconf 90' lang='lat' dir='ltr'><strong>enim</strong></span> <span class='ocrx_word' id='word_1_118' title='bbox 1198 1868 1310 1951; x_wconf 90' lang='lat' dir='ltr'><strong>plenus</strong></span> <span class='ocrx_word' id='word_1_119' title='bbox 1339 1867 1413 1931; x_wconf 90' lang='lat' dir='ltr'><strong>libri</strong></span> 
     </span>
     <span class='ocr_line' id='line_1_16' title="bbox 148 1971 1413 2062; baseline 0.002 -24"><span class='ocrx_word' id='word_1_120' title='bbox 148 1971 162 2000; x_wconf 74' lang='lat'>⁸</span> <span class='ocrx_word' id='word_1_121' title='bbox 273 1975 368 2039; x_wconf 85' lang='lat' dir='ltr'><strong>index</strong></span> <span class='ocrx_word' id='word_1_122' title='bbox 397 1977 468 2040; x_wconf 85' lang='lat' dir='ltr'><strong>fuit.</strong></span> <span class='ocrx_word' id='word_1_123' title='bbox 515 1978 647 2042; x_wconf 88' lang='lat' dir='ltr'><strong>Praeter</strong></span> <span class='ocrx_word' id='word_1_124' title='bbox 675 1979 732 2041; x_wconf 92' lang='lat' dir='ltr'><strong>hos</strong></span> <span class='ocrx_word' id='word_1_125' title='bbox 761 1999 832 2042; x_wconf 91' lang='lat' dir='ltr'><strong>cum</strong></span> <span class='ocrx_word' id='word_1_126' title='bbox 858 1978 942 2062; x_wconf 88' lang='lat' dir='ltr'><strong>apud</strong></span> <span class='ocrx_word' id='word_1_127' title='bbox 969 1978 1210 2060; x_wconf 86' lang='lat' dir='ltr'><strong>probatissimos</strong></span> <span class='ocrx_word' id='word_1_128' title='bbox 1238 1977 1317 2041; x_wconf 88' lang='lat' dir='ltr'><strong>artis</strong></span> <span class='ocrx_word' id='word_1_129' title='bbox 1340 1999 1413 2041; x_wconf 90' lang='lat' dir='ltr'><strong>anc-</strong></span> 
     </span>
     <span class='ocr_line' id='line_1_17' title="bbox 273 2086 1413 2172; baseline 0.002 -24"><span class='ocrx_word' id='word_1_130' title='bbox 273 2089 357 2148; x_wconf 91' lang='lat' dir='ltr'><strong>tores</strong></span> <span class='ocrx_word' id='word_1_131' title='bbox 387 2086 527 2149; x_wconf 87' lang='lat' dir='ltr'><strong>studiose</strong></span> <span class='ocrx_word' id='word_1_132' title='bbox 556 2088 756 2172; x_wconf 88' lang='lat' dir='ltr'><strong>conquireret</strong></span> <span class='ocrx_word' id='word_1_133' title='bbox 784 2092 817 2151; x_wconf 93' lang='lat' dir='ltr'><strong>et</strong></span> <span class='ocrx_word' id='word_1_134' title='bbox 844 2089 933 2172; x_wconf 88' lang='lat' dir='ltr'><strong>quasi</strong></span> <span class='ocrx_word' id='word_1_135' title='bbox 962 2087 1193 2169; x_wconf 89' lang='lat' dir='ltr'><strong>emendicaret,</strong></span> <span class='ocrx_word' id='word_1_136' title='bbox 1228 2087 1330 2170; x_wconf 90' lang='lat' dir='ltr'><strong>siquid</strong></span> <span class='ocrx_word' id='word_1_137' title='bbox 1365 2087 1413 2150; x_wconf 93' lang='lat' dir='ltr'><strong>illi</strong></span> 
     </span>
     <span class='ocr_line' id='line_1_18' title="bbox 274 2195 1413 2281; baseline 0.001 -24"><span class='ocrx_word' id='word_1_138' title='bbox 274 2195 451 2277; x_wconf 88' lang='lat' dir='ltr'><strong>promiscue</strong></span> <span class='ocrx_word' id='word_1_139' title='bbox 474 2201 506 2259; x_wconf 93' lang='lat' dir='ltr'><strong>et</strong></span> <span class='ocrx_word' id='word_1_140' title='bbox 528 2198 618 2281; x_wconf 86' lang='lat' dir='ltr'><strong>quasi</strong></span> <span class='ocrx_word' id='word_1_141' title='bbox 645 2201 886 2280; x_wconf 83' lang='lat' dir='ltr'><strong>praetereuntes</strong></span> <span class='ocrx_word' id='word_1_142' title='bbox 915 2198 1011 2260; x_wconf 88' lang='lat' dir='ltr'><strong>etiam</strong></span> <span class='ocrx_word' id='word_1_143' title='bbox 1038 2197 1077 2261; x_wconf 91' lang='lat' dir='ltr'><strong>de</strong></span> <span class='ocrx_word' id='word_1_144' title='bbox 1100 2219 1211 2261; x_wconf 89' lang='lat' dir='ltr'><strong>vocum</strong></span> <span class='ocrx_word' id='word_1_145' title='bbox 1234 2197 1413 2281; x_wconf 87' lang='lat' dir='ltr'><strong>originibus</strong></span> 
     </span>
     <span class='ocr_line' id='line_1_19' title="bbox 273 2305 1412 2392; baseline 0.003 -25"><span class='ocrx_word' id='word_1_146' title='bbox 273 2305 401 2388; x_wconf 91' lang='lat' dir='ltr'><strong>scriptis</strong></span> <span class='ocrx_word' id='word_1_147' title='bbox 428 2307 493 2370; x_wconf 91' lang='lat' dir='ltr'><strong>suis</strong></span> <span class='ocrx_word' id='word_1_148' title='bbox 520 2308 763 2390; x_wconf 89' lang='lat' dir='ltr'><strong>inspersissent,</strong></span> <span class='ocrx_word' id='word_1_149' title='bbox 798 2308 991 2371; x_wconf 86' lang='lat' dir='ltr'><strong>uberrimam</strong></span> <span class='ocrx_word' id='word_1_150' title='bbox 1024 2308 1289 2392; x_wconf 88' lang='lat' dir='ltr'><strong>etymologiarum</strong></span> <span class='ocrx_word' id='word_1_151' title='bbox 1321 2307 1412 2390; x_wconf 89' lang='lat' dir='ltr'><strong>quasi</strong></span> 
     </span>
     <span class='ocr_line' id='line_1_20' title="bbox 167 2416 1414 2500; baseline 0.002 -22"><span class='ocrx_word' id='word_1_152' title='bbox 167 2475 171 2486; x_wconf 74' lang='grc'><em>,</em></span> <span class='ocrx_word' id='word_1_153' title='bbox 272 2437 407 2478; x_wconf 88' lang='lat' dir='ltr'><strong>messem</strong></span> <span class='ocrx_word' id='word_1_154' title='bbox 440 2417 518 2480; x_wconf 88' lang='lat' dir='ltr'><strong>feeit</strong></span> <span class='ocrx_word' id='word_1_155' title='bbox 546 2417 579 2480; x_wconf 89' lang='lat' dir='ltr'><strong>in</strong></span> <span class='ocrx_word' id='word_1_156' title='bbox 608 2416 783 2481; x_wconf 90' lang='lat' dir='ltr'><strong>Herodiani</strong></span> <span class='ocrx_word' id='word_1_157' title='bbox 813 2419 1023 2497; x_wconf 78' lang='grc' dir='ltr'>ἐπιμεριεμῶν</span> <span class='ocrx_word' id='word_1_158' title='bbox 1056 2418 1163 2498; x_wconf 89' lang='lat' dir='ltr'><strong>libris,</strong></span> <span class='ocrx_word' id='word_1_159' title='bbox 1198 2417 1414 2500; x_wconf 71' lang='grc' dir='ltr'>ὀρθογραφίᾳ,</span> 
     </span>
     <span class='ocr_line' id='line_1_21' title="bbox 273 2511 1413 2611; baseline -0.001 -21"><span class='ocrx_word' id='word_1_160' title='bbox 273 2527 450 2610; x_wconf 66' lang='lat' dir='ltr'><strong>(nunccios,</strong></span> <span class='ocrx_word' id='word_1_161' title='bbox 485 2511 558 2607; x_wconf 78' lang='lat' dir='ltr'><strong>neci</strong></span> <span class='ocrx_word' id='word_1_162' title='bbox 579 2532 692 2593; x_wconf 85' lang='grc' dir='ltr'>παθῶν</span> <span class='ocrx_word' id='word_1_163' title='bbox 722 2528 830 2610; x_wconf 91' lang='lat' dir='ltr'><strong>libris,</strong></span> <span class='ocrx_word' id='word_1_164' title='bbox 861 2527 1090 2611; x_wconf 87' lang='lat' dir='ltr'><strong>Philoxenique</strong></span> <span class='ocrx_word' id='word_1_165' title='bbox 1119 2528 1173 2590; x_wconf 91' lang='lat' dir='ltr'><strong>illo</strong></span> <span class='ocrx_word' id='word_1_166' title='bbox 1202 2527 1300 2590; x_wconf 88' lang='lat' dir='ltr'><strong>ctiam</strong></span> <span class='ocrx_word' id='word_1_167' title='bbox 1329 2529 1413 2590; x_wconf 84' lang='lat' dir='ltr'><strong>anti-</strong></span> 
     </span>
     <span class='ocr_line' id='line_1_22' title="bbox 272 2637 1414 2719; baseline 0.004 -21"><span class='ocrx_word' id='word_1_168' title='bbox 272 2637 390 2719; x_wconf 91' lang='lat' dir='ltr'><strong>quioris</strong></span> <span class='ocrx_word' id='word_1_169' title='bbox 422 2639 494 2717; x_wconf 80' lang='grc' dir='ltr'>περὶ</span> <span class='ocrx_word' id='word_1_170' title='bbox 522 2640 773 2718; x_wconf 74' lang='grc' dir='ltr'>μονοευλλάβων</span> <span class='ocrx_word' id='word_1_171' title='bbox 808 2638 957 2717; x_wconf 86' lang='grc' dir='ltr'>ῥημάτων</span> <span class='ocrx_word' id='word_1_172' title='bbox 992 2638 1096 2715; x_wconf 80' lang='lat' dir='ltr'><strong>libris,</strong></span> <span class='ocrx_word' id='word_1_173' title='bbox 1132 2639 1204 2717; x_wconf 86' lang='grc' dir='ltr'>περὶ</span> <span class='ocrx_word' id='word_1_174' title='bbox 1237 2639 1414 2702; x_wconf 85' lang='grc' dir='ltr'>διαλέκτων</span> 
     </span>
     <span class='ocr_line' id='line_1_23' title="bbox 271 2746 1498 2828; baseline 0.002 -21"><span class='ocrx_word' id='word_1_175' title='bbox 271 2746 377 2828; x_wconf 89' lang='lat' dir='ltr'><strong>libris,</strong></span> <span class='ocrx_word' id='word_1_176' title='bbox 408 2749 479 2827; x_wconf 89' lang='grc' dir='ltr'>περὶ</span> <span class='ocrx_word' id='word_1_177' title='bbox 501 2751 735 2826; x_wconf 75' lang='grc' dir='ltr'>διπλαειαεμῶν</span> <span class='ocrx_word' id='word_1_178' title='bbox 757 2748 857 2810; x_wconf 90' lang='lat' dir='ltr'><strong>libris.</strong></span> <span class='ocrx_word' id='word_1_179' title='bbox 903 2747 976 2810; x_wconf 87' lang='lat' dir='ltr'><strong>Non</strong></span> <span class='ocrx_word' id='word_1_180' title='bbox 1006 2747 1085 2810; x_wconf 89' lang='lat' dir='ltr'><strong>adeo</strong></span> <span class='ocrx_word' id='word_1_181' title='bbox 1114 2748 1213 2810; x_wconf 89' lang='lat' dir='ltr'><strong>multa</strong></span> <span class='ocrx_word' id='word_1_182' title='bbox 1237 2748 1342 2810; x_wconf 87' lang='lat' dir='ltr'><strong>hausit</strong></span> <span class='ocrx_word' id='word_1_183' title='bbox 1371 2769 1409 2810; x_wconf 83' lang='lat' dir='ltr'><strong>ex</strong></span> <span class='ocrx_word' id='word_1_184' title='bbox 1495 2797 1498 2802; x_wconf 89' lang='lat'>.</span> 
     </span>
     <span class='ocr_line' id='line_1_24' title="bbox 273 2855 1411 2940; baseline 0.002 -22"><span class='ocrx_word' id='word_1_185' title='bbox 273 2855 436 2938; x_wconf 86' lang='lat' dir='ltr'><strong>Apollonii</strong></span> <span class='ocrx_word' id='word_1_186' title='bbox 459 2877 531 2920; x_wconf 93' lang='lat' dir='ltr'><strong>cum</strong></span> <span class='ocrx_word' id='word_1_187' title='bbox 553 2857 623 2920; x_wconf 90' lang='lat' dir='ltr'><strong>aliis</strong></span> <span class='ocrx_word' id='word_1_188' title='bbox 648 2857 884 2920; x_wconf 84' lang='lat' dir='ltr'><strong>commentariis</strong></span> <span class='ocrx_word' id='word_1_189' title='bbox 906 2862 975 2921; x_wconf 89' lang='lat' dir='ltr'><strong>tum</strong></span> <span class='ocrx_word' id='word_1_190' title='bbox 989 2857 1028 2920; x_wconf 86' lang='lat' dir='ltr'><strong>de</strong></span> <span class='ocrx_word' id='word_1_191' title='bbox 1044 2857 1202 2920; x_wconf 90' lang='lat' dir='ltr'><strong>adverbiis</strong></span> <span class='ocrx_word' id='word_1_192' title='bbox 1224 2857 1411 2940; x_wconf 88' lang='lat' dir='ltr'><strong>scriptione,</strong></span> 
     </span>
     <span class='ocr_line' id='line_1_25' title="bbox 272 2965 1412 3051; baseline 0.002 -23"><span class='ocrx_word' id='word_1_193' title='bbox 272 2965 423 3048; x_wconf 88' lang='lat' dir='ltr'><strong>pauciora</strong></span> <span class='ocrx_word' id='word_1_194' title='bbox 456 2968 553 3029; x_wconf 87' lang='lat' dir='ltr'><strong>etiarn</strong></span> <span class='ocrx_word' id='word_1_195' title='bbox 587 2989 624 3030; x_wconf 85' lang='lat' dir='ltr'><strong>ex</strong></span> <span class='ocrx_word' id='word_1_196' title='bbox 652 2966 867 3030; x_wconf 83' lang='lat' dir='ltr'><strong>Eudaemonis</strong></span> <span class='ocrx_word' id='word_1_197' title='bbox 905 2967 1150 3051; x_wconf 86' lang='lat' dir='ltr'><strong>orthographia,</strong></span> <span class='ocrx_word' id='word_1_198' title='bbox 1184 2967 1309 3030; x_wconf 86' lang='lat' dir='ltr'><strong>lreuaei</strong></span> <span class='ocrx_word' id='word_1_199' title='bbox 1343 2967 1412 3030; x_wconf 90' lang='lat' dir='ltr'><strong>sive</strong></span> 
     </span>
     <span class='ocr_line' id='line_1_26' title="bbox 273 3074 1412 3160; baseline 0.003 -23"><span class='ocrx_word' id='word_1_200' title='bbox 273 3074 383 3138; x_wconf 84' lang='lat' dir='ltr'><strong>Paesti</strong></span> <span class='ocrx_word' id='word_1_201' title='bbox 407 3076 579 3141; x_wconf 87' lang='lat' dir='ltr'><strong>Atticistae</strong></span> <span class='ocrx_word' id='word_1_202' title='bbox 603 3078 713 3158; x_wconf 85' lang='lat' dir='ltr'><strong>lexico,</strong></span> <span class='ocrx_word' id='word_1_203' title='bbox 738 3077 867 3140; x_wconf 90' lang='lat' dir='ltr'><strong>scholiis</strong></span> <span class='ocrx_word' id='word_1_204' title='bbox 889 3077 923 3140; x_wconf 91' lang='lat' dir='ltr'><strong>in</strong></span> <span class='ocrx_word' id='word_1_205' title='bbox 946 3081 1056 3160; x_wconf 90' lang='lat' dir='ltr'><strong>poetas</strong></span> <span class='ocrx_word' id='word_1_206' title='bbox 1072 3077 1234 3160; x_wconf 90' lang='lat' dir='ltr'><strong>quosdam,</strong></span> <span class='ocrx_word' id='word_1_207' title='bbox 1258 3077 1412 3159; x_wconf 87' lang='lat' dir='ltr'><strong>paucissi-</strong></span> 
     </span>
     <span class='ocr_line' id='line_1_27' title="bbox 222 3185 1410 3270; baseline 0.001 -22"><span class='ocrx_word' id='word_1_208' title='bbox 222 3193 254 3240; x_wconf 70' lang='lat'><strong>29</strong></span> <span class='ocrx_word' id='word_1_209' title='bbox 272 3185 332 3249; x_wconf 89' lang='lat' dir='ltr'><strong>mis</strong></span> <span class='ocrx_word' id='word_1_210' title='bbox 356 3186 494 3250; x_wconf 91' lang='lat' dir='ltr'><strong>eiusdem</strong></span> <span class='ocrx_word' id='word_1_211' title='bbox 517 3187 644 3270; x_wconf 91' lang='lat' dir='ltr'><strong>generis</strong></span> <span class='ocrx_word' id='word_1_212' title='bbox 674 3187 755 3249; x_wconf 87' lang='lat' dir='ltr'><strong>aliis.</strong></span> <span class='ocrx_word' id='word_1_213' title='bbox 800 3185 868 3250; x_wconf 92' lang='lat' dir='ltr'><strong>Hos</strong></span> <span class='ocrx_word' id='word_1_214' title='bbox 897 3186 1038 3270; x_wconf 89' lang='lat' dir='ltr'><strong>quidem,</strong></span> <span class='ocrx_word' id='word_1_215' title='bbox 1068 3187 1095 3249; x_wconf 91' lang='lat' dir='ltr'><strong>si</strong></span> <span class='ocrx_word' id='word_1_216' title='bbox 1122 3187 1225 3269; x_wconf 91' lang='lat' dir='ltr'><strong>ipsum</strong></span> <span class='ocrx_word' id='word_1_217' title='bbox 1254 3186 1410 3270; x_wconf 84' lang='lat' dir='ltr'><strong>audimus,</strong></span> 
     </span>
     <span class='ocr_line' id='line_1_28' title="bbox 273 3295 1410 3380; baseline 0 -22"><span class='ocrx_word' id='word_1_218' title='bbox 273 3296 387 3380; x_wconf 89' lang='lat' dir='ltr'><strong>legisse</strong></span> <span class='ocrx_word' id='word_1_219' title='bbox 417 3297 577 3380; x_wconf 89' lang='lat' dir='ltr'><strong>putandus</strong></span> <span class='ocrx_word' id='word_1_220' title='bbox 606 3300 663 3360; x_wconf 90' lang='lat' dir='ltr'><strong>est.</strong></span> <span class='ocrx_word' id='word_1_221' title='bbox 710 3295 767 3360; x_wconf 81' lang='lat' dir='ltr'><strong>Cui</strong></span> <span class='ocrx_word' id='word_1_222' title='bbox 795 3297 957 3380; x_wconf 89' lang='lat' dir='ltr'><strong>quaeritur</strong></span> <span class='ocrx_word' id='word_1_223' title='bbox 984 3319 1061 3360; x_wconf 90' lang='lat' dir='ltr'><strong>num</strong></span> <span class='ocrx_word' id='word_1_224' title='bbox 1089 3297 1134 3359; x_wconf 89' lang='lat' dir='ltr'><strong>ita</strong></span> <span class='ocrx_word' id='word_1_225' title='bbox 1161 3296 1322 3360; x_wconf 90' lang='lat' dir='ltr'><strong>fidendum</strong></span> <span class='ocrx_word' id='word_1_226' title='bbox 1355 3297 1410 3380; x_wconf 89' lang='lat' dir='ltr'><strong>sit,</strong></span> 
     </span>
     <span class='ocr_line' id='line_1_29' title="bbox 272 3406 1411 3490; baseline 0.002 -22"><span class='ocrx_word' id='word_1_227' title='bbox 272 3409 308 3468; x_wconf 92' lang='lat' dir='ltr'><strong>ut</strong></span> <span class='ocrx_word' id='word_1_228' title='bbox 329 3407 393 3470; x_wconf 91' lang='lat' dir='ltr'><strong>suis</strong></span> <span class='ocrx_word' id='word_1_229' title='bbox 421 3409 568 3470; x_wconf 91' lang='lat' dir='ltr'><strong>manibus</strong></span> <span class='ocrx_word' id='word_1_230' title='bbox 596 3429 763 3490; x_wconf 87' lang='lat' dir='ltr'><strong>usurpasse</strong></span> <span class='ocrx_word' id='word_1_231' title='bbox 791 3407 917 3490; x_wconf 90' lang='lat' dir='ltr'><strong>suisque</strong></span> <span class='ocrx_word' id='word_1_232' title='bbox 950 3406 1048 3470; x_wconf 89' lang='lat' dir='ltr'><strong>oculis</strong></span> <span class='ocrx_word' id='word_1_233' title='bbox 1080 3411 1298 3490; x_wconf 87' lang='lat' dir='ltr'><strong>perreptasse,</strong></span> <span class='ocrx_word' id='word_1_234' title='bbox 1331 3427 1411 3488; x_wconf 86' lang='lat' dir='ltr'><strong>quos</strong></span> 
     </span>
     <span class='ocr_line' id='line_1_30' title="bbox 272 3515 1411 3600; baseline 0.001 -23"><span class='ocrx_word' id='word_1_235' title='bbox 272 3516 447 3580; x_wconf 85' lang='lat' dir='ltr'><strong>testimonii</strong></span> <span class='ocrx_word' id='word_1_236' title='bbox 471 3539 582 3581; x_wconf 89' lang='lat' dir='ltr'><strong>caussa</strong></span> <span class='ocrx_word' id='word_1_237' title='bbox 604 3517 775 3600; x_wconf 86' lang='lat' dir='ltr'><strong>scriptores</strong></span> <span class='ocrx_word' id='word_1_238' title='bbox 798 3515 923 3598; x_wconf 89' lang='lat' dir='ltr'><strong>attulit,</strong></span> <span class='ocrx_word' id='word_1_239' title='bbox 949 3516 1111 3596; x_wconf 87' lang='lat' dir='ltr'><strong>credatur,</strong></span> <span class='ocrx_word' id='word_1_240' title='bbox 1135 3539 1176 3579; x_wconf 91' lang='lat' dir='ltr'><strong>an</strong></span> <span class='ocrx_word' id='word_1_241' title='bbox 1200 3517 1333 3578; x_wconf 90' lang='lat' dir='ltr'><strong>aliorum</strong></span> <span class='ocrx_word' id='word_1_242' title='bbox 1355 3537 1411 3598; x_wconf 93' lang='lat' dir='ltr'><strong>po-</strong></span> 
     </span>
     <span class='ocr_line' id='line_1_31' title="bbox 271 3626 1408 3712; baseline 0 -23"><span class='ocrx_word' id='word_1_243' title='bbox 271 3626 334 3690; x_wconf 90' lang='lat' dir='ltr'><strong>tius</strong></span> <span class='ocrx_word' id='word_1_244' title='bbox 358 3631 390 3690; x_wconf 90' lang='lat' dir='ltr'><strong>et</strong></span> <span class='ocrx_word' id='word_1_245' title='bbox 413 3628 628 3712; x_wconf 87' lang='lat' dir='ltr'><strong>antiquiorum</strong></span> <span class='ocrx_word' id='word_1_246' title='bbox 650 3627 877 3711; x_wconf 87' lang='lat' dir='ltr'><strong>magistrorum</strong></span> <span class='ocrx_word' id='word_1_247' title='bbox 900 3626 1029 3690; x_wconf 88' lang='lat' dir='ltr'><strong>lectioni</strong></span> <span class='ocrx_word' id='word_1_248' title='bbox 1052 3629 1177 3710; x_wconf 88' lang='lat' dir='ltr'><strong>partem</strong></span> <span class='ocrx_word' id='word_1_249' title='bbox 1193 3629 1278 3690; x_wconf 89' lang='lat' dir='ltr'><strong>certe</strong></span> <span class='ocrx_word' id='word_1_250' title='bbox 1301 3626 1408 3708; x_wconf 83' lang='lat' dir='ltr'><strong>exqui-</strong></span> 
     </span>
     <span class='ocr_line' id='line_1_32' title="bbox 272 3735 1411 3820; baseline 0 -22"><span class='ocrx_word' id='word_1_251' title='bbox 272 3736 494 3800; x_wconf 88' lang='lat' dir='ltr'><strong>sitissimorum</strong></span> <span class='ocrx_word' id='word_1_252' title='bbox 516 3737 769 3801; x_wconf 87' lang='lat' dir='ltr'><strong>testimoniorum</strong></span> <span class='ocrx_word' id='word_1_253' title='bbox 792 3737 906 3800; x_wconf 89' lang='lat' dir='ltr'><strong>debere</strong></span> <span class='ocrx_word' id='word_1_254' title='bbox 930 3735 1098 3800; x_wconf 81' lang='lat' dir='ltr'><strong>videatur?</strong></span> <span class='ocrx_word' id='word_1_255' title='bbox 1127 3737 1233 3820; x_wconf 80' lang='lat' dir='ltr'><strong>Atque</strong></span> <span class='ocrx_word' id='word_1_256' title='bbox 1247 3735 1300 3799; x_wconf 90' lang='lat' dir='ltr'><strong>hic</strong></span> <span class='ocrx_word' id='word_1_257' title='bbox 1322 3755 1411 3798; x_wconf 85' lang='lat' dir='ltr'><strong>reco-</strong></span> 
     </span>
     <span class='ocr_line' id='line_1_33' title="bbox 271 3845 1411 3930; baseline 0.001 -23"><span class='ocrx_word' id='word_1_258' title='bbox 271 3845 366 3909; x_wconf 88' lang='lat' dir='ltr'><strong>lenda</strong></span> <span class='ocrx_word' id='word_1_259' title='bbox 394 3846 450 3910; x_wconf 90' lang='lat' dir='ltr'><strong>illa</strong></span> <span class='ocrx_word' id='word_1_260' title='bbox 478 3847 611 3930; x_wconf 89' lang='lat' dir='ltr'><strong>suspitio</strong></span> <span class='ocrx_word' id='word_1_261' title='bbox 640 3850 688 3910; x_wconf 91' lang='lat' dir='ltr'><strong>est</strong></span> <span class='ocrx_word' id='word_1_262' title='bbox 717 3851 748 3910; x_wconf 89' lang='lat' dir='ltr'><strong>et</strong></span> <span class='ocrx_word' id='word_1_263' title='bbox 776 3847 961 3930; x_wconf 86' lang='lat' dir='ltr'><strong>diligentius</strong></span> <span class='ocrx_word' id='word_1_264' title='bbox 989 3846 1222 3930; x_wconf 87' lang='lat' dir='ltr'><strong>persequenda,</strong></span> <span class='ocrx_word' id='word_1_265' title='bbox 1252 3845 1286 3908; x_wconf 90' lang='lat' dir='ltr'><strong>in</strong></span> <span class='ocrx_word' id='word_1_266' title='bbox 1314 3865 1411 3926; x_wconf 88' lang='lat' dir='ltr'><strong>quam</strong></span> 
     </span>
     <span class='ocr_line' id='line_1_34' title="bbox 272 3955 1411 4040; baseline -0.001 -21"><span class='ocrx_word' id='word_1_267' title='bbox 272 3957 340 4040; x_wconf 91' lang='lat' dir='ltr'><strong>ipso</strong></span> <span class='ocrx_word' id='word_1_268' title='bbox 364 3957 578 4022; x_wconf 87' lang='lat' dir='ltr'><strong>ratiocinandi</strong></span> <span class='ocrx_word' id='word_1_269' title='bbox 601 3977 684 4020; x_wconf 83' lang='lat' dir='ltr'><strong>nexu</strong></span> <span class='ocrx_word' id='word_1_270' title='bbox 706 3957 899 4020; x_wconf 89' lang='lat' dir='ltr'><strong>ducebamur</strong></span> <span class='ocrx_word' id='word_1_271' title='bbox 921 3961 941 4038; x_wconf 67' lang='grc' dir='ltr'>ξ</span> <span class='ocrx_word' id='word_1_272' title='bbox 966 3957 1020 4038; x_wconf 84' lang='grc'><strong>10,</strong></span> <span class='ocrx_word' id='word_1_273' title='bbox 1049 3961 1084 4019; x_wconf 84' lang='lat' dir='ltr'><strong>ut</strong></span> <span class='ocrx_word' id='word_1_274' title='bbox 1106 3977 1231 4020; x_wconf 73' lang='lat' dir='ltr'><strong>suonam</strong></span> <span class='ocrx_word' id='word_1_275' title='bbox 1253 3955 1411 4039; x_wconf 87' lang='lat' dir='ltr'><strong>quaedam</strong></span> 
     </span>
     <span class='ocr_line' id='line_1_35' title="bbox 272 4065 1410 4151; baseline 0.001 -23"><span class='ocrx_word' id='word_1_276' title='bbox 272 4087 336 4130; x_wconf 90' lang='lat' dir='ltr'><strong>non</strong></span> <span class='ocrx_word' id='word_1_277' title='bbox 366 4067 494 4131; x_wconf 91' lang='lat' dir='ltr'><strong>aliunde</strong></span> <span class='ocrx_word' id='word_1_278' title='bbox 523 4071 617 4151; x_wconf 88' lang='lat' dir='ltr'><strong>atque</strong></span> <span class='ocrx_word' id='word_1_279' title='bbox 645 4068 685 4131; x_wconf 89' lang='lat' dir='ltr'><strong>ab</strong></span> <span class='ocrx_word' id='word_1_280' title='bbox 709 4069 773 4132; x_wconf 88' lang='lat' dir='ltr'><strong>Oro</strong></span> <span class='ocrx_word' id='word_1_281' title='bbox 801 4067 925 4131; x_wconf 90' lang='lat' dir='ltr'><strong>Milesio</strong></span> <span class='ocrx_word' id='word_1_282' title='bbox 953 4069 1114 4129; x_wconf 90' lang='lat' dir='ltr'><strong>mutuatus</strong></span> <span class='ocrx_word' id='word_1_283' title='bbox 1148 4088 1215 4130; x_wconf 89' lang='lat' dir='ltr'><strong>esse</strong></span> <span class='ocrx_word' id='word_1_284' title='bbox 1250 4065 1410 4129; x_wconf 86' lang='lat' dir='ltr'><strong>credatur.</strong></span> 
     </span>
     <span class='ocr_line' id='line_1_36' title="bbox 271 4174 1412 4262; baseline 0 -23"><span class='ocrx_word' id='word_1_285' title='bbox 271 4175 423 4250; x_wconf 85' lang='lat' dir='ltr'><strong>Quodne</strong></span> <span class='ocrx_word' id='word_1_286' title='bbox 446 4177 578 4240; x_wconf 89' lang='lat' dir='ltr'><strong>calidius</strong></span> <span class='ocrx_word' id='word_1_287' title='bbox 600 4178 657 4241; x_wconf 90' lang='lat' dir='ltr'><strong>fiat</strong></span> <span class='ocrx_word' id='word_1_288' title='bbox 679 4199 773 4262; x_wconf 88' lang='lat' dir='ltr'><strong>quarn</strong></span> <span class='ocrx_word' id='word_1_289' title='bbox 800 4176 1003 4261; x_wconf 88' lang='lat' dir='ltr'><strong>prudentius,</strong></span> <span class='ocrx_word' id='word_1_290' title='bbox 1033 4177 1169 4260; x_wconf 90' lang='lat' dir='ltr'><strong>primum</strong></span> <span class='ocrx_word' id='word_1_291' title='bbox 1195 4174 1412 4239; x_wconf 89' lang='lat' dir='ltr'><strong>secernendae</strong></span> 
     </span>
     <span class='ocr_line' id='line_1_37' title="bbox 272 4285 1412 4370; baseline 0.001 -22"><span class='ocrx_word' id='word_1_292' title='bbox 272 4306 328 4348; x_wconf 90' lang='lat' dir='ltr'><strong>eae</strong></span> <span class='ocrx_word' id='word_1_293' title='bbox 351 4288 534 4351; x_wconf 90' lang='lat' dir='ltr'><strong>notationes</strong></span> <span class='ocrx_word' id='word_1_294' title='bbox 557 4291 646 4368; x_wconf 90' lang='lat' dir='ltr'><strong>sunt,</strong></span> <span class='ocrx_word' id='word_1_295' title='bbox 678 4288 711 4350; x_wconf 92' lang='lat' dir='ltr'><strong>in</strong></span> <span class='ocrx_word' id='word_1_296' title='bbox 735 4287 847 4370; x_wconf 91' lang='lat' dir='ltr'><strong>quibus</strong></span> <span class='ocrx_word' id='word_1_297' title='bbox 875 4289 942 4350; x_wconf 92' lang='lat' dir='ltr'><strong>sive</strong></span> <span class='ocrx_word' id='word_1_298' title='bbox 965 4287 1115 4350; x_wconf 90' lang='lat' dir='ltr'><strong>Larcheri</strong></span> <span class='ocrx_word' id='word_1_299' title='bbox 1139 4285 1317 4368; x_wconf 81' lang='lat' dir='ltr'><strong>exemplum</strong></span> <span class='ocrx_word' id='word_1_300' title='bbox 1340 4285 1412 4349; x_wconf 88' lang='lat' dir='ltr'><strong>imi·</strong></span> 
     </span>
    </p>
   </div>
   <div class='ocr_carea' id='block_1_3' title="bbox 0 0 1614 5094">
    <p class='ocr_par' dir='ltr' id='par_1_3' title="bbox 0 0 1614 5094">
     <span class='ocr_line' id='line_1_38' title="bbox 0 0 1614 5094; baseline 0 1"><span class='ocrx_word' id='word_1_301' title='bbox 0 0 1614 5094; x_wconf 95' lang='lat' dir='ltr'><strong> </strong></span> 
     </span>
    </p>
   </div>
  </div>
 </body>
</html>
