3254 5092
503 379 549 425 ns
573 379 665 426 sian.
689 377 793 424 anax.
816 377 861 424 ar
883 375 1099 425 srsrsrnnro.
1312 355 1372 417 169

232 530 428 594 stitucndum
455 531 582 615 putavit
609 554 639 614 p.
669 531 720 596 30.
780 529 841 594 Sed
874 528 954 592 haec
986 549 1109 612 quoque
1137 530 1212 591 ante
1239 527 1371 612 vulgata

233 640 400 704 Anecdota
427 640 580 705 Parisina¹
603 641 722 724 scripta
751 642 835 703 sunt.
864 677 907 688 —
934 638 962 702 Ε
990 638 1103 721 quibus
1131 637 1306 701 Anecdotis
1334 659 1371 700 ea
1389 647 1422 696 53

232 771 313 834 quae
339 751 401 816 huc
424 755 572 835 spectant
602 773 672 814 cum
695 749 955 814 Schneidewinus
982 753 1050 811 turn
1076 747 1255 810 Meinekius
1282 768 1370 830 repc-

231 859 362 942 tierunt,
378 861 558 924 Meinekius
573 865 738 944 praeterea
754 860 850 922 etiarn
866 858 1001 922 latinum
1017 857 1171 920 scholium
1183 879 1214 938 p.
1226 857 1306 920 1243
1322 879 1369 940 sq.

232 969 281 1034 Ac
303 969 482 1034 Meinekius
504 971 631 1054 quidem
658 974 691 1033 et
717 977 929 1050 affcclissr‘mus
951 967 1195 1030 Dindorfianum
1223 966 1371 1050 probavit

232 1083 265 1142 et
286 1078 485 1164 Bernhardyi
511 1085 600 1143 LXX
624 1101 708 1144 senes
735 1079 871 1162 recepit,
900 1098 960 1140 nec
988 1084 1057 1140 olim
1084 1075 1189 1160 potius
1215 1097 1310 1158 quam
1332 1081 1370 1138 ab

231 1189 332 1252 latere
360 1189 393 1252 in
422 1193 460 1254 οῖ’
483 1189 649 1253 concessit.
696 1188 757 1252 Sed
785 1187 869 1252 idern
898 1209 968 1250 ciun
996 1193 1085 1250 aliter
1113 1199 1248 1264 cupatur
1274 1186 1371 1248 verba

232 1299 266 1362 in
294 1299 419 1382 graecis
446 1299 544 1363 fuisse
572 1300 678 1364 ἄλλως
706 1302 844 1381 φλυαρεῖ
872 1297 1067 1380 suspicatur,
1096 1317 1225 1378 prorsus
1253 1295 1371 1359 oblitus

232 1411 281 1472 est
301 1408 381 1473 haec
404 1431 470 1472 non
493 1409 601 1492 graeci
624 1409 789 1490 scriptoris
805 1429 873 1470 esse
889 1407 943 1470 sed
959 1406 1059 1489 ipsius
1075 1405 1168 1468 latini
1184 1405 1370 1488 interpretis
1418 1435 1421 1442 ·

231 1518 339 1582 verba.
384 1517 458 1583 Non
485 1518 613 1582 indocte
641 1523 764 1600 autem,
795 1537 985 1601 quamquam
1013 1515 1168 1598 breviter,
1200 1513 1370 1580 Schneide-

231 1627 334 1692 winus
367 1629 557 1712 disputavit:
591 1629 679 1691 cuius
707 1631 743 1690 ut
772 1625 946 1690 nonnullae
974 1624 1270 1710 argumentationes
1303 1628 1370 1690 tam

232 1741 308 1801 simt
334 1741 514 1802 nostrarum
542 1737 677 1818 similes,
712 1741 763 1819 ut,
798 1737 860 1800 nisi
889 1736 1084 1800 contrarium
1116 1737 1270 1817 testarer,
1304 1756 1371 1799 non

231 1869 356 1930 possem
378 1869 443 1910 non
466 1847 582 1932 legisse
603 1848 669 1910 eius
691 1846 940 1929 disputationem
961 1845 1077 1927 videri,
1101 1845 1147 1908 ita
1170 1843 1209 1907 de
1232 1844 1319 1927 aliis,
1343 1845 1370 1909 si

231 1955 336 2020 dicere
359 1957 441 2040 qnod
463 1956 568 2020 sentio
590 1957 681 2038 licet,
706 1977 771 2020 non
794 1956 864 2020 sine
886 1955 1094 2020 festinatione
1117 1955 1241 2019 statuit.
1287 1953 1370 2018 Nolo

231 2065 359 2151 singula
388 2068 548 2151 persequi:
577 2089 709 2150 quorum
737 2067 818 2130 nihil
846 2070 911 2148 est,
940 2065 1022 2149 quod
1051 2087 1117 2129 uon
1145 2064 1272 2130 sithoc
1301 2065 1370 2148 ipso

232 2175 405 2241 (brollario
441 2177 568 2241 uberius
605 2180 837 2261 pertractatum
873 2179 906 2240 et
949 2179 1113 2258 tamquam
1144 2175 1369 2259 praesensione

231 2285 337 2368 aliqua
358 2285 598 2370 impugnatum:
626 2286 850 2371 gravissimum
877 2285 955 2348 illud
978 2289 1042 2368 est,
1072 2285 1154 2370 quod
1183 2284 1223 2348 ad
1245 2285 1370 2349 univer·

231 2417 300 2458 sam
321 2397 480 2460 rationem
495 2397 658 2480 utriusque
679 2396 855 2462 testimonii
878 2397 1013 2479 spectat.
1051 2393 1170 2458 Evenit
1185 2395 1271 2458 enim
1286 2396 1370 2479 quod

230 2505 465 2588 praevideram:
500 2507 682 2590 primusque
710 2505 817 2569 extitit
846 2504 1121 2586 Schneidewinus,
1156 2504 1209 2587 qui
1238 2525 1304 2568 non
1331 2505 1369 2568 da

203 2615 390 2678 ·communi
411 2615 517 2698 fonte,
547 2637 564 2679 e
587 2637 649 2699 quo
676 2637 746 2680 cum
774 2613 1002 2699 grammaticus
1025 2612 1189 2677 Parisinus
1212 2613 1370 2678 hausisset

230 2729 298 2786 tum
327 2724 495 2788 Plautinus
522 2724 709 2806 scholiasta,
740 2725 914 2807 cogitaret,
948 2724 1002 2787 sed
1030 2724 1115 2788 hunc
1147 2726 1203 2786 aut
1231 2723 1279 2786 illi
1308 2723 1369 2806 ipsi

231 2836 287 2899 aut
314 2855 388 2897 suae
417 2835 566 2898 licentiae
596 2857 653 2898 sua
681 2834 788 2898 omnia
821 2835 936 2898 debere
965 2831 1198 2916 pronuntiaret.
1249 2833 1276 2898 Ε
1308 2855 1369 2918 quo
1481 2895 1485 2903 .

231 2944 462 3008 consectarium
484 2944 547 3008 fuit
562 2948 611 3025 ut,
635 2944 783 3028 quiequid
805 2944 841 3008 in
863 2943 973 3008 latinis
989 2943 1107 3028 legitur
1121 2964 1188 3007 non
1208 2947 1370 3028 repertum

230 3053 265 3116 in
288 3055 428 3137 graecis,
451 3053 513 3117 fide
530 3074 637 3118 carcre
652 3053 818 3119 iudicaret.
856 3053 924 3117 Nec
939 3056 1132 3117 monuerunt
1147 3074 1218 3116 eum
1241 3054 1367 3138 erroris,

230 3183 311 3246 quae
333 3163 371 3228 de
394 3164 607 3228 Eratosthene
628 3162 886 3246 Callimachoque
908 3163 993 3226 haud
1015 3183 1093 3226 sane
1115 3163 1369 3247 improbabiliter

131 3263 135 3272 ¹
229 3271 265 3336 in
279 3271 425 3338 Romano
448 3273 555 3338 codice
576 3273 661 3337 tradi
689 3273 758 3356 ipse
780 3273 916 3338 sensisse
938 3272 1064 3338 ridetur
1085 3295 1117 3356 p.
1134 3271 1207 3338 953.
1246 3272 1368 3339 Contra

231 3455 432 3464 --

228 3549 323 3620 inepte
346 3551 453 3619 reliqua
475 3551 718 3608 admniistraverit.
755 3551 850 3606 Potuit
871 3551 918 3605 ille
936 3551 1011 3605 haud
1033 3551 1116 3606 dubie
1138 3568 1243 3616 errare,
1266 3551 1315 3606 sed
1337 3555 1369 3606 ut

229 3645 297 3713 puto
319 3645 413 3713 paullo
437 3643 596 3698 modestius.
633 3644 671 3698 Vt
693 3644 815 3699 nondum
837 3662 950 3713 prorsus
972 3661 1017 3698 me
1038 3645 1182 3714 paeniteat
1207 3657 1282 3710 lnam
1299 3643 1367 3698 nihil

229 3737 357 3804 decerno)
375 3737 497 3792 insertae
517 3737 583 3792 olim
602 3739 638 3806 (p.
659 3743 691 3792 al
709 3736 788 3790 huius
805 3735 963 3804 voluminis)
981 3757 1115 3806 reynerum
1132 3737 1220 3801 vocis,
1244 3736 1275 3790 id
1293 3737 1367 3804 quod

227 3829 436 3885 Lachmannum
449 3847 558 3898 quoque
575 3831 709 3899 probasse
722 3829 945 3899 Sengebuschius
957 3831 1055 3884 narrat
1072 3829 1250 3884 ‘homericae
1268 3829 1368 3884 disser-

227 3921 343 3976 tationis
366 3923 544 3992 posterioris’
566 3941 593 3992 p.
613 3929 654 3978 31.
689 3923 750 3976 Nisi
772 3923 843 3978 forte
865 3923 958 3992 ipsum
981 3922 1056 3990 quod
1077 3923 1230 3992 expetimus
1249 3934 1368 3993 quatietur

229 4016 430 4084 [sucessionem]
449 4022 523 4068 anna
540 4015 673 4084 scriptum
696 4015 763 4082 fuit,
785 4033 954 4084 quamquam
975 4016 1107 4084 loquendi
1128 4033 1230 4085 genere
1248 4017 1367 4071 fortasse

228 4107 322 4174 paullo
345 4105 522 4174 exquisitiore
550 4125 633 4175 quam
660 4108 735 4175 quod
760 4108 789 4160 in
817 4109 917 4162 Italum
945 4111 1071 4162 nostrum
1098 4109 1196 4164 cadere
1224 4109 1309 4163 dicas.
1334 4141 1367 4148 -

229 4197 357 4252 Ceterum
379 4199 586 4268 Scngebnschio
609 4203 682 4254 teste
703 4199 794 4254 eidem
815 4201 993 4256 Lachmanno
1016 4204 1163 4270 praeterea
1184 4208 1240 4271 ipre
1262 4202 1368 4271 placuit

228 4308 279 4359 pro
297 4297 352 4360 ipso
371 4292 445 4359 quod
458 4292 554 4346 statim
566 4294 698 4360 sequitur.
722 4293 794 4348 Nam
807 4297 901 4348 cetera
912 4293 1016 4348 ibidem
1028 4297 1246 4350 commemorata
1257 4295 1366 4364 pridem

228 4382 288 4452 ipse
306 4387 525 4453 occupatiorem]
