3184 5100
582 385 743 434 scomma
766 387 937 436 carnicis.
1269 373 1330 438 733

190 540 456 623 antistrophicam
471 541 722 606 concinnitatem
745 542 877 624 proclivi
895 542 1076 605 coniectura
1099 543 1239 606 restitcut
1254 541 1329 606 Wa-
1349 558 1381 607 sc

121 683 125 690 ·
190 651 354 714 kefieldins
376 652 411 714 in
433 651 518 715 hunc
540 651 683 715 modum:

341 805 416 884 πρὶν
439 805 533 870 τάνδε
556 805 629 869 ποτὶ
651 805 747 871 πόλιν
770 805 905 884 ἀνύεειε,

190 958 239 1020 cui
262 957 367 1020 versui
390 961 539 1022 accurate
560 957 732 1040 respondet
754 981 783 1022 v.
807 959 885 1022 649:

343 1095 465 1174 χρόνον
487 1095 642 1171 πελάγιον
664 1093 762 1174 ἴδριες
784 1094 894 1160 οὐδέν.

189 1245 291 1320 Quam
321 1246 362 1309 ob
391 1268 458 1310 rem
485 1246 600 1310 merito
630 1243 833 1310 Wakefieldii
862 1246 1056 1310 sententiam
1092 1247 1240 1330 probavit
1272 1249 1329 1312 Er-

188 1353 342 1440 furdtius,
378 1359 472 1441 atque
503 1356 661 1421 immerito
689 1361 725 1419 ut
747 1356 871 1420 videtur
892 1357 1024 1441 vulgare
1046 1357 1206 1421 scribendi
1228 1380 1330 1442 genus

188 1467 294 1528 tenuit
322 1465 544 1530 Hermannus:
582 1465 838 1550 quandoquidem
865 1468 901 1530 in
927 1467 1073 1530 iambicis
1101 1468 1243 1530 versibus
1272 1469 1327 1550 δίε,

189 1575 242 1659 qui
276 1575 383 1660 lyricis
414 1577 634 1640 immiscentur
668 1576 878 1660 carminibus,
913 1576 962 1638 vel
997 1578 1165 1660 exaequari
1198 1577 1329 1660 syllabis

75 1729 81 1738 -
189 1685 331 1768 syllabae
354 1686 458 1750 solent
480 1687 529 1750 vel
559 1686 592 1749 in
615 1689 748 1770 utroque
777 1689 862 1750 certe
889 1707 981 1750 versu
1005 1687 1119 1750 solutio
1142 1709 1225 1768 esse,
1254 1687 1330 1750 licet

190 1795 323 1859 diversis
345 1796 478 1879 pedibus
502 1795 656 1859 adhibita.
688 1794 843 1870 Quocirca
865 1795 995 1859 memini
1019 1797 1116 1859 ctiam
1138 1797 1173 1860 in
1189 1797 1329 1880 Aeschy-

190 1904 249 1967 leis
271 1905 335 1969 illis
358 1905 539 1970 Promethei
563 1929 592 1969 v.
619 1905 694 1970 183:

340 2061 417 2139 ἐμὰ(
438 2061 473 2125 δὲ
495 2060 619 2140 φρένα(
641 2059 759 2140 ἐρέθιεε
780 2061 929 2141 διάτορο(
952 2061 1056 2141 φόβοι
1078 2097 1121 2108 -

188 2211 306 2289 ἐρέθιεε
335 2209 488 2296 farinam,
518 2213 577 2275 etsi
606 2211 700 2275 unius
722 2210 863 2276 Turnebi
894 2213 1045 2296 ambigua
1073 2213 1133 2276 fide
1157 2214 1327 2296 finnatam,

189 2341 208 2381 a
237 2321 380 2405 lloisigio
411 2321 494 2408 [cum
522 2322 676 2386 Elmsleio
704 2321 976 2410 Blomficldioqoe]
1008 2323 1217 2406 comprobari.
1268 2323 1328 2387 Sed

189 2431 262 2526 πρτί
284 2431 361 2494 illud
384 2432 479 2495 latuit
501 2433 604 2495 adhuc
626 2433 660 2494 in
683 2432 753 2495 loco
769 2431 905 2516 quodam
921 2432 1058 2495 Aiacis
1081 2432 1327 2515 Sophocliae.

188 2539 292 2604 Versu
320 2541 406 2605 enim
430 2543 491 2605 194
512 2565 559 2626 sq.
590 2541 752 2626 patienter
778 2542 922 2606 tulerunt
944 2541 1080 2604 editores
1102 2563 1212 2605 omnes
1235 2543 1328 2606 libro-

188 2672 258 2714 rum
280 2673 354 2715 mss.
378 2653 578 2716 memoriam:

340 2806 415 2871 ἀλλ’
437 2807 500 2872 ἄνα
522 2807 554 2872 ἐξ
577 2807 734 2889 ἑδράνων,
758 2806 845 2871 ὅπου
867 2807 1041 2887 μακραίωνι

340 2918 472 2999 ετηρίζει
493 2919 573 2982 ποτὲ
594 2913 664 2999 τᾷδ’
688 2917 819 3002 ἀγωνίῳ
842 2921 951 3000 (χολᾷ.

187 3068 251 3133 Vbi
279 3072 360 3135 ποτὲ
396 3069 584 3160 particulam
623 3067 699 3155 [una
730 3091 802 3133 cum
829 3072 905 3152 τᾷδ’
933 3069 1076 3154 ἀγωνίῳ]
1112 3069 1329 3152 praetermisit

188 3178 301 3243 Suidas
324 3203 354 3242 v.
379 3182 525 3260 ἑδράνων
548 3180 610 3244 vol.
634 3179 650 3243 I
672 3202 703 3264 p.
721 3180 781 3244 681
809 3177 925 3265 [Kust.,
950 3179 980 3262 Ι,
1004 3180 1025 3241 2
1048 3201 1079 3262 p.
1102 3181 1161 3262 108,
1181 3179 1327 3268 Bernh.],

188 3309 281 3372 quem
304 3311 375 3353 cum
398 3289 573 3354 Lobeckius
596 3291 642 3353 ait
669 3290 794 3373 plenius
822 3289 880 3353 hos
904 3311 1011 3353 versus
1038 3290 1181 3372 proferre
1208 3289 1242 3352 in
1265 3291 1329 3356 ἄνα

188 3403 221 3461 et
242 3400 421 3483 μακραίων,
451 3401 644 3484 nescioquo
670 3423 745 3463 usus
774 3399 817 3462 sit
838 3398 954 3463 Suidae
982 3399 1136 3482 exemplo.
1181 3399 1326 3462 Praeter-

187 3509 275 3573 misit
301 3513 409 3574 autem
437 3513 517 3575 ποτέ
546 3511 642 3574 etiam
675 3515 807 3594 uterque
839 3509 1011 3572 scholiasta
1039 3509 1072 3572 in
1101 3509 1326 3592 explicatione,

188 3641 265 3702 (laos
298 3619 416 3684 unitati
450 3625 526 3684 sunt
553 3643 590 3684 ea
617 3621 652 3684 in
680 3642 714 3684 re
748 3619 940 3684 recentiores
975 3619 1167 3702 interpretes
1200 3622 1327 3702 praeter

187 3727 410 3794 Hermannum
443 3753 563 3795 omues.
615 3731 674 3806 Qui
705 3731 765 3794 etsi
793 3731 912 3814 optime
940 3729 1100 3812 expedivit
1133 3730 1327 3792 senteutiam

187 3841 354 3904 verborum
377 3842 517 3919 ἀγώνιος
544 3843 658 3924 (χολή,
687 3845 798 3905 tamen
826 3863 897 3904 cum
926 3839 1036 3904 eadem
1063 3840 1327 3903 adnotatiuncula

188 3950 308 4036 ‘iunge’
339 3952 444 4036 inquit
471 3952 569 4018 ‘daeo
598 3953 696 4029 ποτέ,
729 3957 905 4030 ubicumque
931 3957 1076 4032 tandem’,
1105 3949 1176 4012 falli
1203 3949 1328 4013 videtur

186 4059 270 4123 haud
302 4061 514 4126 mediocriter.
564 4061 615 4125 Ita
642 4062 727 4125 enim
756 4062 782 4124 si
812 4061 993 4145 loquentem
1020 4060 1155 4124 facimus
1184 4058 1325 4142 chorum,

187 4172 391 4236 statuendum
424 4173 470 4237 sic
499 4175 562 4256 est,
596 4173 747 4256 ignorare
776 4193 846 4236 eum
876 4171 1006 4235 omuino
1033 4171 1087 4234 ubi
1116 4173 1327 4233 commoretur

187 4280 280 4344 Aiax.
327 4283 372 4344 At
400 4305 475 4346 vero
503 4305 568 4346 uon
592 4282 757 4368 ignorasse
780 4285 926 4366 apertum
948 4285 1006 4345 cst.
1052 4281 1115 4346 Cur
1137 4281 1238 4364 enim,
1271 4282 1325 4344 ob·

187 4411 291 4472 sacro,
320 4391 359 4454 acl
390 4393 498 4456 Aiacis
525 4393 767 4457 tabernaculum
794 4415 864 4457 euni
900 4396 993 4476 putas
1021 4392 1192 4457 accessisse
1219 4393 1325 4476 ibique
