3254 5086
548 396 808 446 cuououocrvu
828 396 1109 448 vruuououuuss.
1331 381 1393 447 571

338 549 381 615 60
409 550 538 636 [tirou]
569 549 702 617 Habent
734 551 820 616 Max.
849 555 882 615 et
908 551 987 615 Ant.
1017 548 1124 614 LVIII
1153 573 1185 634 p.
1208 551 1265 635 96,
1293 549 1335 616 35
1360 552 1395 614 et

254 659 480 726 Boissonadius
501 662 517 727 I
539 684 570 745 p.
596 660 668 728 125.

337 771 376 836 61
400 772 584 856 μυετήριον]
607 771 814 836 Demonactis
835 771 919 856 apud
936 772 1058 835 Aulon.
1076 770 1259 837 CXXXVII
1274 793 1306 855 p.
1319 771 1393 854 217,

252 880 309 965 24,
346 881 416 946 sine
449 881 586 946 auctoris
619 882 748 946 nomine
783 881 867 967 apud
897 880 1142 945 Boissonadium
1170 880 1304 963 ibidem,
1339 882 1394 945 ubi

252 991 370 1056 rectius
392 992 547 1076 scripturn
570 993 630 1071 τὴν
653 991 771 1074 φιλίαν.
822 989 1005 1080 [Praeterea
1032 993 1175 1077 ἐκφήνῃτ
1196 992 1299 1056 scribe
1323 1014 1394 1056 cum

252 1099 437 1191 Meinelrio.]
743 1107 748 1116 “

337 1211 378 1276 66
399 1212 551 1297 ποικιλίᾳ]
571 1213 632 1297 ἥδῃ
655 1211 773 1277 excidit
794 1212 845 1276 vel
867 1211 971 1277 simile
993 1211 1153 1296 quiddam.

336 1321 378 1388 66
400 1322 562 1390 ἀδύνατόν
593 1321 667 1410 ἐετι]
704 1321 775 1388 Ηοο
803 1343 926 1408 quoque
954 1322 1075 1387 editum
1106 1344 1125 1386 a
1147 1321 1356 1388 Boiasonadio
1378 1324 1394 1389 I

252 1455 284 1516 p.
311 1432 371 1498 125
393 1454 440 1518 sq.

338 1542 425 1608 7Οὸ
463 1543 560 1609 αὐτὸ(
597 1543 802 1632 θεαεάμενοε]
836 1542 996 1608 Videntur
1027 1543 1089 1609 duo
1122 1543 1396 1629 apophthegmata

253 1651 423 1717 coaluisse:
446 1674 507 1718 nec
529 1653 616 1718 enim
638 1654 673 1717 in
696 1652 893 1736 οἰκοφθόρον
909 1654 1092 1734 εὐπρεποῦε
1106 1655 1255 1733 γυναικὸε
1271 1655 1396 1734 ἐρῶντα

254 1761 404 1826 convenit
424 1763 502 1828 τούε
522 1767 582 1830 τοῦ
606 1763 905 1845 reparatorem:
931 1767 1135 1844 μεταγαγεῖν,
1164 1766 1196 1828 et
1223 1785 1298 1828 vero
1320 1763 1394 1829 Dio-

252 1872 329 1958 geni
351 1894 371 1936 a
392 1870 539 1958 Diogene
561 1872 689 1938 Laertio
711 1872 757 1937 VI
764 1923 773 1957 ,
797 1873 839 1939 58
861 1877 895 1937 et
909 1873 1047 1938 Arsenio
1069 1895 1101 1958 p.
1117 1873 1177 1938 201
1201 1873 1262 1939 hoc
1284 1873 1394 1939 tribui-

252 1985 320 2047 tur:
354 1985 550 2063 θεατάμενοε
580 1984 742 2065 μειράκιον
776 1986 1049 2066 φιλοεοφοῡν,
1082 1983 1173 2063 εὖγε,
1205 1983 1313 2062 εἶπεν,
1346 1983 1395 2050 ὅτι

251 2095 328 2159 τοὺ(
346 2097 405 2159 τοῦ
428 2093 574 2175 εώματοε
597 2094 729 2173 corace
758 2094 809 2159 ἐπὶ
836 2095 874 2159 τὸ
891 2097 948 2174 τῆε
969 2097 1076 2175 ψυχῆς
1103 2094 1219 2160 κάλλος
1242 2096 1462 2174 μετάγειονιΙΙ

252 2203 301 2268 De
324 2202 511 2288 οἰκοφθόρῳ
537 2206 644 2268 autem
672 2203 746 2289 quid
774 2206 941 2268 narratum
967 2203 1082 2288 fuerit,
1111 2225 1177 2268 non
1199 2204 1395 2289 repperimus

252 2313 340 2379 alibi.
391 2313 453 2379 Sed
479 2313 559 2378 haec
586 2312 648 2378 duo
677 2335 748 2378 cum
774 2313 999 2396 miscerentur,
1034 2312 1185 2378 credibile
1217 2316 1266 2378 est
1298 2315 1393 2378 etiam

253 2425 414 2505 Διογένη(
441 2444 559 2488 nomen
586 2423 741 2488 excidisse
769 2427 801 2487 et
828 2423 930 2487 solum
957 2424 977 2487 ὁ
1005 2423 1102 2489 αὐτὸς
1134 2422 1281 2487 relictum
1314 2445 1393 2510 esse,

252 2534 336 2619 quod
365 2533 480 2598 deinde
508 2533 570 2617 ipsi
597 2533 690 2598 initio
723 2535 983 2619 praeponeretur.
1035 2531 1233 2617 Quamquam
1256 2533 1275 2598 ὁ
1297 2534 1395 2600 αὐτὸ(

251 2644 350 2709 verba
378 2665 444 2709 non
467 2664 641 2728 numquam
668 2643 765 2709 etiam
787 2642 978 2709 oscitantiae
998 2645 1118 2708 temere
1150 2643 1395 2708 transcribentis

252 2754 420 2839 debentur,
443 2757 480 2818 ut
501 2755 536 2818 in
558 2751 761 2818 Boissonadii
783 2753 906 2819 Anecd.
929 2752 962 2818 ΙΙ
983 2775 1015 2838 p.
1039 2753 1112 2819 467.

226 2915 229 2922 .
337 2865 377 2928 74
399 2865 532 2950 πράττῃ]
561 2863 711 2928 Fortasse
739 2865 895 2950 πράεεῃε,
923 2863 987 2928 nisi
1008 2884 1054 2929 τιε
1075 2862 1238 2928 exciderit.
1279 2863 1394 2939 Quam·

251 2995 347 3060 quam
369 2995 410 3040 ne
431 2975 493 3039 hcc
515 2973 643 3059 quidem
668 2974 894 3040 necessarium.
942 2972 1159 3060 [Ἀπαιδεύτου
1181 2995 1211 3038 ν.
1230 2973 1270 3038 73
1293 2995 1394 3038 corre·

250 3083 299 3148 xit
320 3082 518 3173 Meinekius.]
698 3146 702 3154 .

338 3195 379 3259 74
406 3195 582 3276 ἄνθρωπος
612 3195 831 3278 μιαρολογῶν]
859 3193 971 3258 Edidit
998 3195 1096 3259 ctiam
1123 3192 1351 3258 Boissonadius
1377 3194 1394 3259 I

250 3327 283 3388 p.
309 3304 380 3369 126.

339 3414 380 3479 76
402 3415 481 3482 ὅταν
509 3413 711 3502 λοιδορηθῇε]
735 3413 853 3480 Exstat
873 3413 991 3478 ibidem
1019 3417 1052 3478 et
1077 3415 1112 3478 in
1134 3412 1203 3478 Nili
1224 3413 1393 3479 sententiis

250 3524 335 3611 apud
357 3525 511 3590 Orellium
533 3524 550 3589 1
571 3548 604 3609 p.
627 3525 700 3591 330.

336 3633 377 3700 79
400 3633 500 3723 [Quae
522 3637 697 3719 sequuntur
719 3636 870 3719 quattuor
892 3633 1087 3718 sententiae,
1111 3653 1165 3698 cas
1188 3653 1205 3697 e
1225 3632 1393 3718 Theophy·

250 3745 328 3810 lacti
350 3744 546 3811 Simoeattae
568 3744 713 3829 epistulis
735 3745 854 3828 petitas
876 3763 944 3807 esse
973 3742 1082 3808 docuit
1102 3742 1329 3809 Boissonadius
1352 3743 1393 3807 ad

249 3855 438 3921 Philostrati
460 3855 564 3939 Epist.
588 3877 620 3940 p.
637 3853 701 3920 209
723 3875 769 3938 sq.
812 3853 857 3918 Et
878 3853 1015 3937 primam
1037 3852 1164 3938 quidem
1184 3875 1215 3917 ν.
1234 3853 1275 3917 79
1296 3854 1393 3935 Ἀνὴρ

248 3966 428 4048 ,ἐπίφθονοε
451 3987 489 4030 ex
512 3966 605 4050 epist.
630 3965 665 4049 83
686 4002 729 4013 -
750 3987 781 4028 ν.
798 3963 839 4028 82
860 3964 898 4030 Τί
918 3967 998 4042 δῆτα
1019 3964 1057 4029 τὸ
1081 3965 1178 4029 κενὸν
1200 3983 1238 4027 ex
1252 3985 1311 4047 ep.
1335 3963 1392 4048 793

250 4111 292 4123 —
312 4099 343 4140 ν.
368 4077 408 4141 83
430 4076 558 4143 Ὀδὶτου
580 4079 684 4157 χεῖρε(
707 4095 745 4138 er
769 4095 818 4158 ep.
844 4073 900 4156 833
921 4111 964 4122 -
985 4095 1012 4138 ν.
1035 4073 1077 4138 85
1098 4073 1131 4138 Εἰ
1156 4073 1258 4154 λύπηε
1285 4074 1393 4154 ecels-

250 4185 531 4274 mmmffl

336 4294 378 4358 84
407 4295 563 4381 Πλάτων]
597 4297 636 4361 ln
669 4295 797 4378 scriptis
835 4292 963 4377 quidem
992 4292 1138 4357 Platonis
1175 4315 1241 4358 non
1274 4297 1396 4370 exsut.

253 4399 498 4490 [Theophylacti
525 4405 661 4490 epistula
688 4405 730 4472 85
759 4425 830 4469 cum
857 4403 974 4469 lemma
998 4403 1117 4468 habeat
1142 4405 1283 4472 Πλάτων
1312 4406 1390 4470 Διο-
