3272 5088
649 407 790 454 'ruaercr
814 406 960 453 narare.
1312 391 1374 454 423

317 559 487 623 Maluimus
516 564 623 623 autem
649 559 742 623 huius
771 558 1003 622 emendationis
1030 559 1254 622 necessitatem
1277 561 1373 622 antea

233 669 450 734 demonstrare
478 691 515 734 ex
544 670 614 753 ipso
637 669 791 733 Diodoro:
820 690 906 734 nunc
928 668 1019 752 quasi
1042 668 1201 732 cumulum
1229 668 1373 732 addimus

232 777 480 862 Thucydidis
510 779 744 844 auctoritatem.
788 779 818 842 A
842 801 903 863 quo
926 778 1009 863 quod
1031 782 1224 862 postremam
1246 779 1372 843 Perdic-

234 910 290 952 cae
312 890 507 954 mentionem
529 889 652 952 factam
674 909 742 952 esse
765 891 920 972 putanmt
943 909 1063 970 omnes,
1088 888 1197 972 quiin
1220 888 1371 952 Archelai

232 1001 372 1064 aetatem
392 999 637 1084 inquisiverunt,
661 998 717 1062 lib.
734 997 780 1061 VI
804 1019 831 1062 c.
846 1001 881 1082 7,
905 999 944 1062 de
967 1019 1028 1082 quo
1050 997 1171 1062 dictum
1193 1000 1242 1061 est
1263 1019 1370 1082 supra,

230 1108 387 1174 falluntur
423 1108 508 1174 haud
542 1107 756 1174 mediocriter.
811 1107 936 1192 Nempe
972 1107 1215 1192 praetermissus
1252 1111 1301 1172 est
1337 1108 1371 1172 in

231 1217 351 1282 Dukeri
373 1218 478 1284 indice
500 1241 530 1282 ν.
555 1217 770 1283 Perdiccas
792 1218 879 1282 loeus
901 1217 957 1281 lib.
974 1217 1038 1281 VH
1054 1239 1080 1281 e.
1099 1216 1134 1299 9,
1158 1238 1251 1301 quem
1273 1218 1372 1282 miror
1392 1238 1421 1283 ra

231 1327 328 1392 etiarn
340 1327 457 1392 Naekii
479 1328 680 1413 diligentiam
702 1328 943 1412 subterfugisse,
968 1326 1196 1393 thoerihorum
1218 1350 1250 1411 p.
1266 1327 1308 1393 25
1322 1351 1369 1412 sq.

230 1460 294 1501 non
323 1437 579 1522 improbabiliter
612 1438 651 1501 de
679 1435 840 1501 Archelao
866 1436 1070 1520 disputantia.
1126 1435 1234 1500 Verba
1264 1441 1372 1502 autem

230 1546 422 1630 Thucydidis
443 1548 524 1613 baec
546 1551 636 1611 sunt:
669 1548 704 1613 ἐν
727 1549 763 1612 u
785 1553 831 1632 τῷ
855 1547 941 1632 αὐτῷ
970 1548 1054 1625 θέρει
1079 1549 1269 1613 τελευτῶντι
1296 1547 1371 1631 (hoc

231 1658 280 1720 est
300 1657 417 1742 olymp.
441 1655 524 1739 XOl,
549 1658 584 1741 3)
606 1658 657 1722 καὶ
679 1657 816 1722 Εὐετίυιν
839 1656 859 1722 ὁ
882 1657 1057 1735 ετρατηγὸε
1078 1657 1253 1735 Ἀθηναίων
1276 1659 1371 1736 μετὰ

229 1767 451 1846 Περδίκκου
474 1767 663 1847 ετρατεύεαε
685 1767 739 1832 ἐπ’
762 1765 952 1846 Ἀμφίπολιν
975 1787 1001 1829 e.
1019 1788 1049 1849 q.
1066 1789 1091 1830 s.
1138 1765 1258 1840 Quibus
1280 1766 1369 1831 doce-

229 1878 281 1939 tur
303 1877 521 1960 apertissime,
551 1876 661 1940 eodem
688 1875 929 1960 olympiadis
951 1874 1035 1940 XCI
1063 1897 1165 1940 anno
1186 1877 1309 1942 tertio
1337 1883 1370 1942 et

229 1985 414 2050 Perdiccam
435 1987 502 2050 vita
526 1986 656 2050 cessisse
685 1989 717 2049 et
745 1985 791 2048 ad
813 1985 1023 2068 imperium
1051 1987 1273 2052 accessisse
1296 1989 1368 2052 Ar-

230 2094 420 2179 chelaum,
450 2096 505 2179 qui
527 2094 653 2180 quidem
675 2116 776 2180 regno
798 2095 939 2179 praefuit
959 2118 1057 2180 usque
1086 2096 1125 2159 ad
1148 2097 1189 2161 ol.
1214 2095 1312 2180 XCV,
1341 2102 1367 2162 l.

228 2205 340 2290 Itaque
368 2207 404 2269 ut
431 2205 492 2270 hoc
519 2205 617 2269 etiam
645 2204 775 2288 addam,
805 2204 887 2288 quod
914 2227 933 2269 a
960 2206 1048 2269 nullo
1076 2205 1141 2269 vidi
1169 2206 1367 2291 adnotatum,

228 2336 323 2398 quam
351 2315 427 2379 solis
456 2315 670 2380 defectionem
692 2315 844 2379 Archelai
872 2317 977 2379 aetate
1006 2315 1158 2379 accidisse
1181 2319 1293 2380 narrat
1315 2316 1367 2382 Se-

229 2446 307 2489 neca
329 2425 369 2489 de
391 2425 554 2490 beneficiis
576 2425 616 2508 V,
640 2426 677 2507 6,
702 2445 739 2489 ea
762 2425 906 2508 apprime
929 2424 1064 2508 quadrat
1085 2424 1120 2488 in
1142 2425 1267 2508 imperii
1289 2429 1368 2491 tem-

228 2557 286 2618 pus
302 2535 451 2600 Archelai
475 2536 522 2599 ita
543 2538 579 2598 ut
602 2557 621 2598 a
642 2535 736 2599 nobis
750 2536 873 2599 factum
888 2537 937 2598 est
960 2533 1242 2618 circumscriptum.
1274 2537 1366 2601 Acci-

227 2644 275 2708 dit
297 2646 383 2709 enim
405 2645 461 2709 illa
486 2645 598 2709 ultimo
621 2644 696 2708 belli
718 2643 981 2728 Peloponnesiaci
1005 2665 1107 2726 anne,
1136 2643 1197 2709 hoc
1219 2647 1268 2709 est
1290 2649 1366 2712 ante

227 2754 379 2818 Archelai
401 2757 537 2819 mortem
559 2754 655 2827 annis
676 2756 835 2839 quattuor.
881 2753 929 2819 el.
946 2753 1071 2818 Petavii
1094 2751 1206 2818 Doctr.
1228 2758 1326 2838 temp.
1350 2756 1366 2821 I

226 2886 258 2946 p.
281 2863 354 2929 495.

312 2973 406 3037 Nunc
428 2974 554 3038 demum
582 2975 621 3038 ad
644 2973 848 3038 Athenaeum
870 2973 946 3036 licet
967 2973 1100 3055 reverti,
1129 2974 1164 3036 in
1188 2975 1275 3038 cuius
1298 2997 1365 3039 ver-

227 3083 275 3146 bis
298 3083 563 3148 recon'cinnandis
586 3105 698 3167 parum
721 3081 781 3147 sibi
804 3083 925 3146 cavisse
941 3079 1163 3148 Cesaubouum
1187 3085 1365 3150 censuimus

107 3251 112 3268 ,
226 3212 332 3276 supra.
377 3193 594 3258 Memorabilis
616 3196 666 3258 est
687 3196 794 3256 autem
817 3191 1110 3276 Schweighaeuseri
1138 3195 1363 3279 incogitantia.

227 3301 259 3364 Is
281 3303 367 3366 enim
388 3305 517 3368 tametsi
540 3302 691 3367 Archelai
717 3305 852 3366 mortem
873 3323 1042 3385 perperam
1070 3302 1110 3366 ad
1132 3303 1364 3370 Aristocrateru

227 3411 412 3476 archontem
440 3435 459 3476 a
488 3411 676 3478 Oasauhono
703 3411 814 3475 referri
842 3415 929 3474 recte
952 3412 1075 3475 monuit
1103 3413 1211 3476 adnot.
1246 3437 1277 3498 p.
1301 3413 1364 3480 234

226 3521 287 3584 vol.
311 3519 377 3602 111,
406 3525 516 3586 tamen
538 3543 603 3585 non
625 3521 718 3586 modo
741 3520 921 3586 Oasauboni
944 3521 1150 3606 scripturam,
1181 3523 1363 3588 coniectura

225 3631 457 3715 excogitatam,
496 3632 530 3696 in
558 3632 725 3695 verborum
755 3631 1028 3696 continuationem
1054 3631 1215 3721 Athenaei
1243 3635 1363 3717 recepit

224 3761 347 3804 summa
374 3741 608 3805 inconstantia:
645 3742 762 3825 quippe
790 3744 874 3804 certe
908 3743 971 3805 ἕω(
997 3742 1197 3819 Ἀντιγένους
1224 3742 1362 3807 scriben-

225 3847 299 3913 dum
322 3853 391 3915 erat
413 3851 483 3915 loco
498 3851 618 3916 Galliae
642 3851 893 3916 Oasauboniani:
916 3850 971 3915 sed
994 3851 1101 3934 etiam,
1125 3852 1274 3935 quoniam
1297 3875 1362 3919 τεε-

224 3962 445 4040 ευρεεκαίδεκα
471 3961 702 4025 restitueudum
730 3983 797 4025 esse
826 3961 908 4044 apud
937 3960 1110 4025 Diodorum
1137 3960 1302 4026 Dodwello
1329 3969 1362 4028 et

225 4067 439 4155 Wesselingio
463 4071 572 4152 credit,
597 4070 672 4135 licet
694 4072 736 4134 ab
759 4074 1019 4155 argumentorum
1042 4072 1073 4134 vi
1088 4071 1166 4135 satis
1188 4071 1359 4156 destitutis,

225 4179 275 4242 vel
296 4179 357 4243 hac
380 4181 505 4244 ratione
528 4179 649 4245 Calliae
671 4201 789 4244 nomen
811 4186 896 4244 recte
918 4202 952 4244 se
974 4181 1092 4245 hahere
1114 4183 1265 4265 nugetur,
1290 4203 1360 4245 cum

225 4288 323 4351 etiam
344 4289 385 4352 ol.
409 4288 500 4353 XOH
522 4291 600 4354 anni
621 4290 716 4374 primi
740 4289 859 4354 archon
881 4291 959 4354 item
980 4291 1098 4355 Gallias
1119 4290 1227 4354 fuerit.
1273 4290 1360 4366 Quae

226 4398 429 4485 computandi
451 4399 533 4462 ratio
561 4401 639 4464 adeo
661 4399 776 4464 fefellit
798 4401 899 4464 virum
928 4400 1044 4486 alioqui
1072 4423 1138 4464 non
1166 4401 1357 4486 imperitum,
