3270 5094
267 339 331 402 410
448 357 494 402 DE
516 355 665 403 CANTICO
689 355 895 406 sol‘uocuuo
919 357 1041 404 OEDIPI
1063 357 1226 405 cotonei.

269 529 307 572 eo
327 508 614 592 interpretamento
637 508 802 593 expulsum
825 509 1020 593 coniciebat,
1050 509 1243 590 εὔπλουτον,
1272 508 1304 574 id
1332 531 1407 574 vcro

268 618 527 700 probabilitatem
555 619 673 684 habere
701 619 885 705 negandum
912 622 970 684 cst.
1016 619 1117 684 Nihili
1146 623 1195 686 est
1220 641 1298 684 sane
1325 619 1407 704 quod

267 726 472 793 Hermannus
488 729 615 812 obiecit,
638 730 851 814 reputandum
872 729 971 794 luisse
993 729 1077 794 dona
1091 729 1236 814 Neptuni
1257 730 1310 794 hic
1325 751 1407 794 com·

267 839 437 904 memorari
468 839 624 904 debuisse.
669 839 755 905 Satis
788 840 874 904 enirn
906 840 1072 924 perspicue
1099 840 1261 925 Reisigius
1293 861 1405 905 comm.

269 949 339 1015 crit.
356 973 388 1034 p.
404 950 477 1033 294,
502 971 598 1034 quam
620 971 688 1014 esse
709 949 868 1014 rationem
889 950 1069 1014 sententiae
1092 950 1198 1034 vellet,
1221 960 1406 1034 aperuerat:

268 1060 385 1143 quippe
406 1081 471 1125 uno
493 1061 676 1127 εὔπλουτον
698 1061 853 1124 vocabulo
875 1061 969 1124 ambo
991 1059 1135 1144 Neptuni
1161 1060 1246 1125 dona
1273 1081 1406 1146 genera-

267 1169 327 1232 tim
355 1170 596 1254 comprehendi,
631 1171 705 1254 quia
733 1170 773 1234 ad
801 1170 998 1254 opulentiam
1025 1173 1192 1254 utrumque
1219 1171 1404 1255 pertineret.

268 1278 466 1362 Quemquam
494 1301 535 1344 ne
563 1280 609 1345 sic
637 1280 764 1364 quidem
791 1280 884 1344 nobis
912 1279 1096 1364 persuadet:
1124 1302 1201 1345 nem
1229 1282 1261 1346 et
1283 1302 1407 1364 semper

269 1388 388 1473 aliquid
421 1388 518 1453 alieni
549 1389 663 1454 inferri
695 1389 849 1454 sentimus
878 1393 910 1454 et
937 1389 1112 1456 abhorrens
1140 1412 1160 1454 a
1189 1391 1405 1474 simplicitate,

267 1519 328 1562 nec
350 1498 428 1562 illud
450 1499 528 1564 satis
550 1499 783 1584 intellegimus,
813 1521 868 1564 cur
894 1519 944 1584 res
967 1501 1121 1585 equestris
1143 1499 1329 1584 navalisque
1351 1523 1406 1583 po-

267 1606 425 1672 tissimum
452 1608 492 1673 ad
520 1609 704 1674 divitiarum
732 1609 962 1695 cogitationem
990 1613 1194 1694 revocentur,
1230 1609 1406 1674 certissima

268 1739 364 1801 opum
386 1717 529 1784 effectrix
550 1719 693 1784 olearum
712 1719 893 1784 fecunditas
914 1740 980 1784 non
1002 1720 1090 1784 item.
1117 1757 1156 1769 -
1178 1721 1284 1804 Atque
1310 1719 1406 1784 retio-

269 1827 463 1892 cinationem
485 1829 612 1912 quidem
633 1829 718 1894 hanc
739 1832 883 1894 nostram
909 1829 944 1894 in
971 1829 1166 1894 incertorum
1187 1850 1319 1896 numero
1340 1851 1407 1894 non

268 1937 435 2002 habemus:
457 1937 513 2002 sed
535 1937 609 2004 inde
631 1938 706 2023 quid
728 1939 771 2002 sit
793 1939 1025 2004 consectarium
1046 1939 1079 2004 h.
1096 1961 1123 2004 e.
1147 1939 1223 2024 quid
1243 1938 1406 2023 scripsisse

268 2046 458 2130 Sophoclem
484 2046 641 2130 dicamus,
676 2047 791 2112 incerti
818 2049 985 2114 haeremus
1012 2052 1048 2114 ut
1076 2049 1130 2134 qui
1157 2048 1311 2131 maxime,
1340 2069 1406 2112 non

267 2177 329 2239 quo
351 2155 433 2220 nihil
454 2156 489 2220 in
511 2160 661 2241 promptu
687 2157 745 2242 sit,
774 2158 830 2222 sed
857 2159 940 2242 quod
967 2159 1063 2223 nimis
1090 2158 1192 2223 multa
1219 2160 1404 2242 suppetunt.

268 2265 296 2329 E
318 2265 431 2349 quibus
452 2266 591 2330 fatemur
612 2266 710 2332 fuisse
733 2289 804 2332 cum
825 2271 953 2352 praeter
974 2268 1038 2332 alia
1060 2269 1120 2332 hoc
1142 2269 1299 2352 placeret:

315 2433 319 2446 ’
394 2423 503 2500 δῶρον
525 2423 583 2484 τοῦ
606 2421 747 2498 μεγάλου
769 2421 936 2502 δαίμονος,
960 2421 1086 2502 αὔχημα
1107 2423 1263 2501 μέγιετον,

394 2530 509 2611 εέβαε
531 2530 614 2595 τόδ’
636 2530 797 2607 εὔπωλον,
820 2531 1030 2596 εὐθάλααον·

267 2702 360 2764 quem
381 2703 508 2746 versum
535 2703 601 2745 non
627 2681 772 2766 profecto
800 2681 927 2746 insuavi
954 2682 1172 2747 concinnitate
1195 2683 1235 2746 ad
1258 2681 1404 2746 similitu-

201 2808 247 2858 ,Ἢν
267 2789 374 2853 dinem
396 2789 621 2874 antistrophici
643 2791 876 2856 conformatum
896 2790 1030 2856 dixeris:

394 2942 532 3022 φύτευμ’
554 2942 735 3023 ἀχείρητον,
756 2943 942 3009 αὐτόποιον.

268 3091 357 3168 Quod
384 3093 411 3156 si
440 3115 496 3156 sua
524 3115 557 3158 se
586 3094 703 3158 virtute
738 3095 952 3178 commendet,
986 3095 1068 3160 bene
1102 3099 1167 3160 est:
1204 3095 1255 3159 siu
1288 3096 1403 3179 minue,

268 3206 378 3266 nostra
401 3203 675 3268 commendatione
697 3203 786 3268 nulla
807 3203 948 3289 gretiam
968 3205 1122 3269 maiorem
1144 3204 1249 3269 inibit.
1257 3205 1288 3290 ²¹²)

335 3423 359 3489 ²¹²)
379 3423 483 3490 [(έβοε
500 3420 569 3475 illud
587 3422 642 3489 qui,
660 3421 727 3489 quid
744 3421 798 3476 sibi
814 3423 907 3488 vellet,
924 3422 1088 3492 intellegere
1106 3439 1166 3478 sose
1184 3424 1307 3492 negavit,
1325 3423 1405 3478 intel-

266 3514 370 3567 lectum
388 3515 446 3568 eius
464 3514 585 3570 notionis
603 3513 679 3569 haud
700 3531 784 3583 segre
801 3517 914 3583 poterat
931 3533 965 3570 ex
983 3515 1110 3571 Electrae
1129 3515 1293 3586 Sophocliae
1310 3535 1335 3570 v.
1355 3523 1405 3571 685

267 3623 379 3675 capere:
406 3609 516 3674 εἰεῆλθε
535 3610 676 3676 λαμπρὸς,
696 3611 760 3662 πᾶα
777 3613 837 3662 rote
854 3609 911 3662 ἐκεῖ
929 3609 1014 3674 (έβαε,
1033 3609 1088 3662 alia
1105 3609 1200 3663 aldins
1218 3611 1249 3662 ut
1266 3608 1403 3663 omittam.

267 3699 361 3754 Sciens
379 3699 538 3769 posthabui,
556 3700 590 3756 de
603 3717 657 3768 quo
670 3699 751 3755 facile
764 3699 902 3769 quispiam
920 3699 1033 3769 cogitet,
1050 3702 1164 3768 γάνος,
1182 3703 1214 3755 ut
1231 3703 1275 3756 est
1291 3701 1320 3754 in
1332 3701 1405 3768 Aga-

266 3807 413 3846 memnone
435 3811 460 3846 v.
481 3799 543 3848 tot:
573 3796 647 3848 θεοῖ(
670 3794 783 3859 λάφυρα
804 3797 894 3848 τοῦτο
915 3799 976 3848 τοῖς
995 3796 1061 3848 καθ’
1078 3794 1195 3850 Ἑλλάδα
1211 3797 1306 3862 δόμοι(
1325 3796 1406 3848 ἐπαε-

265 3885 400 3940 εάλευεαν
417 3885 534 3953 ἀρχαῖον
551 3885 655 3953 γάνος]
