3270 5094
251 344 314 408 398
598 361 645 408 aa
668 361 817 411 caumco
841 360 1047 412 soauocnuo

251 511 407 595 Neptunii
431 513 572 578 numinis
594 516 773 598 potentiam
795 516 1049 600 significantius,
1086 537 1181 600 quarn
1209 518 1267 582 τὸν
1290 517 1389 595 μέγαν

251 623 386 702 δαίμονα
414 623 476 687 dici
504 625 558 708 qui
585 627 617 688 et
643 624 796 690 fluctuum
822 627 975 690 saevitiae
1002 625 1202 710 imperitaret
1229 630 1261 689 et
1283 647 1389 708 super-

250 732 452 796 bissimarum
481 733 824 820 audacissimammque
855 735 971 799 artium
999 736 1149 800 inventor
1172 733 1278 798 esset?
1314 735 1389 817 quid

251 841 386 926 denique
420 844 661 908 convenientius
677 841 729 908 'in
762 846 958 930 tragicorum
996 845 1258 909 consuetudinem
1294 867 1389 928 quam

251 953 425 1016 concinnus
448 953 534 1016 lusus
558 954 752 1036 syllabarum
775 955 840 1037 ille,
863 977 925 1039 quo
943 955 1060 1038 pariles
1083 955 1117 1018 in
1132 955 1288 1038 parilibus
1310 954 1388 1017 locis

115 1111 118 1114 .
249 1082 343 1125 sonos
367 1061 419 1145 (τᾷ
440 1063 561 1146 μεγάλᾳ
577 1093 611 1099 -
624 1069 684 1129 τοῦ
706 1065 861 1149 μεγάλου)
885 1065 1017 1148 stropha
1039 1068 1072 1128 et
1094 1062 1296 1147 antistropha
1311 1064 1388 1127 reci-

249 1171 365 1254 piunt?
401 1171 550 1236 similiter
579 1176 674 1257 atque
701 1196 731 1238 v.
757 1175 829 1239 703.
854 1175 915 1238 716
943 1175 1080 1238 invicem
1103 1174 1165 1237 sibi
1187 1174 1290 1237 relata
1313 1177 1389 1237 sunt

249 1281 375 1346 άλιώεει
402 1283 470 1362 χερί
498 1285 530 1344 et
557 1283 629 1348 άλία
658 1285 752 1364 χερελ.
796 1283 883 1358 Quae
905 1284 1013 1348 omnia
1043 1305 1114 1348 cum
1140 1287 1209 1347 tam
1237 1305 1387 1368 sagacem

248 1391 351 1454 virum
372 1390 484 1476 fugere
506 1391 637 1455 minime
658 1392 838 1475 potuerint,
862 1392 988 1482 videtur
1014 1396 1041 1457 is
1069 1392 1193 1456 inventi
1220 1393 1305 1456 illius
1328 1393 1386 1474 sui,

249 1499 331 1584 quod
355 1503 403 1564 est
424 1485 665 1583 μεγαλαύχημα,
688 1501 856 1566 lenociniis
879 1503 958 1566 adeo
982 1505 1094 1586 eaptus
1112 1523 1191 1584 esse,
1213 1506 1249 1565 ut
1263 1503 1387 1587 magui-

248 1609 309 1674 fico
342 1610 512 1694 vocabule,
546 1611 629 1695 quod
661 1611 864 1695 intellegeret
897 1634 968 1677 cum
999 1614 1140 1692 μεγάλου
1173 1614 1327 1691 δαίμονα(
1355 1614 1388 1675 et

248 1721 392 1800 μέγιετον
420 1721 550 1785 omnino
578 1743 645 1785 non
671 1743 763 1804 posse
791 1721 900 1786 eodem
929 1743 1020 1786 versu
1051 1722 1243 1803 consociari,
1278 1721 1386 1805 quovis

248 1831 344 1922 pacto
371 1830 476 1894 locum
504 1830 579 1894 dare
609 1830 846 1914 adgrederetur.
891 1831 935 1894 Et
963 1835 1073 1895 tamen
1101 1853 1141 1895 ne
1168 1831 1238 1914 ipsa
1261 1830 1386 1914 quidem

248 1941 500 2019 perclusimus
520 1942 682 2020 μέγιετον
704 1940 835 2004 nomina
858 1941 1058 2004 concedimus
1079 1941 1147 2004 sine
1163 1940 1299 2024 quaesiti
1315 1963 1386 2004 acu-

205 2048 345 2112 uminis
371 2049 430 2112 tali
459 2049 594 2113 artificio
621 2049 711 2133 iungi
739 2051 832 2133 quale
859 2050 912 2113 hic
940 2054 1035 2133 poeta
1062 2071 1191 2134 prorsus
1219 2050 1384 2134 detrectet,

249 2158 434 2242 ingeniosus
457 2158 510 2221 ille
533 2157 660 2242 quidem
683 2159 800 2222 artifex
822 2160 987 2243 orationis,
1009 2181 1076 2224 non
1099 2160 1275 2244 argutulus.

333 2267 407 2331 Non
429 2268 534 2332 minus
556 2268 729 2332 manifesta
759 2291 962 2333 numerorum
992 2269 1171 2353 corruptela
1193 2291 1301 2332 versus
1324 2267 1386 2333 702

247 2377 373 2442 laborat
401 2400 472 2442 cum
500 2379 561 2443 715
590 2378 749 2442 conlatus:
786 2381 824 2444 τὸ
859 2381 917 2459 μέν
944 2401 991 2443 τι(
1020 2379 1110 2444 οὔτε
1139 2379 1282 2458 νεαρὸε
1311 2379 1385 2442 οὔτε

249 2490 331 2570 γήρᾳ
344 2518 387 2546 =
402 2491 554 2582 τγρώταιει
576 2493 680 2554 ταῖεδε
702 2489 805 2554 artene
827 2488 962 2564 ἀγυιαῑεε
985 2509 1118 2572 quorum
1139 2509 1321 2552 mensuram
1337 2509 1385 2550 sa·

248 2598 291 2661 tis
313 2598 407 2661 hodie
431 2601 578 2662 constare
600 2600 749 2680 putamus
771 2619 837 2661 non
865 2597 949 2661 hanc
971 2619 1039 2661 esse
1061 2628 1138 2660 ca„
1151 2625 1201 2659 ,υ
1235 2628 1383 2679 „av-c,

247 2706 302 2772 sed
324 2708 408 2770 hanc
430 2708 536 2790 potius
699 2737 717 2766 ι
729 2749 880 2771 „„„„„„
926 2705 999 2770 Vna
1022 2707 1122 2791 igitur
1142 2728 1177 2772 τε
1199 2706 1310 2772 vocula
1333 2707 1384 2770 de-

246 2817 312 2880 leta
333 2818 371 2881 τὸ
393 2818 451 2895 μέν
479 2838 526 2881 τι(
549 2817 594 2882 οὐ
617 2818 733 2897 νεαρόε
762 2817 836 2882 οὔτε
857 2819 941 2900 γήρᾳ
968 2839 1039 2880 cum
1066 2816 1209 2880 Porsono
1235 2815 1385 2899 placebat

246 2929 315 2988 tum
342 2925 496 3010 Reisigio.
542 2924 682 2999 Quorum
708 2926 764 2990 ille
791 2927 867 3010 quid
889 2927 928 2990 de
950 2930 1051 2990 metro
1074 2926 1224 3008 senserit,
1256 2927 1384 3010 ignora·

245 3039 313 3117 tur,
344 3057 438 3118 quem
464 3039 574 3098 tamen
602 3035 641 3099 de
669 3037 772 3099 soluta
800 3036 835 3099 in
863 3037 942 3100 duas
969 3036 1081 3099 breves
1102 3036 1201 3120 longa
1225 3035 1384 3120 cogitasse

247 3165 343 3230 aegre
366 3144 491 3208 credas:
514 3145 650 3228 synizesi
665 3145 858 3229 bisyllabum
879 3146 948 3209 fieri
970 3147 1087 3226 νεᾶρόε
1102 3143 1246 3228 Reisigio
1268 3145 1382 3227 visum,

246 3253 355 3318 ‘utin
378 3255 437 3334 ῥέα
458 3255 633 3320 docuerunt
655 3255 695 3318 ad
718 3254 926 3319 Hesiodum':
963 3277 1024 3340 quo
1051 3254 1196 3337 exemplo
1217 3254 1313 3317 facile
1336 3253 1386 3344 inj

246 3363 373 3448 tellegis
394 3364 525 3428 minime
553 3364 732 3428 satisfieri.
777 3363 896 3438 Quodsi
923 3365 1072 3448 propiora
1100 3363 1381 3448 circumspicimus
1494 3430 1498 3437 ,

245 3473 280 3536 in
308 3476 458 3557 promptu
485 3477 561 3538 sunt
588 3495 665 3537 sane
692 3474 820 3539 νεανία(
849 3476 995 3539 νεανικά(
1018 3474 1099 3558 (sive
1121 3476 1232 3539 νανὶαε
1255 3474 1383 3540 νανικό(

247 3605 318 3647 cum
339 3583 505 3648 Dindorfio
526 3583 705 3668 scripseris)
728 3583 896 3666 trisyllaba
919 3583 1001 3666 apud
1019 3581 1269 3665 Aristophanem
1284 3580 1381 3665 Vesp.

245 3715 274 3757 v.
301 3694 392 3757 1067.
418 3693 509 3776 1060,
534 3714 595 3776 quo
617 3693 753 3756 fortasse
775 3695 896 3759 νεανίαι
920 3692 1044 3758 accedit
1065 3691 1228 3774 Euripidis
1251 3691 1381 3775 Cyclopi

244 3825 274 3866 v.
298 3803 340 3866 28
364 3802 546 3866 coniectura
568 3801 742 3866 redditum:
770 3803 847 3866 item
869 3808 958 3882 νῆνιε
980 3823 1038 3885 pro
1060 3805 1166 3881 νεῆνιε
1189 3800 1273 3884 apud
1294 3801 1382 3864 Ana·

246 3915 407 3978 creontem
434 3912 475 3975 fr.
505 3912 559 3993 14,
589 3913 610 3976 3
642 3911 677 3975 in
704 3911 837 3996 Bergkii
863 3913 966 3995 poetis
993 3911 1102 3994 lyricis
1129 3933 1161 3993 p.
1191 3911 1268 3974 778:
1304 3910 1382 3974 item

244 4023 375 4087 νεοεεόε
401 4022 515 4088 νοεεόε
543 4025 577 4084 et
603 4021 744 4084 finitima
769 4043 840 4084 cum
863 4021 940 4085 alibi
961 4024 1029 4085 tum
1051 4019 1135 4102 apud
1157 4019 1379 4100 Menandrum,

244 4153 325 4215 quae
358 4130 534 4194 Lobeckius
567 4131 721 4194 tractavit
753 4131 788 4194 in
820 4129 1038 4214 Phrynichum
1072 4151 1102 4212 p.
1130 4129 1194 4192 206
1228 4133 1274 4213 sq.
1320 4128 1381 4192 Sed

243 4243 354 4304 tamen
374 4262 414 4304 ne
437 4239 516 4304 haec
539 4239 665 4324 quidem
687 4240 833 4304 sufficere
856 4239 896 4303 ad
918 4239 1109 4303 firmandum
1131 4239 1247 4318 νεῖιρόε
1262 4236 1382 4320 Sopho·

245 4349 341 4416 elium
363 4353 512 4432 apparet:
535 4349 662 4433 quando
684 4349 718 4414 in
741 4348 887 4412 omnibus
909 4349 1007 4432 longa
1029 4347 1153 4430 syllaba
1176 4350 1224 4410 est
1246 4369 1381 4430 quacum
