3272 5088
251 353 314 418 468
702 368 749 415 ns
772 368 921 418 uunsrrs

253 545 349 607 quam
371 523 475 605 ipsam
490 523 648 588 Diodorus
665 522 769 606 XVII,
791 523 833 586 52
855 521 1043 605 significans
1066 522 1244 600 ἐπανῆλθεν
1268 521 1312 587 εί(
1334 523 1392 601 τὴν

254 634 369 714 (υρίαν
391 633 482 697 dixit.
529 633 579 698 ef.
604 633 790 699 Olintonmn
812 655 841 716 p.
863 632 934 696 164.
979 631 1024 695 Vt
1047 632 1130 715 apud
1154 632 1285 696 Suidam
1306 631 1393 695 vide-

253 746 328 806 atur
359 745 449 824 μέχρι
475 747 531 823 τῆτ
553 794 559 807 .
583 794 620 809 ..
652 745 702 809 ἐπὶ
734 747 793 823 τὴν
821 744 936 824 [opica
970 743 1095 824 ἐφόδου
1128 747 1195 822 τῆε
1229 743 1306 822 μετὰ
1334 743 1392 821 τὴν

254 854 490 933 Ἀλεξανδρεία(
513 855 606 920 κτίτιν
629 855 833 918 scribendum
856 875 934 946 esse.
1197 861 1200 866 '

338 963 396 1050 (X)
433 963 514 1028 Pars
542 962 645 1028 adhuc
672 963 905 1047 disputatorum
938 963 1148 1028 fundamento
1175 962 1236 1027 hoc
1265 962 1391 1046 nititur,

254 1075 336 1158 quod
364 1074 495 1138 alterius
513 1073 708 1158 Marsyae,
725 1073 1021 1157 Philippensis,
1036 1072 1243 1137 Macedonica
1257 1072 1392 1136 diximus

253 1184 295 1249 ab
317 1184 411 1270 regni
433 1184 527 1250 initio
542 1183 720 1248 Alexandri
734 1184 779 1247 M.
804 1204 916 1247 exorsa
939 1205 1017 1248 esse.
1048 1183 1138 1258 Quod
1154 1183 1281 1268 quidem
1296 1183 1392 1268 longe

254 1295 443 1380 gravissimo
457 1295 642 1359 testimonio
659 1295 845 1378 comprobat
859 1294 1032 1358 scholiasta
1047 1294 1080 1357 in
1096 1293 1259 1376 Euripidis
1271 1292 1392 1376 Hippo-

253 1406 355 1490 lytum
377 1427 407 1470 v.
431 1405 493 1469 666
516 1405 618 1489 (671),
642 1405 695 1488 qui
718 1405 756 1468 de
778 1403 862 1469 nodo
885 1403 1004 1468 Gordia
1027 1425 1127 1489 agens
1150 1404 1192 1468 ab
1208 1403 1392 1467 Alexandro

253 1516 406 1580 dissoluto
431 1516 617 1595 Μαρτόοε
639 1517 675 1582 δὲ
692 1515 739 1578 ait
761 1516 780 1579 δ
802 1515 1002 1594 νεώτεροι
1025 1515 1065 1580 ἐν
1087 1521 1130 1599 τῇ
1153 1514 1286 1598 πρώτῃ
1314 1518 1391 1580 τῶν

254 1627 498 1692 Μακεδόνων
520 1626 707 1706 ίττοριιίιν
730 1646 846 1705 φητιν
870 1625 988 1690 adroic·
1010 1629 1066 1703 τῆ(
1084 1627 1119 1690 δὲ
1135 1625 1253 1704 άμάξηε
1268 1625 1392 1700 λέγεται

252 1738 310 1802 τὸν
332 1736 430 1813 Ζυγόν
459 1743 505 1821 τῷ
535 1736 635 1821 ῥυμῷι
652 1737 878 1815 προεδεδέτθαι
903 1736 1032 1814 κλήματι
1055 1735 1230 1817 ἀμπελίνῳ.
1273 1733 1392 1808 Quibus

254 1867 335 1930 quae
358 1848 545 1909 nectuntur:
568 1846 630 1910 ἔετι
650 1847 687 1910 δὲ
710 1846 833 1927 λόγιον,
857 1846 894 1909 δε
910 1845 949 1910 ἂν
965 1846 1023 1910 τόν
1038 1845 1153 1923 δετμὸν
1168 1849 1286 1911 τοῦτον
1304 1845 1392 1928 λύτη,

255 1955 447 2036 βατιλεύτειν
476 1955 576 2039 (vulg.
601 1955 701 2031 λύτει,
731 1954 915 2040 βατιλεύτει)
944 1959 999 2032 τῆτ
1027 1955 1137 2020 Ἀτίας.
1181 1956 1392 2034 Ἀλέξανδρον

254 2067 291 2131 δέ
313 2085 390 2146 φατι
412 2065 469 2130 τόν
494 2065 694 2130 Μακεδόνων
718 2066 845 2145 βοτιλέα
868 2066 957 2130 Auem
980 2065 1093 2130 αὐτόν·
1115 2067 1153 2129 δε
1175 2065 1314 2144 διαβάς
1338 2064 1393 2128 cic

254 2177 324 2255 τὴν
340 2174 463 2240 Ἀτίαν
485 2176 558 2254 τὴν
581 2175 633 2239 ἐπὶ
656 2175 795 2258 Γρανίκῳ
817 2175 920 2255 μάχην
943 2173 1101 2260 ἐνίκητε*)
1125 2176 1175 2238 καί
1196 2175 1392 2253 παρεγένετο

254 2285 306 2349 ἐπὶ
327 2286 386 2350 τὸν
408 2283 513 2350 τόπον
537 2305 609 2348 cum
629 2284 759 2368 reliquis
782 2284 823 2347 ad
845 2284 943 2348 finem
962 2283 1085 2366 scholii,
1108 2283 1189 2347 haec
1210 2282 1310 2368 igitur
1332 2283 1393 2347 etsi

254 2394 354 2458 videri
376 2397 511 2478 possunt
527 2415 564 2458 ex
580 2393 727 2478 Marsyae
743 2393 825 2457 libro
840 2393 955 2457 hausta
971 2415 1049 2477 esse,
1073 2397 1183 2456 tamen
1202 2393 1274 2476 ipsa
1295 2393 1396 2462 verba,

254 2505 419 2588 scriptoris
443 2504 496 2568 vix
518 2525 686 2589 agnoscas.
732 2503 885 2568 Gordium
908 2506 1016 2566 autem
1042 2502 1225 2566 Alexander
1247 2503 1393 2586 pervenit

254 2615 371 2698 olymp.
397 2616 468 2698 111,
492 2614 513 2677 4
540 2614 572 2678 h.
597 2635 624 2677 e.
648 2614 775 2697 imperii
804 2635 890 2676 auno
917 2613 1013 2685 tertio
1035 2615 1202 2696 quartove:
1241 2612 1282 2676 ci.
1307 2610 1392 2678 Clin-

254 2727 366 2788 tonum
393 2747 425 2807 p.
452 2724 521 2787 162.
575 2723 706 2811 [Contra
734 2745 792 2787 nos
821 2722 942 2807 pariter
969 2726 1063 2806 atque
1091 2722 1292 2806 Droysenum
1320 2721 1392 2786 Gei-

255 2854 404 2917 erumque
427 2833 569 2897 sentiens
591 2833 762 2898 Muellerus
782 2856 814 2916 p.
838 2833 881 2896 44
902 2833 1050 2916 Marsyae
1072 2831 1151 2895 illud
1173 2830 1393 2896 testimonium

322 3046 347 3114 ²¹²)
365 3045 503 3112 Vulgatur
524 3045 618 3110 διαβότ
640 3045 704 3098 τινά
727 3045 826 3110 μάντιν
849 3044 894 3098 aa
919 3042 1042 3111 Γρανίκῳ
1065 3044 1156 3110 μάχην
1174 3041 1290 3110 ἐνίκηεε.
1325 3041 1393 3096 Cum

256 3139 353 3204 μάντει
371 3137 463 3204 aliquo
483 3137 535 3191 etsi
558 3155 617 3192 rem
636 3155 702 3192 sane
720 3136 819 3190 habuit
836 3135 994 3190 Alexander
1011 3137 1085 3190 teste
1107 3135 1229 3189 Diodoro
1247 3134 1332 3200 XVII,
1352 3141 1390 3188 17.

256 3238 295 3296 18,
313 3232 408 3284 tamen
426 3230 455 3282 id
472 3229 540 3282 nihil
558 3229 698 3298 pertinere
717 3229 753 3283 ad
772 3227 868 3282 scholii
883 3229 1069 3298 corruptelam
1087 3229 1189 3297 potest,
1207 3227 1283 3280 cuius
1301 3244 1394 3281 emcn-

254 3323 397 3378 daticnem
421 3323 533 3376 firmant
556 3321 678 3377 ciusdem
701 3320 816 3375 Diodori
838 3321 924 3375 verba
947 3338 1006 3390 cap.
1034 3327 1064 3374 16
1086 3325 1137 3387 τῆς
1161 3319 1200 3374 cl(
1222 3323 1277 3386 τὴν
1301 3320 1393 3374 Ἀτίαν

254 3418 412 3482 διοβάτεωτ,
432 3418 462 3470 et
479 3433 501 3469 c.
523 3421 553 3469 17
572 3416 599 3470 οἱ
621 3417 688 3480 μετ’
711 3415 895 3480 Ἀλεξάνδρου
917 3415 1062 3478 διαβάντες
1086 3413 1125 3467 etc
1147 3415 1203 3478 τήν
1227 3412 1332 3467 ’Actum
1362 3414 1394 3466 ut

254 3509 399 3563 mittamus
416 3507 596 3561 Plutarchum
614 3506 661 3561 vit.
681 3506 759 3560 Alex.
779 3523 801 3559 c.
822 3511 837 3560 9
861 3505 910 3573 (etc
930 3506 1022 3559 Ἀτίον
1040 3508 1068 3561 ἐξ
1086 3505 1225 3572 Εὐρώπη(
1244 3521 1393 3571 παρετκειι-

254 3603 337 3656 όΖετο
355 3601 522 3667 διαβα1νειν),
541 3597 706 3654 Aeschinem
724 3598 786 3652 adv.
806 3597 928 3667 Ctesiph.
945 3605 991 3653 163
1003 3616 1030 3668 p.
1044 3603 1091 3652 661
1106 3597 1139 3651 R.
1160 3597 1210 3664 (είτ
1228 3599 1283 3664 τὴν
1302 3597 1393 3651 Ἀείαν

254 3696 352 3762 διέβη),
377 3693 549 3747 Clementem
570 3693 646 3746 Alex.
672 3691 773 3746 Strom.
798 3692 819 3756 Ι,
838 3698 877 3757 ⁶21,
903 3697 952 3745 lac
973 3709 1000 3760 p.
1026 3697 1075 3746 403
1098 3690 1172 3744 Pott.
1199 3691 1393 3757 (Ἀλέξανδρον

255 3788 294 3840 είτ
312 3790 366 3852 τὴν
386 3786 478 3839 ’Λείαν
495 3787 638 3854 διαβῆναι).
672 3784 837 3852 [Tamquam
855 3783 884 3837 in
903 3783 996 3838 oculos
1014 3782 1153 3836 incurrero
1172 3785 1284 3838 nostrae
1302 3798 1394 3838 emcn-

255 3878 375 3933 dationis
394 3876 562 3932 evidentiam
586 3895 619 3931 ex
636 3877 689 3930 hac
705 3877 864 3931 litterarum
882 3875 1061 3930 similitudine
1079 3877 1223 3945 putamus:

574 3985 1066 4043 ΔΙΑΒΑΕΕΙΕΤΗΝΑΕΙΑΝΤΗΝΕΠΙ

574 4079 702 4134 masa(
755 4082 792 4133 ΤΙ
805 4077 956 4132 ΝΑΜΑΝΤ
969 4081 974 4133 Ι
987 4078 1076 4133 ΝΕΠΙ.

254 4191 386 4259 Noglcxit
402 4189 480 4243 illam
498 4191 547 4243 aut
563 4189 714 4258 ignorabat
732 4189 764 4243 G.
783 4187 941 4242 Dindorfius
961 4185 1050 4242 Schol.
1071 4186 1165 4256 Eurip.
1186 4186 1238 4240 vol.
1259 4187 1271 4239 l
1288 4205 1315 4255 p.
1337 4191 1393 4252 154,

254 4282 302 4336 ubi
320 4284 413 4347 διαβότ
432 4283 484 4336 τόν
509 4285 648 4350 ἅμμαντιν
670 4281 757 4336 ctiam
779 4279 905 4336 vitiosius
928 4279 1034 4336 editum
1056 4281 1100 4336 est
1122 4296 1155 4334 ex
1180 4296 1233 4335 uno
1256 4277 1393 4334 Vaticano

255 4373 369 4444 codice]
