3218 5094
316 367 378 432 660
697 383 744 430 ns
768 383 837 431 oso
861 383 905 429 nr
928 383 1071 432 ourous.

317 556 432 619 operae
465 535 586 598 instare
619 535 660 598 ab
692 535 773 598 alius
808 535 971 599 cuiusdam
1003 535 1050 598 rei
1082 534 1235 597 memoria
1266 532 1394 596 vixdum
1423 533 1455 595 in

317 648 502 709 transcursu
525 667 621 728 supra
643 645 855 730 significatae.
902 644 1032 709 Scilicet
1054 643 1111 709 Ori
1133 642 1251 707 Milesii
1275 647 1455 721 Etymolopi-

316 777 383 820 cum
415 755 544 839 reliquis
579 755 663 818 illius
696 755 887 838 Orionisque
920 754 1048 839 scriptis
1080 753 1246 818 Fabricius
1280 752 1399 816 adiecit
1423 752 1456 814 in

318 864 401 929 Bibl.
425 886 474 949 gr.
498 864 545 930 Vl
566 888 598 949 p.
615 865 687 929 374.
711 865 773 930 603
795 864 887 928 Harl.
933 864 991 930 Oui
1014 864 1061 927 rei
1083 864 1110 928 si
1131 864 1209 927 fides
1231 861 1382 926 habenda
1405 861 1455 942 sit,

316 974 422 1039 hercle
445 975 484 1039 ad
508 975 633 1038 irritum
657 974 751 1038 eadat
772 995 903 1039 neeesse
925 977 974 1038 est
995 995 1115 1058 magna
1137 994 1212 1057 pars
1228 972 1332 1036 adhuc
1352 971 1457 1054 dispu-

316 1088 466 1149 tatorum.
511 1085 563 1149 Ita
591 1085 677 1150 enim
704 1085 780 1169 quid
808 1106 886 1168 opus
913 1083 1010 1148 fuerit
1037 1084 1076 1146 de
1098 1082 1323 1167 dispertiendis
1346 1083 1382 1144 in
1405 1101 1457 1165 ge-

315 1217 394 1260 nera
417 1199 449 1258 et
476 1195 593 1260 classes
619 1194 813 1279 fragmentis
841 1193 1065 1276 commentari,
1096 1215 1177 1277 quae
1205 1191 1457 1256 commodissime

316 1305 351 1368 in
373 1305 598 1390 Etymologiea
619 1305 773 1372 transisse
796 1325 834 1368 ex
857 1303 1080 1388 Etymologico
1102 1302 1213 1367 dieas?
1248 1301 1335 1386 Ergo
1358 1302 1457 1387 igitur

316 1415 351 1478 in
377 1415 463 1480 illius
489 1415 612 1478 fontem
639 1413 811 1478 memoriae
839 1417 872 1476 et
899 1414 1123 1478 auctoritatem
1155 1411 1382 1496 inquirendum
1411 1414 1457 1475 est

316 1523 499 1610 diligenter.
544 1523 668 1588 Nititur
695 1527 804 1587 autem
830 1545 868 1587 ea
895 1542 960 1586 una
986 1523 1124 1606 quadam
1152 1521 1256 1586 Fulvii
1283 1521 1397 1586 Vrsini
1424 1521 1455 1584 in

316 1634 445 1699 Festum
468 1634 692 1717 adnotatione,
723 1633 807 1717 apud
830 1632 1086 1697 Lindemannum
1108 1655 1140 1716 p.
1164 1632 1243 1714 359,
1272 1653 1370 1715 quarn
1392 1629 1455 1715 qui-

316 1745 388 1808 dem
409 1745 461 1810 hic
483 1744 649 1808 subiunxi:
673 1749 790 1808 Cibus.
830 1747 908 1807 Orus
929 1747 1065 1807 Milesias
1086 1750 1119 1807 ia
1143 1747 1351 1824 Etymolopico
1374 1746 1457 1822 apud

315 1877 361 1919 me
383 1861 605 1934 manuscripto:
643 1855 794 1934 Κιβωτὸε,
816 1860 923 1933 inquit,
948 1853 1069 1934 ὤφειλε
1092 1854 1144 1918 διὰ
1165 1856 1224 1916 τοῦ
1247 1873 1275 1916 ει
1296 1857 1384 1933 διφθ.
1408 1851 1455 1916 διὰ

315 1967 353 2029 τὸ
376 1968 491 2030 κεῑεθαι
518 1965 553 2029 ἐν
582 1965 661 2047 αὐτῇ
689 1976 745 2028 etc.
789 1963 866 2028 iture
892 1965 928 2055 ot
955 1964 1043 2042 παρὰ
1071 1964 1109 2027 τὸ
1140 1963 1228 2043 κίβοε
1257 1963 1410 2040 γέγονεν,
1437 1961 1454 2022 ὃ

317 2074 455 2153 caputve
484 2076 542 2153 τὴν
569 2076 715 2154 τροφὴν,
744 2074 793 2138 καὶ
820 2073 934 2153 κίβηειε
956 2073 976 2152 ἡ
999 2074 1099 2153 πήρα,
1128 2073 1347 2152 ἢὴκιβωτὸ(
1369 2072 1455 2151 παρὰ

316 2187 354 2248 τὸ
376 2187 492 2249 κεῑεθαι
513 2183 577 2248 ἐκεῖ
598 2185 655 2262 τὴν
680 2182 776 2262 βόειν.
822 2181 912 2246 Haec
940 2181 1004 2245 ille.
1049 2180 1195 2245 Vniusne
1224 2179 1324 2265 igitur
1345 2179 1454 2243 Vrsini

317 2293 487 2378 ancipiti
515 2293 699 2356 testimonio
731 2291 809 2355 illud
844 2291 968 2374 credes,
1007 2291 1096 2355 cuius
1123 2311 1183 2354 neo
1210 2289 1245 2352 in
1273 2293 1323 2352 tot
1344 2289 1454 2354 biblio-

315 2403 418 2468 thecis
439 2403 553 2468 horum
568 2402 646 2468 CCL
661 2424 818 2466 annorum
835 2401 940 2485 spatio
963 2401 1145 2484 perquisitis
1168 2399 1218 2463 vel
1235 2399 1454 2464 tenuissimum

315 2514 487 2600 vestigium
508 2516 670 2597 repertum
697 2534 766 2576 esse
794 2512 934 2595 catalogi
957 2514 1113 2595 arguunt,
1142 2509 1258 2573 necin
1280 2511 1330 2572 tot
1351 2529 1454 2594 gram·

315 2625 504 2688 matioorum
519 2624 609 2687 libris
624 2623 742 2686 totiens
756 2622 853 2686 Orum
870 2620 1029 2684 Milesium
1045 2618 1277 2684 antestantium
1293 2619 1344 2682 vel
1359 2617 1454 2683 semel

315 2733 451 2797 vidimus
473 2733 669 2796 mentionem
683 2731 776 2796 fieri?
805 2731 935 2813 Anceps
958 2730 1043 2794 enim
1058 2729 1134 2812 dixi,
1158 2728 1241 2813 quod
1263 2749 1304 2791 ne
1327 2749 1454 2793 necesse

299 2843 443 2927 ·quidem
470 2843 536 2905 ullo
562 2845 657 2925 pacto
685 2845 733 2906 est
756 2841 812 2905 Ori
837 2841 943 2924 potius
965 2840 1064 2922 ipsius
1087 2838 1346 2922 Etymologicum
1368 2837 1454 2903 Vrsi-

316 2975 376 3016 nus
406 2952 514 3016 oitarit
541 2973 636 3035 quam
664 2952 698 3015 in
726 2951 837 3035 quovis
865 2950 928 3014 alio
950 2949 1173 3034 Etymologico
1201 2948 1257 3011 illa
1279 2948 1337 3012 Ori
1360 2947 1454 3012 verba

317 3065 442 3126 exstare
475 3061 677 3147 significarit.
722 3060 767 3126 Et
788 3061 823 3124 in
844 3060 930 3125 hanc
957 3059 1085 3144 quidem
1107 3057 1302 3122 sententiam
1324 3079 1358 3122 re
1381 3078 1454 3122 vera

266 3187 298 3235 72
316 3171 592 3256 interpretandam
624 3193 692 3236 esse
720 3170 835 3236 Vrsini·
864 3171 1079 3252 notationem,
1115 3191 1186 3233 cum
1218 3168 1268 3232 vel
1300 3169 1454 3253 Magnum

316 3281 574 3367 Etymologieum
596 3281 729 3346 suadeat
756 3284 790 3344 et
812 3279 1010 3363 Gudianum,
1043 3283 1112 3342 tum
1134 3277 1371 3342 evidentissime
1399 3277 1453 3341 Zo-

316 3415 412 3456 naras
435 3393 569 3474 evincit,
601 3390 712 3456 eadem
735 3391 935 3474 perscribens
963 3411 994 3474 p.
1021 3389 1103 3452 1210
1129 3409 1210 3472 quae
1238 3388 1346 3470 posuit
1367 3386 1454 3452 Vrsi-

316 3525 387 3566 nus.
420 3541 463 3550 —
499 3501 561 3567 Sed
593 3501 677 3565 idern
710 3501 858 3565 videlicet
890 3501 948 3564 Ori
980 3499 1098 3564 Milesii
1129 3497 1387 3583 Etymologicum
1420 3497 1453 3560 in

317 3612 425 3678 codice
452 3611 667 3696 Neapolitano
701 3614 825 3676 exstare
852 3609 1018 3674 Harlesius
1047 3609 1184 3674 coniecit
1216 3607 1301 3672 Bibl.
1329 3629 1378 3692 gr.
1407 3604 1454 3671 VI

315 3745 347 3806 p.
371 3723 433 3788 603
461 3726 495 3787 et
521 3721 604 3806 Vp.
630 3721 702 3786 786.
751 3720 912 3785 Nimirum
939 3719 1022 3803 quod
1050 3718 1225 3803 posteriore
1257 3717 1328 3782 loco
1355 3715 1453 3801 speci·

315 3832 412 3896 minis
435 3853 546 3897 caussa
568 3831 703 3915 protulit
723 3831 852 3894 initium
873 3830 1047 3913 Glitterae,
1071 3828 1269 3892 simillimum
1290 3831 1340 3892 est
1361 3825 1452 3891 initio

316 3941 369 4006 Elt.
393 3941 517 4028 Magni,
540 3963 669 4026 prorsus
692 3945 799 4004 autem
821 3963 880 4024 par
902 3939 1045 4004 Zonaras
1067 3938 1227 4003 notationi
1249 3960 1281 4021 p.
1304 3937 1454 4002 59211011

316 4052 357 4116 ab
380 4052 473 4116 initio
496 4052 636 4136 positae,
664 4073 705 4115 ne
732 4073 797 4114 una
825 4050 952 4135 quidem
979 4050 1088 4114 littera
1114 4049 1299 4131 discrepans
1321 4048 1363 4111 ab
1384 4046 1452 4130 ipso

316 4162 409 4226 initio
432 4161 715 4245 Gudianip.155,
739 4161 788 4224 12.
834 4159 924 4235 Quod
946 4159 1120 4244 praeterire
1143 4181 1208 4224 non
1230 4157 1368 4221 debebat
1390 4155 1452 4220 Gu-

317 4273 405 4338 diani
428 4269 581 4338 editorem
603 4271 779 4355 Sturaium,
810 4291 868 4335 aon
890 4276 969 4334 male
988 4275 1163 4336 Hortesiana
1189 4273 1352 4346 coniecisse
1373 4264 1452 4330 iudi·

318 4387 445 4464 cantem
466 4383 568 4473 praef.
592 4383 628 4446 in
650 4381 802 4448 Orionem
821 4404 855 4468 p.
880 4377 927 4446 VI
949 4382 1022 4445 adn.
1046 4382 1098 4448 25.
