3254 5092
628 376 746 437 nnova
769 377 986 425 aaaronoao
1317 336 1396 426 181

240 527 443 592 laudabiliter
471 551 573 611 nuper
595 529 672 593 Otto
695 528 905 594 Schneiderus
934 529 1093 612 supplevit
1121 530 1155 593 in
1178 529 1309 614 egregia
1337 529 1376 592 de

240 638 437 704 Scholiorum
461 638 687 722 Aristophanis
709 639 853 702 fontibus
876 640 1144 704 commentatione
1166 661 1197 722 p.
1224 639 1284 703 119
1305 662 1374 723 sqq.

239 747 333 812 Vnde
368 751 400 811 et
431 749 564 814 metrica
597 749 632 812 in
662 749 913 831 Aristophanem
945 748 1066 812 scholia
1098 749 1145 813 illi
1177 749 1377 833 potissimum

240 857 412 922 Heliodoro
434 858 557 941 deberi,
588 862 621 922 et
641 859 734 922 hrrius
756 860 973 939 κωλομετρὶαν
994 863 1061 925 τῶν
1084 862 1220 938 μελικῶν
1243 861 1376 939 Ἀρκτο-

240 968 549 1050 φά11111111111111
577 968 760 1033 didicimus:
789 990 921 1053 quorum
948 969 1027 1032 illud
1049 967 1232 1032 Dindorfius
1254 991 1376 1052 quoque

242 1079 420 1142 coniecerat
447 1077 549 1162 praef.
578 1079 614 1141 in
642 1077 747 1144 Schol.
777 1079 852 1143 edit.
882 1078 985 1142 Oxou.
1014 1101 1046 1162 p.
1074 1078 1168 1162 XVI,
1204 1081 1264 1143 hoc
1292 1079 1376 1142 idem

240 1187 389 1270 probavit
416 1188 562 1252 Addend.
587 1211 618 1272 p.
641 1189 714 1254 395.
761 1189 880 1253 Contra
908 1189 946 1252 de
972 1189 1081 1252 metris
1104 1188 1282 1253 Pindaricis
1310 1209 1377 1252 non

241 1319 382 1362 seorsum
411 1301 660 1362 commentatum
693 1319 762 1362 esse
787 1297 966 1363 Boeckhius
999 1298 1106 1363 docuit
1137 1299 1239 1382 praef.
1270 1297 1374 1364 Schol.

240 1430 272 1490 p.
295 1407 431 1472 XXXII.
476 1408 647 1472 Praeterea
668 1408 730 1491 ipsi
752 1429 838 1471 nunc
860 1408 1014 1472 adicimus
1036 1408 1260 1492 gravissimum
1282 1408 1377 1472 Marii

241 1515 399 1580 Victorini
420 1517 640 1582 testimonium
656 1518 728 1582 Art.
750 1539 885 1601 gramm.
902 1518 944 1600 Il,
967 1519 997 1600 9,
1014 1519 1034 1583 8
1050 1540 1080 1600 p.
1101 1517 1375 1606 1271111112541

241 1625 387 1692 Putsch.:
416 1633 454 1693 At
468 1633 547 1694 Iuba
568 1638 684 1706 noster,
709 1635 762 1707 qur·
781 1603 860 1691 inter
873 1635 1014 1692 metricos
1028 1634 1238 1693 ructuantem
1255 1635 1378 1708 primae

240 1741 416 1802 auditionis
430 1745 570 1816 obtinuit,
588 1743 726 1802 insistens
740 1743 901 1802 Heliodori
912 1743 1058 1815 vestiatis,
1083 1745 1136 1817 qui
1148 1745 1228 1803 inter
1244 1745 1378 1804 Graecos

240 1851 364 1911 huiusce
392 1856 469 1914 artis
496 1855 621 1913 antistes
647 1859 702 1914 aut
730 1853 810 1912 solus
838 1859 891 1910 aar
911 1855 1032 1927 primus
1052 1859 1096 1912 est
1117 1869 1143 1911 1.
1168 1870 1199 1931 q.
1223 1870 1266 1931 1.,
1295 1869 1376 1931 quae

239 1957 337 2022 verba
358 1979 425 2022 non
451 1957 667 2042 praetermisit
694 1957 733 2020 de
760 1958 917 2041 ἐπιπλοκῇ
944 1957 1121 2021 ionicorum
1142 1957 1245 2022 Elem.
1274 1957 1375 2022 doctr.

240 2071 331 2131 metr.
368 2091 399 2151 p.
432 2068 496 2132 469
530 2088 630 2152 agens
663 2066 878 2132 Hermannus.
930 2066 1060 2131 Vtimur
1092 2071 1199 2132 autem
1235 2068 1303 2150 his,
1341 2072 1378 2133 ut

241 2179 436 2261 propositam
464 2199 483 2241 a
510 2178 601 2242 nobis
631 2200 663 2260 p.
695 2177 757 2241 140
782 2177 822 2241 de
851 2181 956 2241 aetate
984 2175 1149 2241 Heliodori
1182 2179 1376 2243 sententiam

242 2291 353 2352 contra
389 2286 590 2370 Bemhardyi
618 2286 663 2370 (p.
693 2287 770 2370 832)
798 2286 1012 2350 dubitationes
1048 2286 1266 2352 defendamus.
1326 2289 1376 2354 Ne

154 2413 164 2422 '
240 2397 318 2460 illud
345 2397 472 2481 quidem
499 2397 577 2461 satis
600 2397 666 2460 veri
688 2397 806 2480 11111111,
835 2397 987 2461 metricae
1016 2397 1094 2460 artis
1117 2402 1173 2461 aut
1196 2399 1297 2462 solum
1320 2402 1376 2462 aut

240 2507 376 2591 primmn
398 2507 484 2571 inter
499 2507 638 2570 Graecos
665 2506 843 2570 antistitem
865 2506 984 2570 dictum
1005 2527 1072 2570 esse
1088 2505 1245 2570 Hadriani
1263 2529 1375 2592 aequa-

241 2618 312 2681 lem.
357 2616 493 2682 Accedit
514 2616 597 2700 quod
618 2617 704 2680 illius
719 2615 865 2700 vestign'is
884 2615 1040 2680 institisse
1062 2615 1157 2680 Iuba
1179 2617 1374 2700 perhibetur.

241 2727 512 2792 Commemoratur
533 2727 560 2790 is
582 2727 617 2789 in
638 2726 771 2790 metrico
793 2747 911 2809 genere
934 2725 1030 2790 etiam
1048 2747 1067 2788 a
1082 2725 1199 2790 Rufino
1221 2727 1259 2791 de
1281 2732 1374 2792 metr.

242 2858 321 2901 com.
339 2859 369 2919 p.
386 2837 469 2901 2713
484 2834 614 2900 Putsch.
639 2835 850 2919 (3881111111.)
873 2836 918 2898 eis
939 2835 1044 2900 verbis
1066 2858 1147 2920 quae
1167 2837 1376 2903 tractavimus

240 2946 331 3029 Disp.
355 2946 394 3009 de
408 2950 471 3010 vet.
488 2945 595 3009 Plauti
616 2946 750 3028 interpr.
773 2967 804 3028 p.
820 2945 842 3008 4
858 2942 1000 3030 [Parerg.
1017 2945 1034 3009 I
1048 2967 1080 3028 p.
1096 2946 1187 3034 35811
1210 2951 1376 3030 praeterea

241 3079 260 3119 a
282 3056 447 3120 Prisciano
468 3055 507 3118 de
529 3058 621 3119 metr.
645 3054 774 3118 Terent.
799 3077 830 3137 p.
846 3055 910 3118 406
932 3055 1047 3119 11407
1070 3055 1179 3121 Krehl.
1207 3054 1289 3143 [420.
1313 3058 1373 3123 421

241 3165 353 3253 Keil.]:
381 3165 436 3229 ubi
462 3168 572 3228 tamen
594 3163 723 3248 egregie
750 3163 907 3228 falluntur
934 3164 988 3247 qui
1016 3165 1082 3227 eius
1110 3187 1127 3229 e
1154 3166 1235 3231 libro
1263 3172 1411 3233 octavox

240 3276 457 3360 fragmentum
480 3275 586 3338 afferri
607 3276 775 3357 putarunt3
798 3295 874 3338 nam
896 3280 926 3339 r'a
947 3285 1052 3339 octavo
1067 3297 1132 3339 non
1154 3279 1202 3340 est
1223 3285 1254 3343 r‘n
1270 3290 1377 3344 octauo

240 3391 331 3462 libro,
361 3385 469 3449 sedin
493 3395 598 3448 octauo
622 3389 700 3464 pede
720 3384 929 3448 iambicorum
951 3405 1112 3468 versuum,
1141 3385 1175 3449 in
1203 3405 1264 3468 quo
1292 3384 1376 3447 idem

241 3517 306 3558 non
321 3516 510 3577 numquam,
527 3493 609 3578 quod
624 3493 659 3556 in
674 3494 828 3575 secundo,
852 3497 964 3576 quarto
980 3497 1012 3557 et
1032 3498 1137 3577 sexto,
1161 3494 1228 3558 fieri
1245 3493 1376 3574 dicitur3

240 3605 385 3688 proxima
417 3607 523 3667 autern
555 3603 654 3686 ipsius
687 3608 763 3667 sunt
794 3602 951 3666 Prisciani
983 3604 1091 3667 verba.
1147 3604 1241 3668 Illum
1277 3603 1377 3686 ign'tur

240 3713 367 3796 Iubam,
402 3713 455 3797 qui
489 3713 573 3775 inter
599 3713 748 3776 metricos
777 3713 1000 3777 auctoritatem
1033 3713 1155 3797 primae
1189 3711 1376 3776 eruditionis

241 3824 395 3906 obtinuit,
425 3821 649 3906 putabimusne
672 3823 840 3886 obscurum
862 3821 1000 3906 aliquem
1022 3823 1237 3908 magistellum
1265 3821 1374 3902 fuisse,

242 3935 328 3998 cuius
357 3953 513 4016 nusquam
546 3935 711 4015 praeterea
737 3932 802 3996 ulla
829 3932 949 3996 mentio
980 3932 1061 3996 fiat?
1108 3933 1162 3997 An
1190 3930 1376 3995 cruditionis

241 4043 333 4107 laude
355 4043 522 4106 florentem
543 4043 629 4104 inter
648 4045 770 4106 veteres
793 4042 963 4124 scriptores
978 4043 1090 4106 labam
1111 4042 1210 4105 ullum
1230 4041 1376 4105 novimus

241 4156 368 4236 praeter
390 4153 671 4230 πολυμαθέετατον
692 4151 782 4214 illum
805 4151 855 4234 (ut
877 4151 1036 4216 Athenaei
1058 4151 1107 4216 ΙΠ
1129 4173 1161 4234 p.
1179 4151 1259 4216 83B
1280 4150 1376 4214 verbo

240 4264 327 4345 utar)
348 4261 518 4326 Numidiae
540 4261 625 4345 regis
647 4260 747 4324 filium
770 4283 789 4323 a
812 4261 847 4325 d.
872 4261 1007 4326 Ceresare
1030 4261 1182 4344 captum?
1217 4260 1266 4324 De
1289 4261 1376 4325 cuius
1442 4291 1446 4296 ·

242 4371 368 4454 scriptis
394 4375 467 4456 post
494 4369 643 4436 Vossium
670 4369 709 4434 de
739 4369 813 4436 hist.
843 4370 897 4435 Gr.
928 4371 975 4453 ΙΙ,
1002 4371 1024 4434 4
1050 4392 1082 4454 p.
1105 4371 1170 4436 220
1192 4361 1300 4436 West.
1324 4393 1376 4435 ex-
