3184 5100
230 367 291 434 762
510 385 543 432 a.
567 385 822 433 arsurumne
845 387 877 431 n.
901 386 932 432 r.
956 385 1078 434 uaauu

228 537 302 602 dum
325 537 485 602 Naekium
506 537 812 604 suumGodofredus
827 537 1032 603 Hermanuue
1055 539 1094 602 de
1116 528 1202 604 illius
1224 539 1370 606 ‘Schedis

228 637 362 712 ciiticis’
384 648 520 732 scriptas
543 647 646 732 dedit,
676 649 736 712 elsi
759 648 914 733 quaedam
935 670 975 713 ex
996 649 1047 712 his
1068 649 1133 713 iam
1155 672 1176 714 a
1197 649 1370 716 Welckero

228 761 379 842 excerpta
411 757 596 822 videbamus
625 759 661 822 in
699 758 867 842 Opuscudis
898 757 1075 823 Naekiunis
1111 759 1246 824 Bonnae
1281 783 1300 824 a
1332 783 1370 825 se

227 867 320 932 editis
348 889 433 932 anno
458 868 555 952 1842,
585 871 694 932 tamen
716 889 782 932 non
803 869 872 933 fora
900 868 1108 934 iniucundum
1134 870 1236 934 visum
1263 874 1312 936 eet
1338 871 1369 936 si

226 978 307 1042 tales
329 978 439 1062 quales
462 977 642 1062 scripsisset
663 977 869 1043 Hermennus
891 980 1075 1066 legerentur
1102 980 1259 1066 integrae.
1304 979 1368 1046 Eo

226 1109 286 1172 que
309 1088 426 1152 rectius
446 1087 633 1153 Naelrianae
655 1088 856 1174 potissimum
878 1088 1006 1154 virtutis
1020 1089 1207 1172 memoriam
1228 1089 1369 1155 redinte-

226 1198 314 1282 grari
335 1195 396 1262 hoc
418 1197 487 1282 ipso
508 1197 662 1283 temporis
676 1202 838 1264 momento
854 1199 1120 1288 existimavimus,
1144 1223 1205 1285 quo
1221 1199 1368 1266 illacen-

225 1307 364 1386 iunctior
387 1311 435 1372 est
457 1329 529 1374 cum
552 1309 619 1373 eius
641 1307 756 1372 viriet
777 1308 961 1394 gratissima
989 1312 1022 1374 et
1043 1309 1368 1376 honorificentissima

227 1417 441 1503 cogitatione,
470 1419 524 1503 qui
548 1437 698 1502 comper
724 1421 875 1502 quattuor
902 1418 1002 1484 ferme
1030 1421 1201 1484 lustrorum
1228 1419 1369 1504 spatium

226 1530 259 1592 at
294 1527 434 1593 muneris
466 1528 633 1614 conlegam
666 1528 921 1593 strenuissimum
960 1532 993 1594 et
1030 1529 1368 1614 intellegentissimum

227 1638 430 1702 consiliorum
452 1636 573 1703 socium
594 1638 699 1722 ipsum
720 1637 879 1702 Naekium
901 1637 1066 1722 habuerit,
1092 1640 1235 1704 nuncin
1258 1661 1295 1704 eo
1317 1643 1369 1704 est

128 1833 133 1840 Ι
226 1749 261 1812 ut
283 1769 405 1812 summa
429 1769 500 1812 cum
528 1747 631 1833 gloria
658 1751 841 1813 transactae
869 1749 955 1812 vitae
982 1749 1150 1813 sodomia
1178 1749 1366 1814 semisaecu-

226 1857 307 1922 laria
328 1858 478 1942 gaudeat,
502 1857 684 1922 Faruasrcu
706 1857 905 1924 Taurorum
926 1858 1123 1924 Wuucuaar
1145 1859 1264 1944 nostri,
1293 1881 1367 1925 oon-

226 1968 317 2052 legae
340 1968 495 2032 carissimi
523 1968 708 2052 clarissimi,
741 1968 916 2034 iuventutis
943 1968 1159 2054 praeceptoris
1186 1969 1367 2034 suavissimi

226 2076 474 2161 religiosissimi,
502 2077 562 2142 viri
590 2077 788 2163 integerrimi
818 2079 1081 2143 constantissimi.
1125 2078 1221 2143 Tales
1253 2079 1366 2162 igitur,

226 2187 334 2269 quales
356 2186 443 2251 infra
465 2186 664 2271 scripsimus,
688 2186 868 2252 Hermanni
890 2188 1014 2252 litteras
1035 2187 1162 2252 habete.

329 2827 331 2832 ·
405 2789 451 2866 G.
480 2790 793 2865 Hermanuus
820 2789 1011 2865 Naekio
1036 2816 1123 2864 suo
1152 2787 1189 2864 S.

311 2998 454 3063 Tandem
488 3000 566 3064 mihi
599 3002 699 3065 otium
733 2999 871 3084 contigit
903 2999 943 3063 ad
976 2999 1232 3063 dissertationem
1263 3003 1365 3083 tuam,

226 3130 341 3172 mimus
363 3108 442 3172 mihi
464 3111 698 3194 gratissimum,
723 3109 901 3174 accuratius
925 3108 1191 3194 cognoscendam.
1229 3109 1289 3172 Est
1311 3131 1366 3173 au-

227 3221 292 3281 tem
314 3240 392 3282 sane
414 3219 479 3282 otio
501 3241 591 3303 opus,
614 3221 667 3304 qui
690 3220 829 3285 iudicare
852 3219 891 3283 de
912 3219 974 3302 his,
998 3239 1078 3302 quac
1094 3217 1261 3323 scripsisti,
1285 3217 1365 3302 vult,

227 3351 293 3392 uon
326 3329 443 3412 solum,
479 3329 561 3414 quod
590 3329 628 3394 da
655 3329 801 3414 plurimis
828 3327 1111 3413 diversissimisque
1144 3328 1237 3392 rebus
1268 3327 1365 3392 disse-

227 3437 335 3521 ruisti,
365 3438 420 3502 sed
443 3439 540 3504 etiam
563 3439 706 3524 quod'de
728 3439 887 3523 industria
913 3437 1052 3503 breviter
1072 3438 1264 3522 obscureque
1288 3437 1366 3502 scri-

226 3743 336 3796 vaoaut.
355 3741 507 3798 Godolradi
520 3743 672 3799 Hermanni
681 3743 817 3812 epistolae
828 3741 986 3812 Lipsienses
999 3741 1037 3796 ad
1047 3743 1079 3796 A.
1093 3741 1123 3796 F.
1133 3740 1271 3797 Naelrium
1280 3740 1366 3796 datae

227 3835 429 3904 autographae.
458 3835 571 3907 Incipit:
590 3840 663 3901 Quod
673 3846 699 3890 tn
711 3842 833 3892 docendis
844 3839 941 3890 artibus
952 3839 1155 3890 iucundissimum
1163 3845 1209 3888 est.
1230 3833 1366 3903 Explicit:

229 3931 278 3980 Μῐι
297 3935 363 3982 alter
381 3932 460 3984 Liebe
477 3939 542 3983 stetu
559 3935 608 3983 der
625 3933 714 3997 Ilripe
733 3933 761 3983 G.
784 3933 922 3982 Hermann.
953 3933 1062 3996 Leipzip
1079 3932 1129 3982 den
1147 3935 1169 3980 7.
1190 3930 1268 3994 April
1286 3933 1366 3982 1838.

227 4020 332 4074 Harum
350 4027 383 4076 36
400 4021 581 4091 epistolarum
600 4037 655 4076 una
672 4021 698 4074 d.
717 4021 743 4075 d.
764 4020 885 4090 ‘Lipsiae
903 4019 929 4075 d.
948 4018 1037 4074 XXVI
1054 4019 1124 4074 Nov.
1143 4015 1365 4073 OIOIOCCCXII’

227 4143 260 4152 -
277 4115 390 4182 praeter
406 4113 597 4168 testimouium
613 4113 720 4168 Naeuio
734 4113 835 4168 Halam
852 4113 966 4167 nussum
984 4111 1059 4180 quod
1075 4111 1105 4165 in
1121 4110 1200 4166 initio
1217 4109 1366 4168 voluminis

229 4203 402 4260 conlocatum
420 4206 464 4260 ost
482 4237 514 4244 —
531 4205 628 4276 lingua
645 4205 733 4260 latina
751 4205 906 4276 composita
923 4207 974 4272 est,
992 4203 1136 4260 continens
1153 4203 1202 4258 ills
1213 4201 1366 4258 Hermanni

227 4297 359 4352 iudicium
380 4299 414 4353 de
435 4297 536 4355 Naekii
564 4297 690 4354 ‘Schedia
717 4297 839 4353 criticis’.
884 4297 1011 4366 Scriptus
1033 4303 1098 4351 sunt
1120 4295 1255 4366 epistolae
1284 4295 1365 4350 aunis

230 4395 404 4459 1810-1838,
421 4391 607 4449 bibliothecae
625 4392 765 4448 Bonucusi
781 4393 854 4448 dono
872 4391 956 4448 datae
974 4407 992 4446 a
1008 4389 1156 4446 Welckero
1174 4405 1247 4446 anuo
1267 4391 1365 4460 isset]
