3184 5100
605 321 728 369 aauvls
753 321 970 370 nuscarrrro.
1303 306 1364 370 677

222 473 315 538 hodie
343 497 409 538 non
437 475 506 538 sine
534 496 654 559 magno
688 474 767 537 artis
802 475 994 538 detrimento
1022 497 1183 540 rarescere
1211 477 1363 560 videmus,

221 585 422 668 potissimam
453 585 516 648 nisi
551 584 694 648 fallimur
723 607 868 649 caussam
896 585 982 650 hane
1012 585 1125 670 habet,
1161 587 1259 671 quod,
1294 609 1365 651 eum

222 695 298 758 olim
327 694 438 778 scripti
472 695 595 760 codices
629 695 771 759 omnium
803 675 960 759 manibus
984 696 1280 780 frequentarentur,
1314 698 1365 762 his

221 827 308 869 nune
330 805 396 869 sive
420 805 566 890 sepositis
595 806 661 869 sive
690 806 820 870 remotis
847 805 1074 890 impressorum
1101 806 1254 871 librorum
1281 810 1364 872 trac-

221 916 302 979 tatio
325 916 477 980 successit
500 918 594 1000 atque
617 916 663 979 ita
686 916 833 1000 invaluit,
857 919 974 980 utnon
988 915 1168 981 mehercule
1190 939 1364 1001 paucorum

221 1025 320 1090 oculis
343 1026 466 1090 librarii
489 1026 669 1110 exemplum
691 1027 790 1091 ullum
812 1049 986 1110 numquam
1009 1026 1208 1111 apparuerit:
1243 1049 1304 1110 quo
1326 1029 1363 1091 fit

221 1141 256 1200 ut
291 1139 323 1200 et
355 1136 542 1200 crudissimo
575 1158 717 1221 quaeque
750 1136 912 1221 patienter
949 1136 1148 1221 quorundam
1181 1138 1362 1202 stomachus

222 1250 399 1330 concoquat
426 1250 458 1311 et
480 1246 519 1310 de
541 1250 609 1310 toto
637 1268 755 1332 genere
784 1265 854 1310 cum
879 1247 1079 1331 iniquissima
1102 1251 1170 1311 tum
1192 1249 1362 1331 perversis-

180 1380 183 1388 ’
220 1357 301 1421 sima
322 1357 440 1421 iudicia
462 1359 553 1422 fiant.
599 1356 740 1421 Tantum
762 1360 811 1420 est
833 1358 935 1442 enim,
966 1357 1100 1441 credite,
1130 1357 1211 1442 quod
1234 1381 1301 1422 uon
1324 1359 1364 1422 ad

221 1467 349 1553 singula
370 1471 499 1532 tantum
521 1471 607 1531 recte
632 1467 807 1551 censenda,
837 1468 892 1532 sed
920 1468 961 1532 ad
988 1469 1155 1533 universae
1183 1469 1278 1534 fidem
1300 1491 1364 1534 me-

220 1579 339 1642 moriae
362 1579 490 1662 eiusque
512 1579 654 1642 rationes
677 1583 709 1642 et
731 1578 967 1642 vicissitudines
991 1581 1156 1662 tamquam
1178 1601 1241 1664 per¹
1257 1602 1363 1645 saecu-

222 1689 363 1752 culorum
392 1689 564 1774 caliginem
599 1689 795 1754 contuendas
825 1691 857 1752 et
889 1689 977 1753 velut
1003 1689 1039 1753 in
1060 1692 1179 1772 [certae
1212 1690 1363 1775 imaginis

220 1799 359 1883 speeiem
382 1798 578 1884 colligendas
602 1822 618 1863 e
640 1799 951 1883 manuscriptorum
975 1799 1203 1883 exemplarium
1224 1800 1362 1865 lectione
1381 1808 1397 1854 V

220 1910 395 1993 proficitur,
420 1913 466 1992 ut,
495 1909 558 1972 nisi
581 1909 635 1992 qui
658 1931 714 1972 suo
737 1893 889 1993 exemplo*
905 1914 1053 1993 expertus
1076 1910 1129 1992 sit,
1152 1911 1215 1973 vim
1239 1914 1272 1974 et
1294 1911 1361 1974 effi-

221 2020 342 2084 caciam
357 2020 451 2084 huius
475 2018 636 2103 praesidii,
662 2018 750 2082 cuius
772 2041 974 2104 nequaquam
992 2020 1112 2084 vicaria
1135 2041 1203 2084 esse
1225 2020 1291 2083 ulla
1313 2021 1362 2084 vel

222 2138 430 2195 commentatio
453 2132 725 2209 palaeoprapdr'cu'
752 2129 803 2193 vel
830 2130 936 2194 aliena
968 2151 1066 2214 opera
1098 2133 1212 2214 parata
1245 2130 1362 2195 codicis

221 2241 349 2304 collatio
373 2242 487 2323 potest,
512 2261 608 2323 aegre
632 2239 828 2322 cogitatione
852 2241 1093 2324 complectatur.

305 2350 397 2413 Trita
430 2352 463 2412 et
495 2350 668 2413 decantata
699 2371 831 2424 narrare
861 2351 906 2414 eis
941 2349 1132 2431 videbimur,
1167 2351 1221 2434 qui
1248 2351 1361 2415 harum
1455 2347 1472 2363 '

219 2483 324 2524 rerum
346 2481 438 2523 usum
459 2458 596 2524 habent:
632 2481 699 2523 non
725 2460 853 2524 inutilia
880 2464 916 2523 ut
945 2482 1109 2543 speramus
1142 2459 1248 2543 vobis,
1284 2483 1361 2544 quos

219 2573 329 2633 nostra
357 2569 491 2633 interest
519 2591 611 2632 usum
639 2569 729 2633 illum
758 2573 791 2634 et
818 2570 1007 2634 facultatem
1036 2570 1196 2654 consequi.
1241 2570 1361 2645 Qrdbus

220 2681 371 2764 quoniam
393 2701 459 2743 non
482 2701 648 2763 possumus
663 2681 750 2764 ipsos
766 2681 901 2765 scriptos
917 2681 1015 2744 libros
1031 2681 1066 2745 in
1081 2702 1195 2744 manus
1218 2679 1360 2745 tradere:

219 2790 346 2876 quando
367 2790 402 2854 in
431 2790 492 2854 hoe
518 2811 637 2874 genere
666 2789 837 2854 dolendum
864 2794 913 2854 est
942 2791 1038 2855 nimis
1066 2791 1164 2875 longo
1191 2790 1361 2854 intervallo

219 2905 348 2966 nostrae
370 2900 561 2963 tenuitatem
583 2899 795 2964 bibliothecae
817 2901 858 2965 ab
879 2901 1014 2965 aliarum
1038 2901 1214 2964 communis
1236 2902 1361 2984 patriae

218 3010 474 3075 universitatium
502 3009 659 3073 thesauris
687 3011 843 3095 relinqui:
880 3012 964 3082 hauc
993 3015 1029 3075 ut
1060 3012 1166 3096 aliqua
1199 3033 1238 3074 ex
1268 3014 1360 3095 parte

218 3123 374 3187 iacturam
405 3141 664 3204 compensemus,
697 3142 737 3185 en
765 3121 854 3186 vobis
882 3125 1048 3206 tamquam
1075 3122 1215 3205 aliquam
1247 3121 1360 3185 silvam

218 3233 404 3296 mendorum
432 3231 483 3294 vel
506 3231 533 3292 si
555 3230 605 3293 fas
629 3233 677 3294 est
704 3231 809 3295 dicere
836 3231 1072 3315 sterquilinium
1094 3231 1268 3315 quoddam,
1299 3253 1360 3315 quo

217 3347 324 3406 vestra
353 3363 449 3425 opera
477 3339 703 3425 perpurgando
732 3344 764 3404 et
791 3341 939 3405 idoneam
968 3363 1038 3405 cum
1060 3341 1263 3405 librariorum
1284 3341 1360 3405 levi-

218 3456 285 3516 tate
315 3451 571 3515 familiaritatem
599 3450 796 3515 eontrahatis
827 3455 859 3515 et
888 3451 1037 3516 vitiorum
1067 3451 1230 3516 commode
1264 3451 1359 3514 corri-

218 3562 394 3646 gendorum
416 3565 599 3646 promptam
619 3561 708 3625 vobis
732 3561 993 3626 consuetudinem
1015 3562 1161 3646 pariatis,
1192 3561 1250 3627 oui
1272 3583 1358 3625 exer-

219 3672 365 3736 citationi
392 3694 457 3736 non
485 3695 549 3735 una
578 3672 617 3735 de
646 3693 758 3735 caussa
786 3671 942 3754 imprimis
970 3677 1080 3757 aptam
1107 3673 1276 3737 materiam
1307 3672 1358 3735 hic

217 3782 304 3845 velut
333 3787 426 3846 cento
454 3803 634 3865 pannorum
668 3781 951 3866 grammaticorum
983 3783 1132 3866 praebet:
1170 3783 1358 3866 praesertim

219 3915 289 3956 erun
313 3895 373 3956 huc
396 3914 518 3976 quoque
541 3890 677 3975 quadret
698 3891 782 3974 quod
804 3891 916 3955 iubent
940 3893 1134 3958 medicorum
1156 3893 1214 3955 filii
1238 3892 1358 3975 experi-

217 4007 360 4067 mentum
382 4004 450 4067 fieri
474 4003 507 4066 in
532 4021 662 4084 corpore
684 4000 749 4063 vili.

686 4267 887 4276 -—-.————..
