3270 5094
291 351 353 415 376
643 365 690 412 nn
714 363 885 413 Ausonum
908 361 1077 412 νοτιοιονο

376 519 483 603 Atque
505 518 558 582 hic
579 519 676 583 finem
698 518 934 601 imponeremus
957 515 1168 599 disputationi
1189 517 1329 597 nostrae,
1365 513 1429 579 nisi

292 629 388 693 nimis
411 628 545 693 confinis
568 627 632 692 alia
654 629 742 692 labes
766 631 864 710 esset,
888 649 983 712 quam
1004 647 1070 690 non
1093 625 1348 689 animadversam
1372 624 1429 688 eri-

292 739 365 804 ticis
387 760 454 803 non
475 738 657 803 dubitamus
679 739 756 822 quin
778 741 892 821 poetae
914 737 1011 801 verba
1033 736 1202 800 traxerint.
1239 733 1322 810 Quid
1344 733 1430 798 enim

293 871 361 913 esse
383 849 525 914 dicamus
547 848 631 934 quod
653 848 716 912 illis
739 869 816 933 quos
838 845 1045 912 tractavimus
1065 845 1207 910 versibus
1229 845 1263 908 hi
1286 845 1430 910 continu-

293 963 404 1025 autur:

495 1104 619 1168 τοιοῦτ’
642 1104 781 1181 ἐπεύχου
802 1105 843 1180 μὴ
866 1102 1067 1182 φιλοςτόνως
1090 1104 1186 1178 θεοῖς,

494 1215 570 1291 μηδ’
593 1213 628 1277 ἑν
651 1213 793 1291 ματαίοις
816 1212 956 1291 κάγρίοις
978 1212 1202 1300 ποιφύγμαςιν.

292 1399 358 1464 Vbi
373 1400 440 1464 sive
456 1404 612 1483 ‘precare’
630 1398 696 1462 sive
712 1404 814 1461 ‘vove'
830 1396 963 1461 verteris
985 1397 1135 1476 ἐπεύχου,
1158 1396 1252 1460 nihili
1275 1395 1336 1460 erit
1351 1416 1432 1479 quae

245 1521 273 1570 xl
293 1509 399 1594 prodit
420 1509 592 1573 sententia.
637 1507 778 1572 Voverat
805 1507 932 1592 quidem
954 1506 1102 1571 Eteocles
1109 1557 1117 1590 ,
1138 1507 1207 1570 'sed
1235 1529 1273 1570 ea
1301 1508 1432 1571 voverat

294 1640 374 1704 quae
396 1619 464 1702 ipse
486 1640 545 1703 pro
566 1640 600 1682 se
622 1619 706 1682 solus
727 1618 937 1701 praestiturus
960 1620 1043 1681 erat:
1066 1638 1133 1680 non
1154 1617 1269 1700 potuit,
1293 1616 1321 1680 si
1343 1638 1432 1700 sape-

294 1733 353 1812 ret,
377 1728 428 1793 vel
451 1729 561 1793 eadem
583 1731 634 1792 vel
656 1727 736 1791 talia
758 1748 873 1791 vovere
896 1726 992 1790 etiam
1008 1727 1150 1812 virgines
1173 1727 1291 1810 iubere,
1317 1749 1335 1790 a
1357 1749 1433 1811 qua-

293 1861 364 1902 rum
396 1838 540 1922 personis
573 1838 629 1901 illa
664 1840 757 1901 erant
790 1837 995 1901 alienissima.
1040 1836 1085 1900 Et
1116 1837 1194 1900 satis
1216 1837 1251 1899 in
1273 1835 1433 1920 principio

294 1948 465 2030 orationis,
495 1969 576 2030 quae
603 1951 807 2030 utrorumque
830 1947 937 2022 officia
960 1950 1082 2030 essent,
1110 1946 1161 2010 his
1189 1947 1294 2011 verbis
1324 1945 1433 2010 discri-

294 2057 488 2122 minaverat:
520 2057 618 2136 εὔχου
638 2059 677 2122 τὰ
700 2059 828 2136 κρείςςω
858 2057 903 2141 (h.
928 2078 955 2120 e.
980 2057 1107 2120 sunior'e
1134 2056 1259 2120 ratione
1287 2060 1432 2143 precare)

295 2169 474 2248 ξυμμάχους
496 2166 577 2232 εἶναι
600 2167 711 2233 θεούς·
734 2167 843 2246 κάμῶν
866 2166 1018 2232 ἀκούςας’
1041 2168 1208 2247 εὐγμάτων
1231 2166 1277 2250 (ίι.
1294 2188 1321 2231 e.
1345 2170 1433 2231 voto-

295 2279 379 2363 rum)
402 2279 511 2347 ἔπειτα
526 2280 562 2342 ςύ
578 2277 761 2356 ὀλολυγμὸν
776 2277 847 2356 ἱρὸν
871 2278 986 2356 εὐμενῆ
1003 2278 1171 2343 παιάνιςον
1185 2277 1218 2341 Ιι.
1236 2299 1263 2341 e.
1280 2277 1433 2342 sollemne

295 2409 397 2472 genus
420 2388 501 2452 bene
524 2388 718 2472 compositae
741 2387 936 2471 precationis
963 2385 1078 2468 funde,
1108 2387 1290 2471 oppositum
1311 2387 1344 2450 id
1367 2389 1433 2472 qui-

295 2498 368 2562 dem
389 2497 552 2562 subitariis
576 2520 613 2562 ac
627 2497 842 2562 tumultuariis
858 2497 971 2582 quibus
988 2501 1083 2560 antea
1099 2497 1300 2561 indulserant
1314 2499 1433 2562 lamen·

295 2609 349 2690 tis,
372 2608 423 2671 vel
445 2607 527 2692 quod
551 2607 660 2672 eodem
683 2607 766 2670 redit
795 2607 999 2688 φιλοςτόνοις
1027 2608 1168 2685 ματαίοις
1195 2606 1335 2688 κάγρίοις
1363 2628 1434 2673 ποι·

295 2721 463 2801 φύγμαςιν.
507 2717 595 2802 Ergo
619 2725 774 2800 ‘precare’
799 2720 848 2780 est
869 2717 1019 2798 ἐπεύχου.
1062 2716 1183 2781 Verum
1205 2717 1348 2782 additum
1370 2740 1434 2784 τοι-

296 2833 377 2893 αὓτα
400 2828 454 2912 qui
475 2826 595 2911 poterit
615 2849 680 2890 non
704 2827 743 2890 ad
766 2826 911 2910 proximu
932 2848 1013 2910 quae
1035 2827 1240 2909 praecedunt,
1265 2828 1434 2912 inquibus

295 2939 406 3000 tamen
427 2937 515 3001 nulla
537 2937 691 3020 precandi
712 2936 833 3001 mentio
855 2936 954 3018 facta,
978 2936 1034 3000 sad
1057 2936 1096 3000 ud
1119 2936 1174 3000 illu
1192 2937 1304 3001 referri
1327 2960 1345 3000 a
1368 2939 1435 3022 qui-

286 3046 355 3108 'bus
378 3044 477 3128 ipsius
499 3046 566 3110 voti
579 3047 723 3111 Eteoclei
746 3046 915 3110 intervallo
938 3048 1120 3129 separatum
1145 3046 1216 3110 est?
1246 3047 1313 3111 Aut
1335 3047 1435 3132 igitur

297 3155 405 3219 omnia
436 3154 556 3220 fallunt
588 3160 643 3220 aut
675 3179 741 3220 non
773 3158 936 3240 integram
976 3157 1099 3220 codices
1138 3157 1224 3240 regis
1257 3157 1435 3222 orationem

275 3269 475 3329 servarunt.
520 3265 587 3330 Nec
621 3267 774 3352 ignorant
782 3317 790 3348 ,
824 3265 877 3350 qui
911 3266 1049 3349 aliquem
1075 3287 1167 3330 usum
1194 3266 1316 3330 habeut
1342 3268 1435 3332 huius

298 3376 387 3458 artis,
411 3397 638 3460 quamsaepe,
669 3377 723 3440 ubi
746 3376 844 3440 semel
865 3376 994 3460 gravius
1016 3377 1139 3439 turbari
1162 3380 1308 3460 coeptum
1331 3380 1380 3441 est
1400 3378 1435 3441 iu

297 3489 439 3550 veterum
461 3486 567 3568 libris,
595 3485 771 3550 mirimodis
793 3486 893 3550 mixta
916 3507 954 3549 ea
981 3485 1051 3570 ipsa
1078 3487 1139 3550 dno
1166 3508 1286 3570 genera
1309 3509 1435 3570 corrup-

297 3595 381 3658 telae
402 3595 591 3678 habeantur,
615 3617 747 3680 quorum
770 3597 905 3660 alterum
928 3596 1063 3678 lacunis,
1086 3596 1335 3680 interpolatione
1358 3597 1435 3660 altc-

297 3727 368 3768 rum
391 3706 582 3769 continetur.
614 3705 712 3770 Velut
726 3705 790 3770 hau
811 3705 906 3770 dubie
927 3705 1012 3769 illius
1028 3727 1136 3768 versus
1159 3706 1365 3790 interpolatio
1381 3707 1435 3790 qui

299 3818 348 3878 est
375 3815 410 3878 in
431 3815 493 3878 huc
519 3814 628 3878 fabula
657 3816 731 3879 176:
765 3817 898 3881 τοιαῦτά
923 3816 981 3881 τᾶν
1006 3817 1127 3892 γυναιξί
1150 3817 1309 3882 ςυνναίων
1339 3817 1435 3896 ἔχοις,

298 3925 417 3988 sociam
439 3923 552 3988 habuit
575 3924 656 3988 alius
679 3926 797 3989 senarii
819 3925 991 4007 iacturam,
1015 3947 1109 4008 quem
1130 3947 1197 3990 non
1218 3926 1435 4010 improbabili-

297 4038 348 4098 ter
369 4055 461 4118 posse
482 4034 581 4098 talem
602 4034 700 4098 fuisse
722 4035 906 4099 Dindorfius
937 4035 1087 4100 coniecit:
1132 4039 1242 4117 τοιγὰρ
1264 4042 1435 4118 προφωνῶ

299 4148 392 4210 πᾶςιν
414 4145 539 4224 ἡςύχυις
561 4146 655 4224 ἔχειν.
700 4144 787 4226 Hinc
810 4145 909 4230 igitur
925 4147 1156 4210 consectarium
1176 4129 1246 4210 ¹esse
1267 4146 1329 4212 hoe
1350 4146 1437 4210 volu-

299 4275 379 4336 mus,
402 4257 438 4318 ut
460 4277 479 4316 a
500 4255 567 4319 voti
590 4256 790 4338 susceptione
813 4251 870 4319 sua
892 4253 932 4318 ad
956 4252 1043 4318 chori
1067 4255 1319 4321 cohortationem
1341 4255 1436 4321 Eteo-

300 4363 363 4428 cles
390 4363 447 4426 tuli
475 4364 542 4427 fere
570 4365 663 4430 modo
691 4365 871 4430 transierit:
908 4367 1034 4430 τοιαῦτ’
1056 4367 1120 4442 ἐγὼ
1143 4368 1201 4447 μὲν
1224 4367 1370 4448 εὔχομαι,
1399 4368 1435 4432 ol
