3272 5088
184 316 194 325 '
256 311 320 377 434
689 325 736 374 1111
759 325 960 376 1111110111

258 481 392 545 eundem
419 481 508 544 illum
536 479 725 564 olympiadis
755 478 842 544 XCV
870 501 990 541 annum
1018 479 1170 562 primum,
1206 481 1291 542 certe
1319 483 1395 546 ante

257 589 505 674 Thargelionem
531 611 689 672 mensem,
718 588 806 651 facta
834 588 877 651 sit
904 591 1045 670 oportet:
1084 588 1124 651 11.
1155 588 1281 653 Corsini
1308 589 1396 656 Fast.

258 699 328 762 Att.
356 699 404 762 III
433 722 465 782 p.
488 701 530 763 46
559 721 626 783 sqq.
657 699 720 762 320
748 699 827 780 sq.):
871 697 1075 780 consequitur
1109 698 1194 760 vita
1229 699 1398 764 cessisse

258 808 506 892 Agathonem
528 830 594 872 nou
617 808 717 870 multo
740 809 816 868 ante
832 805 983 868 Archelai
1001 809 1146 886 mortem,
1170 806 1398 891 olympiade

258 917 379 982 XCIV
407 919 490 981 fere
519 921 703 998 exeunte,
742 936 867 978 anuos
896 919 1030 978 uatum
1059 915 1221 979 circiter
1248 923 1398 1001 septem

258 1031 294 1090 et
321 1027 602 1110 quadraginta.
652 1025 704 1089 Ad
732 1025 817 1087 hanc
845 1024 931 1087 enirn
958 1023 1033 1088 inde
1059 1024 1101 1088 ab
1128 1025 1318 1108 olympiadis
1346 1029 1396 1091 vel

254 1136 344 1201 XCII
366 1137 430 1199 fine
450 1137 501 1199 vel
516 1135 622 1200 XCIII
644 1135 738 1198 initio
762 1133 923 1198 commode
946 1134 987 1196 ab
1002 1134 1196 1216 Apollodoro
1217 1135 1267 1198 vel
1289 1137 1396 1219 potius

255 1245 390 1309 Platone
418 1245 567 1308 dicuntur
594 1244 686 1308 multi
714 1243 933 1307 intercessisse
969 1244 1063 1327 anni,
1094 1266 1132 1306 111
1161 1266 1222 1327 quo
1250 1245 1397 1310 Athenas

256 1355 387 1440 Agatho
409 1354 583 1438 reliquerit.
614 1353 733 1428 Quodsi
754 1353 876 1436 pariter
898 1353 986 1416 brevi
1009 1357 1084 1416 ante
1101 1352 1240 1418 Socratis
1262 1359 1397 1419 mortem

256 1464 377 1547 spatio,
408 1465 493 1528 circa
515 1461 612 1527 finem
634 1463 823 1547 olympiadis
846 1462 965 1544 XCIV,
994 1462 1115 1526 factam
1142 1485 1210 1527 esse
1233 1486 1399 1530 censemus

151 1629 156 1638 ,
256 1575 395 1657 priorem
428 1573 615 1657 Apollodori
647 1572 882 1654 narrationem,
919 1593 980 1635 nec
1012 1577 1122 1635 tamen
1156 1576 1230 1655 post
1263 1579 1396 1638 mortem

257 1683 451 1767 AgathoniS,
466 1683 644 1747 rectissime
660 1686 692 1746 et
708 1683 829 1747 Glauco
846 1682 950 1764 potuit
964 1681 1048 1764 apud
1063 1681 1232 1746 Platonem
1248 1706 1280 1766 p.
1296 1685 1394 1749 11311

256 1793 335 1855 satis
357 1793 493 1856 multum
519 1792 773 1876 praeterlapsum
800 1813 868 1855 esse
888 1791 1041 1872 temporis
1068 1792 1259 1874 respondere
1281 1793 1396 1876 (πάνυ,

258 1903 331 1982 ἔφη,
355 1902 418 1980 ἄρα
439 1904 548 1982 πάλαι,
571 1903 615 1966 ὡ(
638 1903 755 1984 ἔοικεν)
777 1900 851 1964 inde
875 1923 893 1964 a
916 1901 1018 1983 primo
1041 1900 1224 1984 Agathonis
1247 1903 1394 1966 scaenico

258 2011 449 2093 certamine,
478 2011 561 2094 quod
587 2011 650 2074 fuit
677 2011 794 2094 olymp.
824 2009 896 2092 XC,
919 2012 955 2093 4,
986 2013 1018 2073 et
1045 2010 1258 2093 Apollodorus
1287 2011 1397 2075 eodem

257 2121 318 2183 hoc
340 2123 482 2203 tempore
505 2141 637 2204 puerum
656 2143 689 2184 se
709 2120 807 2182 fuisse
823 2119 927 2182 dicere
942 2120 1070 2203 ibidem,
1094 2120 1212 2203 quippe
1235 2121 1288 2204 qui
1310 2121 1397 2184 intra

258 2229 395 2293 sedecim
423 2252 579 2293 annorum
607 2231 746 2313 spatium
772 2229 916 2312 profecto
944 2229 1084 2312 potuerit
1105 2251 1125 2292 a
1147 2229 1261 2312 puerili
1291 2233 1397 2294 aetate

258 2339 298 2402 ad
321 2339 571 2404 adulescentiam
594 2339 735 2422 provehi.

265 2517 268 2522 ,
341 2449 456 2512 Restat
490 2453 526 2512 ut
555 2449 752 2512 Aristidis
783 2448 923 2512 convitia
955 2450 990 2511 iu
1017 2448 1176 2531 Symposii
1209 2450 1396 2532 scriptorem

257 2559 341 2622 iacta
374 2562 505 2642 propter
533 2559 739 2642 Agathonem
771 2580 835 2622 uno
868 2559 964 2621 verbo
998 2580 1288 2622 commemoremus.
1337 2558 1396 2622 Ille

257 2669 342 2732 enim
364 2669 426 2731 rol.
450 2667 499 2730 III
520 2691 553 2751 p.
576 2669 640 2733 475
662 2668 711 2731 ed.
735 2667 828 2733 Cant.
853 2667 899 2751 (II
920 2691 952 2751 p.
969 2668 1032 2732 286
1047 2691 1094 2752 sq.
1110 2669 1215 2754 Iebb.)
1239 2690 1310 2732 eum
1332 2668 1396 2731 alia

255 2779 357 2841 multa
380 2778 552 2860 exprobrat
573 2776 703 2841 Platoni
731 2777 770 2840 de
797 2798 915 2862 genere
939 2777 1164 2862 chronologico
1171 2827 1179 2861 ,
1209 2799 1290 2861 quae
1311 2777 1394 2840 refu·

253 2891 324 2950 tare
352 2891 384 2950 et
411 2887 543 2970 longum
571 2891 619 2950 est
646 2890 679 2950 et
706 2887 759 2951 vix
786 2908 902 2970 operae
934 2887 1086 2970 pretium:
1125 2888 1257 2972 (quippe
1286 2886 1394 2950 omnia

255 3018 360 3060 errore
388 2996 536 3059 nituntur
557 2995 650 3078 hooc,
681 2997 763 3080 quod
791 2997 934 3080 sophista
956 3001 1135 3081 temporum
1157 2996 1393 3060 discriminibus

256 3106 415 3189 Symposii
437 3105 598 3170 Platonici
618 3107 749 3170 minime
771 3106 947 3189 perspectis
974 3106 1155 3170 incredibili
1182 3106 1392 3190 perversitate

256 3216 297 3278 ab
320 3215 589 3280 Mantineensium
612 3222 770 3300 διοικιεμῷ
793 3216 849 3279 illo
870 3239 901 3298 p.
925 3216 983 3281 193
1007 3222 1033 3278 A
1055 3219 1300 3298 commemorato
1322 3234 1393 3297 pro-

255 3327 359 3390 fectus
383 3329 488 3390 cetera
511 3326 632 3410 omnia,
662 3347 742 3410 quae
766 3328 841 3389 ante
863 3325 904 3389 ol.
929 3325 1067 3390 XCVIII
1088 3327 1177 3390 facta
1198 3329 1289 3407 sunt,
1326 3337 1392 3387 tur-

204 3436 386 3520 sepissima
407 3437 559 3520 temporis
581 3435 797 3518 discrepantia
820 3435 965 3498 laborare
987 3436 1158 3522 nugatum)
1186 3439 1255 3497 turn
1275 3457 1308 3517 p.
1331 3433 1394 3497 286

255 3549 334 3609 extr.
358 3547 455 3610 verba
476 3547 556 3610 haec
578 3527 713 3629 posuit(
733 3547 768 3610 ἐν
796 3547 858 3625 γὰρ
880 3551 925 3628 τῷ
949 3547 1109 3630 ευμποεὶῳ
1133 3545 1259 3622 curura
1281 3546 1338 3622 μὲν
1360 3544 1394 3606 ἐ(

254 3657 351 3721 ταύτὸ
375 3657 585 3736 Ἀριετοφάνη
613 3657 663 3720 καὶ
686 3656 833 3734 (ωκρὰτη
863 3657 913 3719 καὶ
941 3657 1155 3732 Ἀγάθωνα,
1186 3654 1241 3718 ἔτι
1264 3653 1405 3732 perpet:

254 3787 340 3831 κιον
364 3767 475 3842 ὄντα,
500 3767 545 3829 ὥ(
567 3787 650 3846 φηςι.
695 3765 744 3829 Ac
765 3765 804 3828 de
827 3764 995 3847 postremis
1017 3764 1194 3848 sophistam
1216 3762 1287 3825 falli
1310 3761 1393 3824 arbi-

254 3879 336 3939 tror:
370 3877 460 3942 νέοε
484 3875 570 3937 enim
593 3874 724 3959 Agatho
747 3897 765 3948 a
788 3874 923 3940 Platone
946 3875 1063 3938 dicitur
1084 3897 1115 3957 p.
1142 3874 1202 3937 173
1225 3878 1268 3954 E,
1298 3875 1393 3954 atque

254 4007 285 4068 p.
307 3985 365 4049 193
381 3989 408 4047 Α
430 3986 643 4050 νεανίεκοε.
674 3983 761 4058 Quae
777 3985 951 4068 appellatio
973 4007 1039 4048 non
1062 3985 1167 4047 minus
1189 4004 1285 4066 quarn
1308 3979 1392 4044 adu·

255 4095 446 4159 lescentis
474 4116 591 4158 nomen
620 4095 812 4158 conveniens
841 4099 889 4158 est
916 4095 950 4158 in
978 4097 1106 4179 poetam
1135 4114 1237 4155 annos
1267 4091 1393 4154 circiter

253 4205 390 4288 triginta
405 4208 532 4268 natum:
555 4205 668 4286 inqua
691 4204 818 4288 quidem
841 4210 947 4270 aetate
971 4208 1161 4271 constitutus
1184 4203 1246 4266 fuit
1261 4201 1392 4284 Agatho

252 4337 289 4376 oo
311 4319 470 4397 ternpore,
501 4337 562 4399 quo
591 4319 721 4399 propter
749 4316 914 4380 victoriam
943 4318 1046 4400 prima
1067 4314 1235 4401 tragoedia
1257 4313 1392 4376 relatam
