<?xml version="1.0" encoding="UTF-8"?>
<!DOCTYPE html PUBLIC "-//W3C//DTD XHTML 1.0 Transitional//EN"
    "http://www.w3.org/TR/xhtml1/DTD/xhtml1-transitional.dtd">
<html xmlns="http://www.w3.org/1999/xhtml" xml:lang="en" lang="en">
 <head>
  <title>
</title>
<meta http-equiv="Content-Type" content="text/html;charset=utf-8" />
  <meta name='ocr-system' content='tesseract 3.04.00' />
  <meta name='ocr-capabilities' content='ocr_page ocr_carea ocr_par ocr_line ocrx_word'/>
</head>
<body>
  <div class='ocr_page' id='page_1' title='image "./fridericiritsch11wachgoog_0595.png"; bbox 0 0 3254 5086; ppageno 0'>
   <div class='ocr_carea' id='block_1_1' title="bbox 243 345 1102 408">
    <p class='ocr_par' dir='ltr' id='par_1_1' title="bbox 243 345 1102 408">
     <span class='ocr_line' id='line_1_1' title="bbox 243 345 1102 408; baseline -0.002 0"><span class='ocrx_word' id='word_1_1' title='bbox 243 345 306 408; x_wconf 78' lang='grc'>572</span> <span class='ocrx_word' id='word_1_2' title='bbox 531 359 794 408; x_wconf 79' lang='lat' dir='ltr'>ouonouoervu</span> <span class='ocrx_word' id='word_1_3' title='bbox 818 357 1102 408; x_wconf 74' lang='lat' dir='ltr'>vmuosorucusn.</span> 
     </span>
    </p>
   </div>
   <div class='ocr_carea' id='block_1_2' title="bbox 243 511 1384 597">
    <p class='ocr_par' dir='ltr' id='par_1_2' title="bbox 243 511 1384 597">
     <span class='ocr_line' id='line_1_2' title="bbox 243 511 1384 597; baseline -0.002 -19"><span class='ocrx_word' id='word_1_4' title='bbox 243 514 353 597; x_wconf 81' lang='grc' dir='ltr'>νοείῳ,</span> <span class='ocrx_word' id='word_1_5' title='bbox 376 513 437 577; x_wconf 94' lang='lat' dir='ltr'>hoc</span> <span class='ocrx_word' id='word_1_6' title='bbox 459 512 565 578; x_wconf 80' lang='lat' dir='ltr'>fraudi</span> <span class='ocrx_word' id='word_1_7' title='bbox 587 512 686 576; x_wconf 85' lang='lat' dir='ltr'>fuisse</span> <span class='ocrx_word' id='word_1_8' title='bbox 709 513 888 595; x_wconf 84' lang='lat' dir='ltr'>excerptori</span> <span class='ocrx_word' id='word_1_9' title='bbox 910 511 991 576; x_wconf 86' lang='lat' dir='ltr'>vidit</span> <span class='ocrx_word' id='word_1_10' title='bbox 1005 511 1232 576; x_wconf 89' lang='lat' dir='ltr'>Boissonadius</span> <span class='ocrx_word' id='word_1_11' title='bbox 1254 533 1286 595; x_wconf 90' lang='lat' dir='ltr'>p.</span> <span class='ocrx_word' id='word_1_12' title='bbox 1310 511 1384 595; x_wconf 84' lang='lat'>210,</span> 
     </span>
    </p>
   </div>
   <div class='ocr_carea' id='block_1_3' title="bbox 243 621 1424 1480">
    <p class='ocr_par' dir='ltr' id='par_1_3' title="bbox 243 621 1424 932">
     <span class='ocr_line' id='line_1_3' title="bbox 244 621 1385 707; baseline 0.002 -21"><span class='ocrx_word' id='word_1_13' title='bbox 244 623 298 706; x_wconf 90' lang='lat' dir='ltr'>qui</span> <span class='ocrx_word' id='word_1_14' title='bbox 321 621 441 686; x_wconf 78' lang='lat' dir='ltr'>‘simili’</span> <span class='ocrx_word' id='word_1_15' title='bbox 463 623 510 686; x_wconf 91' lang='lat' dir='ltr'>ait</span> <span class='ocrx_word' id='word_1_16' title='bbox 532 629 651 687; x_wconf 86' lang='lat' dir='ltr'>‘errore</span> <span class='ocrx_word' id='word_1_17' title='bbox 673 623 837 706; x_wconf 77' lang='lat' dir='ltr'><strong>sophistae</strong></span> <span class='ocrx_word' id='word_1_18' title='bbox 858 621 950 687; x_wconf 91' lang='lat' dir='ltr'>istius</span> <span class='ocrx_word' id='word_1_19' title='bbox 973 622 1108 707; x_wconf 88' lang='lat' dir='ltr'>epistole</span> <span class='ocrx_word' id='word_1_20' title='bbox 1131 622 1182 706; x_wconf 90' lang='grc'>79,</span> <span class='ocrx_word' id='word_1_21' title='bbox 1215 622 1285 688; x_wconf 90' lang='lat' dir='ltr'>lusu</span> <span class='ocrx_word' id='word_1_22' title='bbox 1308 643 1385 704; x_wconf 91' lang='grc' dir='ltr'>ψευ-</span> 
     </span>
     <span class='ocr_line' id='line_1_4' title="bbox 243 731 1424 818; baseline -0.003 -19"><span class='ocrx_word' id='word_1_23' title='bbox 243 731 384 817; x_wconf 86' lang='grc' dir='ltr'>δωνύμῳ</span> <span class='ocrx_word' id='word_1_24' title='bbox 399 732 554 818; x_wconf 87' lang='lat' dir='ltr'>inscripta</span> <span class='ocrx_word' id='word_1_25' title='bbox 577 733 752 814; x_wconf 84' lang='grc' dir='ltr'>Ἰεοκράτηε</span> <span class='ocrx_word' id='word_1_26' title='bbox 769 733 943 818; x_wconf 83' lang='grc' dir='ltr'>Διονυτίῳ,</span> <span class='ocrx_word' id='word_1_27' title='bbox 966 732 1001 796; x_wconf 92' lang='lat' dir='ltr'>in</span> <span class='ocrx_word' id='word_1_28' title='bbox 1016 731 1152 798; x_wconf 88' lang='lat' dir='ltr'>oratoris</span> <span class='ocrx_word' id='word_1_29' title='bbox 1174 731 1265 797; x_wconf 78' lang='lat' dir='ltr'>attici</span> <span class='ocrx_word' id='word_1_30' title='bbox 1287 753 1386 816; x_wconf 82' lang='lat' dir='ltr'>opera</span> <span class='ocrx_word' id='word_1_31' title='bbox 1422 738 1424 742; x_wconf 70' lang='lat'><strong><em>‘</em></strong></span> 
     </span>
     <span class='ocr_line' id='line_1_5' title="bbox 243 821 706 932; baseline 0.006 -26"><span class='ocrx_word' id='word_1_32' title='bbox 243 842 408 932; x_wconf 85' lang='lat' dir='ltr'>irrepsit&#39;.]</span> <span class='ocrx_word' id='word_1_33' title='bbox 703 821 706 828; x_wconf 25' lang='grc' dir='ltr'>Ι</span> 
     </span>
    </p>

    <p class='ocr_par' dir='ltr' id='par_1_4' title="bbox 244 953 1385 1150">
     <span class='ocr_line' id='line_1_6' title="bbox 327 953 1385 1042; baseline 0.003 -25"><span class='ocrx_word' id='word_1_34' title='bbox 327 953 368 1018; x_wconf 90' lang='grc'>88</span> <span class='ocrx_word' id='word_1_35' title='bbox 390 953 576 1042; x_wconf 82' lang='grc' dir='ltr'>Ἰεοκράτηε]</span> <span class='ocrx_word' id='word_1_36' title='bbox 600 954 642 1018; x_wconf 87' lang='lat' dir='ltr'>sd</span> <span class='ocrx_word' id='word_1_37' title='bbox 663 954 874 1020; x_wconf 90' lang='lat' dir='ltr'>Demonicum</span> <span class='ocrx_word' id='word_1_38' title='bbox 896 953 968 1018; x_wconf 88' lang='lat' dir='ltr'>init.</span> <span class='ocrx_word' id='word_1_39' title='bbox 991 953 1126 1037; x_wconf 77' lang='lat' dir='ltr'>Recepit</span> <span class='ocrx_word' id='word_1_40' title='bbox 1147 974 1218 1020; x_wconf 91' lang='lat' dir='ltr'>eum</span> <span class='ocrx_word' id='word_1_41' title='bbox 1240 953 1385 1038; x_wconf 83' lang='lat' dir='ltr'>proximo</span> 
     </span>
     <span class='ocr_line' id='line_1_7' title="bbox 244 1061 933 1150; baseline 0 -22"><span class='ocrx_word' id='word_1_42' title='bbox 244 1061 419 1150; x_wconf 79' lang='lat' dir='ltr'>Georgides</span> <span class='ocrx_word' id='word_1_43' title='bbox 447 1062 550 1128; x_wconf 87' lang='lat' dir='ltr'>Boiss.</span> <span class='ocrx_word' id='word_1_44' title='bbox 574 1064 698 1130; x_wconf 86' lang='lat' dir='ltr'>Anccd.</span> <span class='ocrx_word' id='word_1_45' title='bbox 721 1064 738 1129; x_wconf 91' lang='lat'>1</span> <span class='ocrx_word' id='word_1_46' title='bbox 766 1087 797 1148; x_wconf 92' lang='lat' dir='ltr'>p.</span> <span class='ocrx_word' id='word_1_47' title='bbox 821 1063 863 1130; x_wconf 88' lang='grc'>63</span> <span class='ocrx_word' id='word_1_48' title='bbox 885 1085 933 1148; x_wconf 92' lang='lat' dir='ltr'>sq.</span> 
     </span>
    </p>

    <p class='ocr_par' dir='ltr' id='par_1_5' title="bbox 327 1173 888 1264">
     <span class='ocr_line' id='line_1_8' title="bbox 327 1173 888 1264; baseline 0 -27"><span class='ocrx_word' id='word_1_49' title='bbox 327 1173 369 1238; x_wconf 88' lang='grc'>89</span> <span class='ocrx_word' id='word_1_50' title='bbox 390 1176 447 1240; x_wconf 76' lang='grc' dir='ltr'>τὰ(</span> <span class='ocrx_word' id='word_1_51' title='bbox 469 1180 536 1242; x_wconf 87' lang='grc' dir='ltr'>τῶν</span> <span class='ocrx_word' id='word_1_52' title='bbox 559 1175 708 1264; x_wconf 82' lang='grc' dir='ltr'>φαύλων]</span> <span class='ocrx_word' id='word_1_53' title='bbox 732 1174 888 1239; x_wconf 80' lang='lat' dir='ltr'><strong>Indidem.</strong></span> 
     </span>
    </p>

    <p class='ocr_par' dir='ltr' id='par_1_6' title="bbox 329 1283 1178 1373">
     <span class='ocr_line' id='line_1_9' title="bbox 329 1283 1178 1373; baseline -0.002 -23"><span class='ocrx_word' id='word_1_54' title='bbox 329 1284 369 1350; x_wconf 85' lang='lat'>91</span> <span class='ocrx_word' id='word_1_55' title='bbox 392 1285 413 1350; x_wconf 83' lang='grc' dir='ltr'>ἃ</span> <span class='ocrx_word' id='word_1_56' title='bbox 434 1289 540 1351; x_wconf 85' lang='grc' dir='ltr'>ποιεῖν</span> <span class='ocrx_word' id='word_1_57' title='bbox 563 1283 705 1373; x_wconf 81' lang='grc' dir='ltr'>αἰεχρὸν]</span> <span class='ocrx_word' id='word_1_58' title='bbox 729 1283 881 1350; x_wconf 83' lang='lat' dir='ltr'>Isocratis</span> <span class='ocrx_word' id='word_1_59' title='bbox 903 1283 1022 1349; x_wconf 86' lang='lat' dir='ltr'>ibidem</span> <span class='ocrx_word' id='word_1_60' title='bbox 1043 1306 1075 1368; x_wconf 88' lang='lat' dir='ltr'>p.</span> <span class='ocrx_word' id='word_1_61' title='bbox 1099 1285 1120 1350; x_wconf 93' lang='grc'>5</span> <span class='ocrx_word' id='word_1_62' title='bbox 1142 1291 1178 1348; x_wconf 77' lang='grc' dir='ltr'>Α.</span> 
     </span>
    </p>

    <p class='ocr_par' dir='ltr' id='par_1_7' title="bbox 329 1393 1383 1480">
     <span class='ocr_line' id='line_1_10' title="bbox 329 1393 1383 1480; baseline 0 -22"><span class='ocrx_word' id='word_1_63' title='bbox 329 1394 370 1458; x_wconf 87' lang='grc'>93</span> <span class='ocrx_word' id='word_1_64' title='bbox 393 1396 430 1460; x_wconf 90' lang='grc' dir='ltr'>τὸ</span> <span class='ocrx_word' id='word_1_65' title='bbox 453 1394 594 1480; x_wconf 84' lang='grc' dir='ltr'>χρυτίον]</span> <span class='ocrx_word' id='word_1_66' title='bbox 618 1394 741 1459; x_wconf 88' lang='lat' dir='ltr'>Ibidem</span> <span class='ocrx_word' id='word_1_67' title='bbox 763 1417 793 1478; x_wconf 91' lang='lat' dir='ltr'>p.</span> <span class='ocrx_word' id='word_1_68' title='bbox 812 1396 830 1459; x_wconf 90' lang='grc'>7</span> <span class='ocrx_word' id='word_1_69' title='bbox 849 1399 888 1478; x_wconf 86' lang='grc' dir='ltr'>Β,</span> <span class='ocrx_word' id='word_1_70' title='bbox 913 1395 1010 1460; x_wconf 87' lang='lat' dir='ltr'>etiam</span> <span class='ocrx_word' id='word_1_71' title='bbox 1033 1393 1117 1478; x_wconf 87' lang='lat' dir='ltr'>apud</span> <span class='ocrx_word' id='word_1_72' title='bbox 1140 1393 1257 1480; x_wconf 84' lang='lat' dir='ltr'>Georg.</span> <span class='ocrx_word' id='word_1_73' title='bbox 1281 1417 1312 1478; x_wconf 93' lang='lat' dir='ltr'>p.</span> <span class='ocrx_word' id='word_1_74' title='bbox 1330 1394 1383 1460; x_wconf 83' lang='grc'>25.</span> 
     </span>
    </p>
   </div>
   <div class='ocr_carea' id='block_1_4' title="bbox 327 1503 1383 1590">
    <p class='ocr_par' dir='ltr' id='par_1_8' title="bbox 327 1503 1383 1590">
     <span class='ocr_line' id='line_1_11' title="bbox 327 1503 1383 1590; baseline 0 -22"><span class='ocrx_word' id='word_1_75' title='bbox 327 1503 369 1568; x_wconf 86' lang='grc'>94</span> <span class='ocrx_word' id='word_1_76' title='bbox 395 1505 492 1572; x_wconf 73' lang='grc' dir='ltr'>καλὸν</span> <span class='ocrx_word' id='word_1_77' title='bbox 519 1505 688 1589; x_wconf 81' lang='grc' dir='ltr'>θηταυρόε]</span> <span class='ocrx_word' id='word_1_78' title='bbox 722 1503 874 1570; x_wconf 79' lang='lat' dir='ltr'>Eiusdem</span> <span class='ocrx_word' id='word_1_79' title='bbox 901 1504 1054 1570; x_wconf 88' lang='lat' dir='ltr'>Isocratis</span> <span class='ocrx_word' id='word_1_80' title='bbox 1079 1526 1111 1589; x_wconf 92' lang='lat' dir='ltr'>p.</span> <span class='ocrx_word' id='word_1_81' title='bbox 1143 1505 1162 1570; x_wconf 91' lang='lat'>8</span> <span class='ocrx_word' id='word_1_82' title='bbox 1189 1508 1234 1588; x_wconf 87' lang='lat' dir='ltr'>B,</span> <span class='ocrx_word' id='word_1_83' title='bbox 1264 1504 1383 1590; x_wconf 84' lang='lat' dir='ltr'>Georg.</span> 
     </span>
    </p>
   </div>
   <div class='ocr_carea' id='block_1_5' title="bbox 239 1613 1448 4010">
    <p class='ocr_par' dir='ltr' id='par_1_9' title="bbox 242 1613 350 1696">
     <span class='ocr_line' id='line_1_12' title="bbox 242 1613 350 1696; baseline 0 -18"><span class='ocrx_word' id='word_1_84' title='bbox 242 1635 275 1696; x_wconf 91' lang='lat' dir='ltr'>p.</span> <span class='ocrx_word' id='word_1_85' title='bbox 298 1613 350 1678; x_wconf 79' lang='lat'>52.</span> 
     </span>
    </p>

    <p class='ocr_par' dir='ltr' id='par_1_10' title="bbox 242 1723 1386 1919">
     <span class='ocr_line' id='line_1_13' title="bbox 327 1723 1386 1810; baseline 0.003 -23"><span class='ocrx_word' id='word_1_86' title='bbox 327 1723 410 1791; x_wconf 87' lang='grc'>965</span> <span class='ocrx_word' id='word_1_87' title='bbox 437 1725 612 1810; x_wconf 83' lang='grc' dir='ltr'>πλειόνων]</span> <span class='ocrx_word' id='word_1_88' title='bbox 642 1725 692 1790; x_wconf 83' lang='lat' dir='ltr'>Ex</span> <span class='ocrx_word' id='word_1_89' title='bbox 708 1725 889 1810; x_wconf 90' lang='lat' dir='ltr'>Aphthonii</span> <span class='ocrx_word' id='word_1_90' title='bbox 911 1724 977 1790; x_wconf 88' lang='lat' dir='ltr'>fab.</span> <span class='ocrx_word' id='word_1_91' title='bbox 1003 1724 1043 1790; x_wconf 96' lang='grc'>15</span> <span class='ocrx_word' id='word_1_92' title='bbox 1064 1723 1193 1790; x_wconf 87' lang='lat' dir='ltr'>ductum</span> <span class='ocrx_word' id='word_1_93' title='bbox 1216 1724 1386 1790; x_wconf 87' lang='lat' dir='ltr'>Boissoua·</span> 
     </span>
     <span class='ocr_line' id='line_1_14' title="bbox 242 1833 792 1919; baseline 0.009 -23"><span class='ocrx_word' id='word_1_94' title='bbox 242 1833 312 1898; x_wconf 88' lang='lat' dir='ltr'>dius</span> <span class='ocrx_word' id='word_1_95' title='bbox 333 1835 458 1898; x_wconf 90' lang='lat' dir='ltr'>monuit</span> <span class='ocrx_word' id='word_1_96' title='bbox 479 1834 518 1900; x_wconf 89' lang='lat' dir='ltr'>ad</span> <span class='ocrx_word' id='word_1_97' title='bbox 543 1835 660 1919; x_wconf 86' lang='lat' dir='ltr'>Georg.</span> <span class='ocrx_word' id='word_1_98' title='bbox 684 1858 716 1919; x_wconf 94' lang='lat' dir='ltr'>p.</span> <span class='ocrx_word' id='word_1_99' title='bbox 741 1836 792 1901; x_wconf 89' lang='grc'>73.</span> 
     </span>
    </p>

    <p class='ocr_par' dir='ltr' id='par_1_11' title="bbox 327 1943 1186 2030">
     <span class='ocr_line' id='line_1_15' title="bbox 327 1943 1186 2030; baseline 0.003 -23"><span class='ocrx_word' id='word_1_100' title='bbox 327 1943 368 2007; x_wconf 87' lang='lat'>98</span> <span class='ocrx_word' id='word_1_101' title='bbox 389 1945 428 2010; x_wconf 87' lang='grc' dir='ltr'>τὸ</span> <span class='ocrx_word' id='word_1_102' title='bbox 450 1945 585 2029; x_wconf 83' lang='grc' dir='ltr'>ἀφανὲτ]</span> <span class='ocrx_word' id='word_1_103' title='bbox 608 1945 759 2012; x_wconf 74' lang='lat' dir='ltr'>isocratis</span> <span class='ocrx_word' id='word_1_104' title='bbox 781 1967 814 2029; x_wconf 91' lang='lat' dir='ltr'>p.</span> <span class='ocrx_word' id='word_1_105' title='bbox 838 1945 858 2011; x_wconf 92' lang='grc'><strong>9</strong></span> <span class='ocrx_word' id='word_1_106' title='bbox 881 1951 913 2028; x_wconf 79' lang='lat' dir='ltr'>C,</span> <span class='ocrx_word' id='word_1_107' title='bbox 938 1945 1055 2030; x_wconf 83' lang='lat' dir='ltr'>Georg.</span> <span class='ocrx_word' id='word_1_108' title='bbox 1078 1966 1110 2030; x_wconf 92' lang='lat' dir='ltr'>p.</span> <span class='ocrx_word' id='word_1_109' title='bbox 1136 1947 1186 2010; x_wconf 93' lang='grc'>17.</span> 
     </span>
    </p>

    <p class='ocr_par' dir='ltr' id='par_1_12' title="bbox 329 2053 863 2140">
     <span class='ocr_line' id='line_1_16' title="bbox 329 2053 863 2140; baseline 0.009 -26"><span class='ocrx_word' id='word_1_110' title='bbox 329 2053 390 2118; x_wconf 89' lang='grc'>100</span> <span class='ocrx_word' id='word_1_111' title='bbox 412 2054 442 2119; x_wconf 89' lang='grc' dir='ltr'>οἱ</span> <span class='ocrx_word' id='word_1_112' title='bbox 464 2054 588 2140; x_wconf 82' lang='grc' dir='ltr'>δίκαιοι]</span> <span class='ocrx_word' id='word_1_113' title='bbox 613 2054 731 2140; x_wconf 83' lang='lat' dir='ltr'>Georg.</span> <span class='ocrx_word' id='word_1_114' title='bbox 754 2077 787 2139; x_wconf 94' lang='lat' dir='ltr'>p.</span> <span class='ocrx_word' id='word_1_115' title='bbox 811 2055 863 2121; x_wconf 86' lang='lat'>35.</span> 
     </span>
    </p>

    <p class='ocr_par' dir='ltr' id='par_1_13' title="bbox 329 2163 1272 2251">
     <span class='ocr_line' id='line_1_17' title="bbox 329 2163 1272 2251; baseline 0.005 -24"><span class='ocrx_word' id='word_1_116' title='bbox 329 2163 388 2228; x_wconf 87' lang='lat'>103</span> <span class='ocrx_word' id='word_1_117' title='bbox 410 2163 530 2244; x_wconf 86' lang='grc' dir='ltr'>τύχην</span> <span class='ocrx_word' id='word_1_118' title='bbox 552 2164 655 2244; x_wconf 72' lang='grc' dir='ltr'>ἔχει(</span> <span class='ocrx_word' id='word_1_119' title='bbox 678 2165 878 2248; x_wconf 85' lang='grc' dir='ltr'>ἄνθρωπε,</span> <span class='ocrx_word' id='word_1_120' title='bbox 903 2167 948 2247; x_wconf 86' lang='grc' dir='ltr'>μὴ</span> <span class='ocrx_word' id='word_1_121' title='bbox 972 2166 1094 2246; x_wconf 82' lang='grc' dir='ltr'>μάτην</span> <span class='ocrx_word' id='word_1_122' title='bbox 1117 2166 1272 2251; x_wconf 85' lang='grc' dir='ltr'>τρέχῃε·</span> 
     </span>
    </p>

    <p class='ocr_par' dir='ltr' id='par_1_14' title="bbox 410 2274 1305 2357">
     <span class='ocr_line' id='line_1_18' title="bbox 410 2274 1305 2357; baseline 0.002 -18"><span class='ocrx_word' id='word_1_123' title='bbox 410 2274 445 2339; x_wconf 80' lang='grc' dir='ltr'>εἰ</span> <span class='ocrx_word' id='word_1_124' title='bbox 467 2276 502 2340; x_wconf 84' lang='grc' dir='ltr'>δ’</span> <span class='ocrx_word' id='word_1_125' title='bbox 525 2275 596 2340; x_wconf 88' lang='grc' dir='ltr'>οὐκ</span> <span class='ocrx_word' id='word_1_126' title='bbox 618 2276 736 2356; x_wconf 82' lang='grc' dir='ltr'>ἔχειε,</span> <span class='ocrx_word' id='word_1_127' title='bbox 762 2275 944 2353; x_wconf 83' lang='grc' dir='ltr'>κάθευδε,</span> <span class='ocrx_word' id='word_1_128' title='bbox 966 2279 1013 2357; x_wconf 87' lang='grc' dir='ltr'>μὴ</span> <span class='ocrx_word' id='word_1_129' title='bbox 1036 2280 1160 2343; x_wconf 86' lang='grc' dir='ltr'>κενῶε</span> <span class='ocrx_word' id='word_1_130' title='bbox 1182 2277 1305 2342; x_wconf 90' lang='grc' dir='ltr'>πόνει.</span> 
     </span>
    </p>

    <p class='ocr_par' dir='ltr' id='par_1_15' title="bbox 241 2381 1385 2578">
     <span class='ocr_line' id='line_1_19' title="bbox 242 2381 1385 2473; baseline 0.003 -26"><span class='ocrx_word' id='word_1_131' title='bbox 242 2381 361 2448; x_wconf 78' lang='lat' dir='ltr'>Versus</span> <span class='ocrx_word' id='word_1_132' title='bbox 389 2383 475 2468; x_wconf 91' lang='lat' dir='ltr'>ipsos</span> <span class='ocrx_word' id='word_1_133' title='bbox 503 2385 602 2449; x_wconf 87' lang='lat' dir='ltr'>habet</span> <span class='ocrx_word' id='word_1_134' title='bbox 629 2385 726 2449; x_wconf 87' lang='lat' dir='ltr'>etiam</span> <span class='ocrx_word' id='word_1_135' title='bbox 755 2384 931 2472; x_wconf 81' lang='lat' dir='ltr'>Georgides</span> <span class='ocrx_word' id='word_1_136' title='bbox 958 2408 990 2469; x_wconf 94' lang='lat' dir='ltr'>p.</span> <span class='ocrx_word' id='word_1_137' title='bbox 1020 2385 1058 2450; x_wconf 88' lang='lat'>91</span> <span class='ocrx_word' id='word_1_138' title='bbox 1096 2385 1163 2473; x_wconf 86' lang='lat' dir='ltr'>[ubi</span> <span class='ocrx_word' id='word_1_139' title='bbox 1189 2387 1307 2452; x_wconf 88' lang='lat' dir='ltr'>rectius</span> <span class='ocrx_word' id='word_1_140' title='bbox 1335 2389 1385 2450; x_wconf 89' lang='lat' dir='ltr'>est</span> 
     </span>
     <span class='ocr_line' id='line_1_20' title="bbox 241 2494 1224 2578; baseline 0.001 -19"><span class='ocrx_word' id='word_1_141' title='bbox 241 2494 361 2578; x_wconf 76' lang='grc' dir='ltr'>τρέχε]τ</span> <span class='ocrx_word' id='word_1_142' title='bbox 386 2494 556 2560; x_wconf 78' lang='lat' dir='ltr'>Menandri</span> <span class='ocrx_word' id='word_1_143' title='bbox 579 2515 647 2560; x_wconf 89' lang='lat' dir='ltr'>esse</span> <span class='ocrx_word' id='word_1_144' title='bbox 670 2516 687 2560; x_wconf 92' lang='lat' dir='ltr'>e</span> <span class='ocrx_word' id='word_1_145' title='bbox 710 2495 778 2561; x_wconf 80' lang='lat' dir='ltr'>eod:</span> <span class='ocrx_word' id='word_1_146' title='bbox 795 2494 1040 2561; x_wconf 77' lang='lat' dir='ltr'>vindobonensi</span> <span class='ocrx_word' id='word_1_147' title='bbox 1063 2495 1224 2562; x_wconf 83' lang='lat' dir='ltr'>discimus.</span> 
     </span>
    </p>

    <p class='ocr_par' dir='ltr' id='par_1_16' title="bbox 329 2603 1251 2688">
     <span class='ocr_line' id='line_1_21' title="bbox 329 2603 1251 2688; baseline 0.005 -21"><span class='ocrx_word' id='word_1_148' title='bbox 329 2603 391 2668; x_wconf 88' lang='grc'>104</span> <span class='ocrx_word' id='word_1_149' title='bbox 413 2604 585 2671; x_wconf 82' lang='grc' dir='ltr'>ἅπαντέε</span> <span class='ocrx_word' id='word_1_150' title='bbox 608 2605 720 2686; x_wconf 82' lang='grc' dir='ltr'>ἐτμεν</span> <span class='ocrx_word' id='word_1_151' title='bbox 743 2606 796 2672; x_wconf 76' lang='lat' dir='ltr'>etc</span> <span class='ocrx_word' id='word_1_152' title='bbox 819 2606 862 2670; x_wconf 91' lang='grc' dir='ltr'>τὸ</span> <span class='ocrx_word' id='word_1_153' title='bbox 884 2609 1094 2674; x_wconf 84' lang='grc' dir='ltr'>νουθετεῖν</span> <span class='ocrx_word' id='word_1_154' title='bbox 1117 2605 1251 2688; x_wconf 84' lang='grc' dir='ltr'>εοφοί,</span> 
     </span>
    </p>

    <p class='ocr_par' dir='ltr' id='par_1_17' title="bbox 411 2714 1220 2796">
     <span class='ocr_line' id='line_1_22' title="bbox 411 2714 1220 2796; baseline 0.002 -18"><span class='ocrx_word' id='word_1_155' title='bbox 411 2714 527 2780; x_wconf 84' lang='grc' dir='ltr'>αὐτοὶ</span> <span class='ocrx_word' id='word_1_156' title='bbox 549 2717 582 2780; x_wconf 83' lang='grc' dir='ltr'>δ’</span> <span class='ocrx_word' id='word_1_157' title='bbox 604 2715 904 2795; x_wconf 80' lang='grc' dir='ltr'>ἁμαρτάνοντεε</span> <span class='ocrx_word' id='word_1_158' title='bbox 927 2715 972 2782; x_wconf 85' lang='grc' dir='ltr'>οὐ</span> <span class='ocrx_word' id='word_1_159' title='bbox 996 2717 1220 2796; x_wconf 83' lang='grc' dir='ltr'>ευνήκαμεν.</span> 
     </span>
    </p>

    <p class='ocr_par' dir='ltr' id='par_1_18' title="bbox 239 2823 1448 4010">
     <span class='ocr_line' id='line_1_23' title="bbox 241 2823 1382 2912; baseline 0.004 -24"><span class='ocrx_word' id='word_1_160' title='bbox 241 2823 382 2888; x_wconf 75' lang='lat' dir='ltr'>Exstant</span> <span class='ocrx_word' id='word_1_161' title='bbox 405 2844 476 2888; x_wconf 92' lang='lat' dir='ltr'>cum</span> <span class='ocrx_word' id='word_1_162' title='bbox 498 2823 584 2888; x_wconf 88' lang='lat' dir='ltr'>inter</span> <span class='ocrx_word' id='word_1_163' title='bbox 598 2823 767 2908; x_wconf 78' lang='lat' dir='ltr'>Euripidis</span> <span class='ocrx_word' id='word_1_164' title='bbox 781 2825 899 2910; x_wconf 79' lang='lat' dir='ltr'>fragm.</span> <span class='ocrx_word' id='word_1_165' title='bbox 917 2825 980 2892; x_wconf 92' lang='lat' dir='ltr'>inc.</span> <span class='ocrx_word' id='word_1_166' title='bbox 997 2848 1029 2910; x_wconf 95' lang='grc' dir='ltr'>Ρ.</span> <span class='ocrx_word' id='word_1_167' title='bbox 1045 2826 1109 2892; x_wconf 86' lang='grc'>433</span> <span class='ocrx_word' id='word_1_168' title='bbox 1124 2825 1241 2890; x_wconf 86' lang='lat' dir='ltr'>Matth.</span> <span class='ocrx_word' id='word_1_169' title='bbox 1260 2823 1303 2912; x_wconf 88' lang='lat' dir='ltr'>[p.</span> <span class='ocrx_word' id='word_1_170' title='bbox 1319 2826 1382 2892; x_wconf 88' lang='grc'>537</span> 
     </span>
     <span class='ocr_line' id='line_1_24' title="bbox 241 2931 1382 3020; baseline 0.005 -25"><span class='ocrx_word' id='word_1_171' title='bbox 241 2931 381 3020; x_wconf 73' lang='lat' dir='ltr'>Nauck]</span> <span class='ocrx_word' id='word_1_172' title='bbox 404 2935 474 2996; x_wconf 89' lang='lat' dir='ltr'>tum</span> <span class='ocrx_word' id='word_1_173' title='bbox 504 2933 538 2998; x_wconf 90' lang='lat' dir='ltr'>in</span> <span class='ocrx_word' id='word_1_174' title='bbox 560 2933 760 3000; x_wconf 83' lang='lat' dir='ltr'>Menandriis</span> <span class='ocrx_word' id='word_1_175' title='bbox 782 2935 990 3001; x_wconf 77' lang='lat' dir='ltr'>monostichis</span> <span class='ocrx_word' id='word_1_176' title='bbox 1012 2958 1043 3001; x_wconf 84' lang='lat' dir='ltr'>v.</span> <span class='ocrx_word' id='word_1_177' title='bbox 1066 2937 1108 3001; x_wconf 88' lang='grc'>46</span> <span class='ocrx_word' id='word_1_178' title='bbox 1130 2957 1190 3020; x_wconf 69' lang='grc' dir='ltr'>ος,</span> <span class='ocrx_word' id='word_1_179' title='bbox 1214 2936 1277 3000; x_wconf 90' lang='lat' dir='ltr'>nisi</span> <span class='ocrx_word' id='word_1_180' title='bbox 1299 2935 1382 3020; x_wconf 93' lang='lat' dir='ltr'>quod</span> 
     </span>
     <span class='ocr_line' id='line_1_25' title="bbox 242 3041 1448 3136; baseline 0.007 -32"><span class='ocrx_word' id='word_1_181' title='bbox 242 3041 310 3106; x_wconf 86' lang='lat' dir='ltr'>illic</span> <span class='ocrx_word' id='word_1_182' title='bbox 332 3063 349 3106; x_wconf 90' lang='lat' dir='ltr'>e</span> <span class='ocrx_word' id='word_1_183' title='bbox 373 3041 511 3108; x_wconf 81' lang='lat' dir='ltr'>Stobaeo</span> <span class='ocrx_word' id='word_1_184' title='bbox 533 3042 661 3127; x_wconf 87' lang='lat' dir='ltr'>XXIII,</span> <span class='ocrx_word' id='word_1_185' title='bbox 684 3045 705 3110; x_wconf 84' lang='lat'>5</span> <span class='ocrx_word' id='word_1_186' title='bbox 732 3045 887 3129; x_wconf 88' lang='lat' dir='ltr'>scriptum</span> <span class='ocrx_word' id='word_1_187' title='bbox 909 3047 958 3136; x_wconf 77' lang='lat' dir='ltr'>est</span> <span class='ocrx_word' id='word_1_188' title='bbox 980 3045 1071 3111; x_wconf 78' lang='lat' dir='ltr'>edroi</span> <span class='ocrx_word' id='word_1_189' title='bbox 1093 3047 1129 3111; x_wconf 82' lang='lat' dir='ltr'>b&#39;</span> <span class='ocrx_word' id='word_1_190' title='bbox 1151 3045 1230 3114; x_wconf 86' lang='grc' dir='ltr'>ὅταν</span> <span class='ocrx_word' id='word_1_191' title='bbox 1252 3047 1383 3128; x_wconf 86' lang='grc' dir='ltr'>τφάλω-</span> <span class='ocrx_word' id='word_1_192' title='bbox 1445 3093 1448 3098; x_wconf 87' lang='grc'><strong>-</strong></span> 
     </span>
     <span class='ocr_line' id='line_1_26' title="bbox 240 3151 1383 3236; baseline 0.006 -20"><span class='ocrx_word' id='word_1_193' title='bbox 240 3173 311 3232; x_wconf 84' lang='grc' dir='ltr'>μεν,</span> <span class='ocrx_word' id='word_1_194' title='bbox 335 3151 374 3217; x_wconf 88' lang='grc' dir='ltr'>οὐ</span> <span class='ocrx_word' id='word_1_195' title='bbox 395 3154 623 3235; x_wconf 80' lang='grc' dir='ltr'>γιγνώεκομεν,</span> <span class='ocrx_word' id='word_1_196' title='bbox 644 3155 697 3220; x_wconf 91' lang='lat' dir='ltr'>hic</span> <span class='ocrx_word' id='word_1_197' title='bbox 720 3157 827 3220; x_wconf 89' lang='lat' dir='ltr'>eutem</span> <span class='ocrx_word' id='word_1_198' title='bbox 841 3155 1079 3236; x_wconf 84' lang='grc' dir='ltr'>ἁμορτάνοντεε</span> <span class='ocrx_word' id='word_1_199' title='bbox 1100 3157 1139 3222; x_wconf 86' lang='grc' dir='ltr'>οὐ</span> <span class='ocrx_word' id='word_1_200' title='bbox 1153 3155 1383 3236; x_wconf 84' lang='grc' dir='ltr'>γιγνώεκομεν,</span> 
     </span>
     <span class='ocr_line' id='line_1_27' title="bbox 240 3262 1383 3349; baseline 0.005 -24"><span class='ocrx_word' id='word_1_201' title='bbox 240 3282 336 3346; x_wconf 83' lang='lat' dir='ltr'>quam</span> <span class='ocrx_word' id='word_1_202' title='bbox 365 3262 491 3346; x_wconf 89' lang='lat' dir='ltr'>quidem</span> <span class='ocrx_word' id='word_1_203' title='bbox 519 3265 712 3348; x_wconf 86' lang='lat' dir='ltr'>scripturam</span> <span class='ocrx_word' id='word_1_204' title='bbox 738 3266 838 3330; x_wconf 90' lang='lat' dir='ltr'>habes</span> <span class='ocrx_word' id='word_1_205' title='bbox 865 3266 963 3330; x_wconf 90' lang='lat' dir='ltr'>etiam</span> <span class='ocrx_word' id='word_1_206' title='bbox 990 3265 1075 3349; x_wconf 94' lang='lat' dir='ltr'>apud</span> <span class='ocrx_word' id='word_1_207' title='bbox 1099 3265 1383 3332; x_wconf 89' lang='lat' dir='ltr'>Boissonadiuml</span> 
     </span>
     <span class='ocr_line' id='line_1_28' title="bbox 240 3371 1382 3456; baseline 0.005 -21"><span class='ocrx_word' id='word_1_208' title='bbox 240 3393 272 3456; x_wconf 91' lang='lat' dir='ltr'>p.</span> <span class='ocrx_word' id='word_1_209' title='bbox 304 3371 375 3437; x_wconf 88' lang='grc'>114.</span> <span class='ocrx_word' id='word_1_210' title='bbox 420 3371 469 3438; x_wconf 92' lang='lat' dir='ltr'>De</span> <span class='ocrx_word' id='word_1_211' title='bbox 502 3375 647 3440; x_wconf 87' lang='lat' dir='ltr'>Antonio</span> <span class='ocrx_word' id='word_1_212' title='bbox 679 3374 810 3440; x_wconf 84' lang='lat' dir='ltr'>Melissa</span> <span class='ocrx_word' id='word_1_213' title='bbox 845 3377 931 3440; x_wconf 91' lang='lat' dir='ltr'>recte</span> <span class='ocrx_word' id='word_1_214' title='bbox 967 3375 1143 3441; x_wconf 87' lang='lat' dir='ltr'>iudicatum</span> <span class='ocrx_word' id='word_1_215' title='bbox 1175 3397 1195 3440; x_wconf 83' lang='lat' dir='ltr'>s</span> <span class='ocrx_word' id='word_1_216' title='bbox 1226 3375 1382 3442; x_wconf 85' lang='lat' dir='ltr'>Matthia:</span> 
     </span>
     <span class='ocr_line' id='line_1_29' title="bbox 240 3483 1384 3569; baseline 0.005 -24"><span class='ocrx_word' id='word_1_217' title='bbox 240 3503 432 3567; x_wconf 90' lang='lat' dir='ltr'>quamquam</span> <span class='ocrx_word' id='word_1_218' title='bbox 459 3483 494 3548; x_wconf 92' lang='lat' dir='ltr'>in</span> <span class='ocrx_word' id='word_1_219' title='bbox 522 3487 633 3550; x_wconf 89' lang='lat' dir='ltr'>nostra</span> <span class='ocrx_word' id='word_1_220' title='bbox 660 3485 800 3550; x_wconf 83' lang='lat' dir='ltr'>edItione</span> <span class='ocrx_word' id='word_1_221' title='bbox 828 3485 929 3551; x_wconf 87' lang='lat' dir='ltr'>Serm.</span> <span class='ocrx_word' id='word_1_222' title='bbox 956 3484 984 3549; x_wconf 88' lang='lat' dir='ltr'>L</span> <span class='ocrx_word' id='word_1_223' title='bbox 1011 3507 1043 3569; x_wconf 91' lang='lat' dir='ltr'>p.</span> <span class='ocrx_word' id='word_1_224' title='bbox 1067 3485 1125 3568; x_wconf 92' lang='grc'>75,</span> <span class='ocrx_word' id='word_1_225' title='bbox 1152 3485 1195 3551; x_wconf 91' lang='grc'>45</span> <span class='ocrx_word' id='word_1_226' title='bbox 1222 3485 1311 3552; x_wconf 84' lang='lat' dir='ltr'>nulle</span> <span class='ocrx_word' id='word_1_227' title='bbox 1333 3491 1384 3552; x_wconf 89' lang='lat' dir='ltr'>est</span> 
     </span>
     <span class='ocr_line' id='line_1_30' title="bbox 239 3591 1384 3680; baseline 0.004 -25"><span class='ocrx_word' id='word_1_228' title='bbox 239 3591 355 3675; x_wconf 86' lang='lat' dir='ltr'>prioris</span> <span class='ocrx_word' id='word_1_229' title='bbox 389 3614 498 3658; x_wconf 86' lang='lat' dir='ltr'>versus</span> <span class='ocrx_word' id='word_1_230' title='bbox 530 3593 757 3678; x_wconf 85' lang='lat' dir='ltr'>discrepantia.</span> <span class='ocrx_word' id='word_1_231' title='bbox 802 3594 950 3662; x_wconf 80' lang='lat' dir='ltr'>Ceterum</span> <span class='ocrx_word' id='word_1_232' title='bbox 987 3599 1020 3660; x_wconf 91' lang='lat' dir='ltr'>et</span> <span class='ocrx_word' id='word_1_233' title='bbox 1050 3594 1215 3680; x_wconf 78' lang='lat' dir='ltr'>Euripidis</span> <span class='ocrx_word' id='word_1_234' title='bbox 1248 3617 1316 3660; x_wconf 89' lang='lat' dir='ltr'>esse</span> <span class='ocrx_word' id='word_1_235' title='bbox 1350 3600 1384 3661; x_wconf 94' lang='lat' dir='ltr'>et</span> 
     </span>
     <span class='ocr_line' id='line_1_31' title="bbox 240 3700 1383 3790; baseline 0.003 -24"><span class='ocrx_word' id='word_1_236' title='bbox 240 3700 411 3768; x_wconf 89' lang='lat' dir='ltr'>Menandri</span> <span class='ocrx_word' id='word_1_237' title='bbox 433 3703 489 3769; x_wconf 90' lang='lat' dir='ltr'>illa</span> <span class='ocrx_word' id='word_1_238' title='bbox 511 3707 662 3788; x_wconf 88' lang='lat' dir='ltr'>possunt:</span> <span class='ocrx_word' id='word_1_239' title='bbox 698 3705 800 3790; x_wconf 91' lang='lat' dir='ltr'>quode</span> <span class='ocrx_word' id='word_1_240' title='bbox 826 3709 955 3789; x_wconf 88' lang='lat' dir='ltr'>praeter</span> <span class='ocrx_word' id='word_1_241' title='bbox 982 3705 1062 3771; x_wconf 84' lang='lat' dir='ltr'>alios</span> <span class='ocrx_word' id='word_1_242' title='bbox 1084 3706 1258 3790; x_wconf 85' lang='lat' dir='ltr'>prudenter</span> <span class='ocrx_word' id='word_1_243' title='bbox 1279 3727 1383 3789; x_wconf 86' lang='lat' dir='ltr'>nuper</span> 
     </span>
     <span class='ocr_line' id='line_1_32' title="bbox 240 3809 1382 3902; baseline 0.003 -26"><span class='ocrx_word' id='word_1_244' title='bbox 240 3809 519 3879; x_wconf 84' lang='lat' dir='ltr'>aSchneidewino</span> <span class='ocrx_word' id='word_1_245' title='bbox 541 3815 699 3881; x_wconf 89' lang='lat' dir='ltr'>monitum</span> <span class='ocrx_word' id='word_1_246' title='bbox 714 3818 763 3880; x_wconf 87' lang='lat' dir='ltr'>est</span> <span class='ocrx_word' id='word_1_247' title='bbox 778 3814 922 3882; x_wconf 85' lang='lat' dir='ltr'>Ooniect.</span> <span class='ocrx_word' id='word_1_248' title='bbox 940 3816 1010 3880; x_wconf 88' lang='lat' dir='ltr'>crit.</span> <span class='ocrx_word' id='word_1_249' title='bbox 1034 3837 1066 3900; x_wconf 92' lang='lat' dir='ltr'>p.</span> <span class='ocrx_word' id='word_1_250' title='bbox 1083 3816 1124 3880; x_wconf 88' lang='grc'>87</span> <span class='ocrx_word' id='word_1_251' title='bbox 1141 3815 1212 3880; x_wconf 82' lang='grc' dir='ltr'>οοΗ.</span> <span class='ocrx_word' id='word_1_252' title='bbox 1229 3814 1280 3880; x_wconf 88' lang='grc'>89.</span> <span class='ocrx_word' id='word_1_253' title='bbox 1314 3813 1382 3902; x_wconf 90' lang='lat' dir='ltr'>[Vi-</span> 
     </span>
     <span class='ocr_line' id='line_1_33' title="bbox 239 3923 1380 4010; baseline 0.004 -25"><span class='ocrx_word' id='word_1_254' title='bbox 239 3923 308 3987; x_wconf 84' lang='lat' dir='ltr'>tam</span> <span class='ocrx_word' id='word_1_255' title='bbox 329 3923 450 4007; x_wconf 85' lang='lat' dir='ltr'>Aesopi</span> <span class='ocrx_word' id='word_1_256' title='bbox 472 3944 505 4007; x_wconf 92' lang='grc' dir='ltr'>Ρ.</span> <span class='ocrx_word' id='word_1_257' title='bbox 528 3925 581 4008; x_wconf 86' lang='grc'>46,</span> <span class='ocrx_word' id='word_1_258' title='bbox 604 3925 626 3990; x_wconf 92' lang='grc'>5</span> <span class='ocrx_word' id='word_1_259' title='bbox 649 3925 697 3990; x_wconf 87' lang='lat' dir='ltr'>ed.</span> <span class='ocrx_word' id='word_1_260' title='bbox 721 3925 894 3991; x_wconf 87' lang='lat' dir='ltr'>Westerm.</span> <span class='ocrx_word' id='word_1_261' title='bbox 918 3923 1008 3991; x_wconf 91' lang='lat' dir='ltr'>addit</span> <span class='ocrx_word' id='word_1_262' title='bbox 1030 3925 1194 3992; x_wconf 87' lang='lat' dir='ltr'>Nsuckius</span> <span class='ocrx_word' id='word_1_263' title='bbox 1216 3925 1314 4010; x_wconf 79' lang='lat' dir='ltr'>I&#39;rag.</span> <span class='ocrx_word' id='word_1_264' title='bbox 1337 3924 1380 3990; x_wconf 82' lang='lat' dir='ltr'>fr.</span> 
     </span>
    </p>
   </div>
   <div class='ocr_carea' id='block_1_6' title="bbox 239 4031 1381 4232">
    <p class='ocr_par' dir='ltr' id='par_1_19' title="bbox 239 4031 1381 4232">
     <span class='ocr_line' id='line_1_34' title="bbox 239 4031 1381 4119; baseline 0.002 -21"><span class='ocrx_word' id='word_1_265' title='bbox 239 4054 271 4116; x_wconf 93' lang='grc' dir='ltr'>Ρ.</span> <span class='ocrx_word' id='word_1_266' title='bbox 295 4031 375 4116; x_wconf 88' lang='grc'>537,</span> <span class='ocrx_word' id='word_1_267' title='bbox 399 4033 492 4098; x_wconf 89' lang='lat' dir='ltr'>simul</span> <span class='ocrx_word' id='word_1_268' title='bbox 514 4033 554 4099; x_wconf 91' lang='lat' dir='ltr'>de</span> <span class='ocrx_word' id='word_1_269' title='bbox 576 4034 746 4101; x_wconf 82' lang='lat' dir='ltr'>Sosicratis</span> <span class='ocrx_word' id='word_1_270' title='bbox 768 4035 803 4101; x_wconf 87' lang='lat' dir='ltr'>in</span> <span class='ocrx_word' id='word_1_271' title='bbox 824 4035 977 4101; x_wconf 89' lang='lat' dir='ltr'>Meinekii</span> <span class='ocrx_word' id='word_1_272' title='bbox 1006 4035 1094 4104; x_wconf 81' lang='lat' dir='ltr'>Com.</span> <span class='ocrx_word' id='word_1_273' title='bbox 1111 4035 1158 4102; x_wconf 93' lang='lat' dir='ltr'>IV</span> <span class='ocrx_word' id='word_1_274' title='bbox 1178 4057 1210 4119; x_wconf 93' lang='grc' dir='ltr'>Ρ.</span> <span class='ocrx_word' id='word_1_275' title='bbox 1226 4033 1290 4101; x_wconf 79' lang='lat'>592</span> <span class='ocrx_word' id='word_1_276' title='bbox 1311 4055 1381 4100; x_wconf 82' lang='lat' dir='ltr'>rer·</span> 
     </span>
     <span class='ocr_line' id='line_1_35' title="bbox 240 4140 547 4232; baseline 0.013 -27"><span class='ocrx_word' id='word_1_277' title='bbox 240 4140 326 4207; x_wconf 88' lang='lat' dir='ltr'>sibus</span> <span class='ocrx_word' id='word_1_278' title='bbox 349 4142 547 4232; x_wconf 83' lang='lat' dir='ltr'>admonens]</span> 
     </span>
    </p>
   </div>
   <div class='ocr_carea' id='block_1_7' title="bbox 0 0 1632 5086">
    <p class='ocr_par' dir='ltr' id='par_1_20' title="bbox 0 0 1632 5086">
     <span class='ocr_line' id='line_1_36' title="bbox 0 0 1632 5086; baseline 0 0"><span class='ocrx_word' id='word_1_279' title='bbox 0 0 1632 5086; x_wconf 95' lang='lat' dir='ltr'> </span> 
     </span>
    </p>
   </div>
  </div>
 </body>
</html>
