3254 5092
514 361 561 408 ne
584 361 676 408 mua.
700 360 803 406 anax.
827 361 870 407 ur
893 361 1109 411 1111111111.
1321 347 1380 411 153

240 516 275 578 in
299 514 512 580 Zenodoteam
535 513 640 599 potius
657 513 965 598 Callimacheamque
982 517 1120 578 aetatem
1142 539 1236 600 quam
1259 517 1379 580 1111111-

240 625 400 709 phaneam
416 625 718 708 Aristarcheamque
742 623 910 687 convenire
933 647 964 707 p.
982 624 1058 688 829:
1082 647 1157 688 nam
1179 625 1239 689 hac
1255 626 1380 690 demum

241 735 288 798 ita
317 737 514 800 convaluisse
546 734 790 819 grammaticam
824 738 855 796 et
890 733 1033 797 criticam
1066 737 1183 817 artem,
1217 739 1253 798 ut
1285 759 1380 820 quam

241 850 349 928 posset
370 845 584 930 amplissimus
600 844 827 928 exemplarium
842 847 1015 927 apparatus
1039 845 1270 928 conquirendus
1286 849 1378 911 esset.

240 957 346 1038 Atque
377 956 465 1039 prius
498 953 551 1019 ille
584 953 710 1038 quidem
744 952 932 1018 rectissime:
966 953 1058 1017 modo
1092 955 1273 1019 meminerit
1304 961 1382 1040 quot

241 1064 310 1148 ipse
332 1065 513 1149 probabiles
534 1064 700 1148 opiniones
722 1063 761 1127 de
784 1064 829 1127 eis
851 1065 944 1127 rebus
967 1064 1182 1146 proposuerit,
1212 1087 1293 1149 quae
1315 1089 1379 1132 non

241 1175 345 1258 magis
368 1179 454 1239 certo
477 1173 689 1238 demonstrari
715 1177 897 1256 potuerunt.
943 1173 1089 1236 Alterum
1112 1177 1218 1238 autem
1243 1197 1309 1239 non
1332 1199 1379 1259 e0,

241 1305 303 1368 quo
325 1285 509 1367 oportebat,
532 1283 632 1348 valet:
659 1304 735 1346 nam
757 1283 795 1346 de
819 1286 905 1346 certo
928 1283 1059 1347 consilio
1082 1283 1309 1368 Bernhardyus
1338 1287 1381 1350 lo-

242 1393 364 1478 quitur,
395 1393 434 1458 de
456 1416 493 1458 eo
521 1393 603 1477 quod
632 1415 706 1456 casu
734 1393 837 1476 magis
865 1393 1032 1457 accidisset
1053 1415 1114 1458 nec
1138 1395 1295 1477 potuisset
1316 1418 1381 1460 non

243 1503 404 1586 accidere,
436 1525 495 1567 nos
529 1503 793 1588 cogitaveramus,
848 1503 917 1566 Nec
951 1503 1036 1566 enim
1069 1503 1116 1567 illi
1132 1495 1135 1502 ⁴
1152 1507 1279 1568 tantum
1311 1508 1381 1570 usui

243 1611 449 1696 (quamquam
471 1635 511 1676 ne
534 1613 561 1676 is
583 1611 711 1696 quidem
734 1611 947 1676 aZenodotea
968 1612 1138 1695 disciplina
1161 1635 1288 1696 prorsus
1307 1615 1380 1680 alie-

241 1725 316 1808 nus)
336 1708 567 1806 'exemplarium
588 1721 824 1785 multitudinem
847 1721 985 1784 eiusdem
1007 1722 1171 1805 scriptoris
1195 1727 1381 1808 congestam

242 1830 393 1914 (linimen,
427 1833 498 1914 sed,
528 1835 563 1895 ut
591 1835 640 1895 est
668 1835 932 1913 consentaneum,
968 1835 1147 1915 coemptum
1180 1834 1221 1897 ab
1249 1836 1381 1917 utroque
1469 1865 1473 1874 ·

241 1940 424 2006 Ptolemaeo
447 1963 504 2026 per
525 1941 747 2026 longissimum
768 1962 924 2004 annomm
945 1940 1099 2024 spatium,
1129 1943 1278 2026 quicquid
1305 1945 1380 2008 scri-

241 2053 369 2134 ptorum
397 2050 590 2116 voluminum
620 2051 759 2136 undique
788 2051 921 2115 excitari
945 2050 1079 2136 cogique
1102 2053 1251 2135 potnerit.
1296 2053 1381 2128 Quos

241 2160 297 2246 qni
325 2160 434 2224 credas
462 2161 546 2225 inter
574 2160 677 2243 ipsum
706 2160 912 2244 conquirendi
939 2162 1096 2225 fervorem
1123 2161 1379 2247 diligentissime,

241 2269 318 2354 qnid
341 2269 404 2333 iam
419 2275 567 2354 paratum
583 2273 666 2334 esset
688 2291 876 2355 graecamm
890 2271 1086 2353 litterarum,
1110 2271 1184 2355 quid
1201 2273 1380 2337 etiamtum

241 2379 490 2462 desideraretur,
519 2401 762 2464 usquequaque
791 2384 947 2444 scrutatos
982 2381 1072 2443 esse?
1115 2379 1186 2444 Hoc
1213 2383 1317 2464 ipsum
1345 2387 1381 2447 ut

242 2493 503 2573 cognosceretur,
537 2489 690 2554 Zenodoti
719 2489 859 2571 demum,
893 2489 1112 2572 Lycophronis
1145 2494 1177 2554 et
1204 2491 1380 2568 Alexandri

240 2620 355 2682 opera,
379 2599 516 2663 maxime
539 2604 646 2663 autem
668 2599 856 2665 Callimachi
878 2599 986 2662 labore
1014 2599 1159 2663 effectum
1183 2605 1240 2664 est.
1286 2601 1380 2665 Prae·

240 2713 330 2772 terea
353 2731 424 2772 cum
446 2709 484 2772 de
507 2716 620 2788 inperii
639 2730 763 2773 numero
783 2715 929 2774 librorum
952 2732 971 2772 a
994 2715 1170 2774 Ptolemaeis
1194 2715 1314 2788 repens
1336 2720 1382 2776 vel

240 2826 409 2897 conquisito
442 2827 497 2884 acl
529 2823 704 2906 consecto
732 2818 853 2884 Gellius
880 2817 942 2901 Vl,
974 2820 1012 2884 17
1046 2819 1200 2903 loquitur,
1234 2843 1310 2886 num
1342 2823 1380 2886 de

241 2927 314 2992 aliis
335 2951 429 3012 quam
449 2928 651 3012 transcriptis
673 2928 905 3011 exemplaribus
922 2928 1128 3014 cogitandum
1144 2930 1215 2994 est?
1234 2931 1380 3014 qualibus

240 3037 368 3122 quidem
390 3038 565 3102 studiorum
587 3038 808 3102 instrumentis
829 3037 917 3102 nullo
939 3039 1031 3102 modo
1060 3061 1167 3103 carere
1189 3040 1239 3103 vel
1267 3040 1380 3106 docen-

240 3148 323 3210 tium
349 3147 601 3231 discentiumque
628 3147 663 3210 in
685 3147 795 3211 Museo
822 3139 991 3231 disciplina
1018 3149 1123 3232 potuit
1150 3151 1199 3214 vel
1229 3152 1379 3233 privatim

239 3257 465 3322 meditantium
488 3261 520 3320 et
543 3256 826 3321 commentantium
849 3257 1015 3322 industria.
1061 3258 1178 3334 Quodsi
1206 3261 1379 3326 multitudi-
1398 3277 1431 3323 so

240 3367 293 3431 nis
315 3367 499 3431 vastitatem
526 3366 700 3430 demiratur
722 3365 964 3451 Bernhardyus,
993 3389 1058 3432 non
1086 3369 1164 3432 satis
1190 3371 1379 3454 pensitasse,

240 3499 323 3562 quae
345 3477 452 3540 dedita
473 3497 570 3559 opera
593 3476 843 3558 enucleavimus,
867 3476 1000 3541 videtur.
1044 3478 1185 3544 Primum
1208 3481 1293 3543 enim
1314 3503 1381 3546 non

240 3589 292 3652 eat
313 3587 430 3650 nullius
453 3585 618 3670 pondera,
642 3586 724 3670 qnod
748 3585 904 3650 cumillis
927 3588 1083 3671 numeris,
1111 3611 1242 3672 quorum
1264 3611 1380 3654 memo-

239 3697 323 3760 riam
351 3718 368 3760 e
397 3695 584 3762 Callimachi
612 3696 796 3760 testimonio
828 3699 1040 3781 propagatam
1070 3697 1200 3762 Taetzes
1230 3700 1378 3782 servavit,

240 3827 411 3889 eorumque
438 3809 548 3869 mutua
582 3806 706 3870 ratione
739 3804 872 3870 mirifice
906 3812 1086 3891 congruunt
1112 3811 1312 3892 quotcunque
1330 3810 1381 3872 ab

240 3915 313 3979 aliis
341 3915 548 3998 scriptoribus
577 3915 655 3979 certi
688 3916 811 3979 numeri
844 3917 1048 3999 quantumvis
1081 3918 1165 3981 inter
1197 3940 1232 3981 se
1263 3917 1379 3982 diversi

240 4024 360 4109 proditi
380 4027 469 4088 sunt:
492 4025 593 4109 quode
609 4025 797 4108 explicatius
818 4025 936 4089 dictum
953 4025 1037 4090 Bibl.
1054 4027 1107 4090 Al.
1124 4050 1155 4110 p.
1172 4028 1210 4090 31
1230 4025 1293 4114 [27]
1310 4049 1378 4111 sqq.

240 4133 366 4198 Deinde
389 4139 495 4198 autem
517 4134 775 4218 praetermissum
796 4134 953 4218 dolemus,
978 4138 1061 4220 quod
1084 4137 1235 4219 exemplis
1259 4140 1291 4200 et
1312 4139 1379 4221 plu-

235 4242 331 4307 'rimis
353 4247 385 4308 et
406 4244 445 4308 de
467 4243 636 4328 multiplici
660 4264 777 4328 genere
803 4245 912 4327 petitis
935 4249 968 4309 et
991 4267 1029 4309 ex
1057 4249 1148 4330 parte
1175 4246 1267 4310 valde
1290 4251 1380 4311 nota-

238 4352 358 4418 bilibus
400 4357 494 4438 atque
530 4354 572 4418 ad
613 4353 865 4438 persuadendum
902 4355 1056 4437 appositis
1094 4355 1380 4422 demonstravimus
