3272 5088
262 351 326 416 466
732 368 779 418 oa
801 368 949 420 narsus

263 539 494 621 transcribere,
524 539 599 623 quia
637 538 771 604 Mnasea
805 540 1006 630 potissimum
1039 561 1082 604 an
1115 540 1244 624 Marsya
1277 543 1406 605 auctora

264 649 344 714 haec
372 653 544 714 narrentur
571 650 757 735 ambiguum
779 653 837 714 est.
891 649 1091 734 Quamquam
1112 649 1283 734 habemus,
1310 672 1406 714 cura

263 760 397 824 Mnasea
418 761 523 844 potius
545 760 723 844 prolectam
745 761 860 824 miram
883 782 920 825 ac
942 761 1138 847 singularem
1160 760 1249 825 illam
1276 760 1406 825 fabulae

262 869 399 935 formam
426 871 606 955 credamus,
635 847 716 956 quae
745 871 886 936 comitur
912 871 947 935 in
970 871 1098 936 Siciliae
1125 870 1304 954 mentione,
1335 893 1406 936 cum

264 982 467 1046 consentiens
494 1003 555 1046 vox
584 981 786 1066 antiquitatis
816 981 859 1045 sit
885 981 924 1045 de
947 981 1039 1065 Epiri
1061 984 1094 1046 et
1115 1003 1192 1066 rege
1219 980 1343 1046 Echeto
1373 985 1406 1044 et

262 1091 340 1155 urbe
363 1093 524 1172 Βούχετος
545 1092 597 1156 νο]
620 1094 793 1172 Βουχέτιον
821 1090 918 1176 (ηιιοιί
941 1089 1092 1156 Straboni
1114 1091 1188 1174 VII,
1206 1092 1273 1174 I‚5
1294 1113 1326 1174 p.
1343 1091 1406 1156 324

262 1199 334 1266 Cas.
358 1201 553 1266 reddendum
577 1198 621 1286 [et
643 1222 729 1266 nunc
751 1199 921 1288 redditum]
945 1223 1004 1285 pro
1026 1202 1230 1286 Βουχαίτιον)
1253 1201 1303 1265 vel
1326 1202 1404 1266 Βού-

261 1331 348 1390 χετα.
361 1310 392 1396 *λ
436 1311 485 1375 De
507 1312 601 1376 rebus
623 1315 730 1376 autem
752 1311 927 1396 Epiroticis
955 1312 1015 1376 etsi
1044 1311 1079 1375 in
1101 1312 1166 1375 suis
1188 1310 1404 1375 Macedonicis

261 1420 293 1484 h.
310 1442 338 1485 e.
361 1421 396 1485 in
416 1421 606 1505 Philippicis
620 1421 861 1505 Theopompum
883 1421 1010 1505 scimus,
1033 1422 1116 1485 libro
1138 1420 1265 1504 quidem
1287 1419 1403 1502 XLIII,

262 1530 369 1594 dedita
391 1552 488 1615 opera
511 1532 703 1616 exposuisse,
727 1532 766 1595 de
788 1554 849 1616 quo
871 1532 943 1596 vide
965 1531 1180 1595 Wiohersium
1202 1553 1235 1614 p.
1252 1530 1316 1595 240
1334 1551 1402 1614 sqq.

261 1640 495 1724 disputantem:
522 1645 632 1705 tamen
654 1641 686 1705 id
708 1663 775 1706 non
797 1642 891 1724 fecIt,
919 1640 1003 1725 quod
1029 1641 1104 1705 illae
1130 1641 1310 1706 necessario
1334 1661 1404 1704 cum

261 1750 472 1817 Macedonum
493 1750 628 1816 historia
649 1752 777 1817 vinculo
799 1751 1055 1834 continerentur,
1080 1751 1134 1815 sed
1157 1752 1232 1835 quia
1256 1751 1404 1835 ingenita

261 1860 367 1924 indole
389 1862 505 1926 nimius
527 1862 589 1925 fuit
611 1862 830 1945 exspatiandO,
855 1862 887 1926 id
908 1861 990 1945 quod
1010 1883 1077 1926 nou
1095 1861 1174 1926 item
1195 1861 1403 1944 comperimus

261 1970 297 2033 in
319 1970 482 2056 Marsyam
505 1971 628 2036 cadere.

346 2079 463 2164 (XXV.
487 2081 610 2166 XXVI)
640 2081 778 2146 Restant
799 2081 861 2146 duo
882 2081 1067 2168 fragmenta
1085 2082 1132 2146 ab
1146 2081 1402 2166 Harpocratione

261 2193 403 2273 servata,
433 2191 472 2254 de
500 2191 613 2275 quibus
643 2191 734 2256 valde
767 2192 954 2276 impeditum
981 2195 1030 2256 est
1057 2192 1229 2257 iudicium:
1267 2192 1403 2256 alterum

261 2323 291 2364 v.
315 2301 525 2382 Ἀριςτίινν·
547 2303 719 2383 Ὑπερίδης
741 2305 820 2369 κατὰ
837 2304 1073 2383 Δημοςθένους.
1097 2301 1194 2369 οὗτος
1209 2303 1323 2381 (άμιος
1345 2303 1402 2383 μέν

260 2412 343 2478 ἐςτιν
364 2413 595 2492 ἢΠλαταιειίς,
619 2413 666 2478 ὼς
681 2414 821 2478 Δίυλλός
843 2434 955 2500 φηςιν,
980 2413 1015 2478 ἐκ
1035 2412 1256 2492 μειρακυλλίου
1278 2414 1306 2478 δ’
1321 2412 1402 2478 ἑταί-

260 2543 318 2602 ρος
329 2523 573 2602 Δημοςθένους·
595 2524 741 2604 ἐπέμφθη
757 2525 786 2588 δ’
797 2523 851 2588 ὑπ’
863 2523 963 2588 αὐτοῦ
978 2523 1060 2602 πρὸς
1072 2523 1288 2603 Ήφαιςτίωνα
1310 2523 1403 2587 ἕνεκα

260 2633 517 2718 διαλλαγῶν**),
549 2633 594 2698 ὥς
621 2655 695 2714 φηςι
724 2632 907 2713 Μοιρςιίας
940 2633 980 2697 ἐν
1005 2634 1167 2717 πέμπτῳ
1199 2639 1275 2698 τῶν
1311 2632 1399 2710 περὶ

261 2744 537 2824 Ἀλέξανδρονι
559 2743 694 2806 alterum
711 2766 741 2806 ν.
758 2742 979 2822 Μαργίτης·
1075 2743 1126 2807 καί
1148 2743 1332 2822 Μαρςιίας
1358 2743 1399 2806 ἐν
1466 2772 1469 2778 ·

259 2853 421 2938 πέμπτῳ
451 2857 528 2920 τῶν
554 2854 642 2932 περὶ
670 2853 929 2931 Ἀλεξάνδρου
960 2852 1077 2932 ἱςτορεῑ
1104 2854 1209 2929 λέγων
1237 2852 1401 2932 Μαργίτην

261 2961 325 3026 ὑπὸ
340 2962 568 3042 Δημοςθένους
589 2966 746 3028 καλεῖςθαι
766 2964 824 3027 τὸν
842 2964 1063 3042 Ἀλέξανδρον.
1101 2961 1300 3045 Scripbrram
1321 2961 1399 3024 bina

259 3071 444 3138 testimonia
470 3071 607 3136 invicem
634 3075 780 3154 tuentur,
810 3071 932 3136 necde
955 3071 1134 3136 semoveri
1162 3071 1321 3136 dubitatio
1342 3093 1398 3154 po-

259 3184 334 3265 test,
358 3185 581 3266 praeterquam
604 3181 686 3266 quod
709 3183 782 3261 περὶ
797 3183 1009 3260 Ἀλέξανδρον
1024 3181 1144 3244 usitata
1159 3180 1268 3245 hocin
1283 3201 1401 3265 genere

146 3286 151 3296 ’
260 3295 309 3356 cst
336 3292 484 3377 loquendi
511 3292 630 3356 forma:
665 3291 767 3375 quode
794 3290 866 3355 vida
894 3289 1189 3376 Schweighaeuseri
1217 3289 1339 3354 indices
1367 3289 1402 3352 in

260 3401 464 3466 Athenaeum
485 3425 518 3486 p.
539 3402 607 3466 100.
643 3401 724 3465 Rem
747 3403 853 3464 autem
875 3422 933 3485 per
948 3403 1056 3484 partes
1078 3401 1246 3484 utrobique
1268 3398 1402 3464 eandem

328 3690 352 3760 ⁴⁸)
372 3687 467 3758 [Solos
487 3691 613 3756 Βούχετα
631 3690 660 3742 et
678 3688 826 3754 Βουχέτιον
844 3688 948 3741 formas
966 3689 1041 3742 recte
1059 3689 1091 3741 ut
1107 3686 1216 3742 videtur
1235 3689 1301 3756 post
1317 3685 1402 3739 Eber-

260 3784 320 3836 tum
340 3782 456 3836 Dissert.
482 3779 562 3835 Sicul.
583 3781 640 3850 Ip.
657 3787 702 3834 109
721 3779 752 3834 G.
767 3779 925 3833 Dindorfius
942 3779 1046 3849 probat
1063 3779 1199 3848 Thesauri
1216 3779 1241 3832 Π
1258 3798 1285 3849 ρ.
1297 3785 1346 3834 382
1359 3795 1400 3844 sq.

261 3873 382 3928 Siculam
404 3875 498 3930 autem
522 3875 660 3941 Βούχετος
684 3873 782 3927 urbem
805 3872 840 3927 de
858 3872 949 3926 medio
967 3871 1066 3927 tollere
1090 3872 1339 3942 stinatianam
1362 3869 1401 3924 sic

261 3968 392 4023 correctis
411 3967 577 4022 scholiastae
600 3965 692 4020 verbis
714 3983 864 4036 aggressus
888 3969 944 4020 est:
972 3965 1084 4032 Ἔχετος
1101 3968 1139 4032 ἠν
1157 3968 1208 4033 μὲν
1225 3967 1285 4020 υίὸς
1304 3964 1402 4030 Βουχέ·

260 4078 326 4116 του·
347 4063 405 4115 ἀπ’
422 4061 559 4116 ἐκείνου
578 4063 622 4114 καί
640 4061 671 4114 έν
690 4058 799 4128 (ικελίᾳ
817 4061 898 4114 πόλις
919 4058 1057 4126 Ἐχέτλα
1075 4062 1209 4114 καλεῖται,
1221 4088 1253 4097 -
1272 4056 1401 4112 Ceterum

261 4156 338 4222 παρὰ
356 4154 469 4224 Μναςέᾳ
486 4157 504 4221 ἢ
523 4154 642 4222 Μαρςιίᾳ
660 4152 778 4206 comecit
794 4151 943 4206 Muellerus
960 4169 987 4220 p.
1002 4153 1054 4220 aa]

311 4290 351 4358 **)
377 4289 516 4358 [Resectis
539 4287 706 4343 testimoniis
730 4287 827 4342 eadem
851 4287 938 4343 habet
960 4287 1118 4354 (υναγιογη
1137 4287 1242 4341 λέξεων
1260 4285 1402 4354 χρηςίμιιιν

260 4400 286 4453 p.
300 4387 359 4450 441,
374 4389 404 4436 16
416 4382 502 4436 ΒολιΙι.
525 4389 579 4448 1⁴3,
595 4387 624 4436 to
636 4381 760 4446 Bachm.,
777 4379 830 4434 nisi
848 4381 923 4448 quod
940 4380 980 4434 ibi
997 4381 1144 4450 peccatum
1156 4381 1200 4434 est
1218 4379 1401 4447 Ἀριςταίιυν.]
