<?xml version="1.0" encoding="UTF-8"?>
<!DOCTYPE html PUBLIC "-//W3C//DTD XHTML 1.0 Transitional//EN"
    "http://www.w3.org/TR/xhtml1/DTD/xhtml1-transitional.dtd">
<html xmlns="http://www.w3.org/1999/xhtml" xml:lang="en" lang="en">
 <head>
  <title>
</title>
<meta http-equiv="Content-Type" content="text/html;charset=utf-8" />
  <meta name='ocr-system' content='tesseract 3.04.00' />
  <meta name='ocr-capabilities' content='ocr_page ocr_carea ocr_par ocr_line ocrx_word'/>
</head>
<body>
  <div class='ocr_page' id='page_1' title='image "./fridericiritsch11wachgoog_0731.png"; bbox 0 0 3184 5100; ppageno 0'>
   <div class='ocr_carea' id='block_1_1' title="bbox 276 310 1023 374">
    <p class='ocr_par' dir='ltr' id='par_1_1' title="bbox 276 310 1023 374">
     <span class='ocr_line' id='line_1_1' title="bbox 276 310 1023 374; baseline -0.005 0"><span class='ocrx_word' id='word_1_1' title='bbox 276 310 338 374; x_wconf 77' lang='lat'>708</span> <span class='ocrx_word' id='word_1_2' title='bbox 667 325 828 373; x_wconf 73' lang='lat' dir='ltr'>schanan</span> <span class='ocrx_word' id='word_1_3' title='bbox 850 323 1023 372; x_wconf 73' lang='lat' dir='ltr'>camera.</span> 
     </span>
    </p>
   </div>
   <div class='ocr_carea' id='block_1_2' title="bbox 186 473 1535 4184">
    <p class='ocr_par' dir='ltr' id='par_1_2' title="bbox 186 473 1535 4184">
     <span class='ocr_line' id='line_1_2' title="bbox 274 473 1410 562; baseline -0.004 -19"><span class='ocrx_word' id='word_1_4' title='bbox 274 500 410 562; x_wconf 87' lang='lat' dir='ltr'>quocum</span> <span class='ocrx_word' id='word_1_5' title='bbox 434 476 583 541; x_wconf 90' lang='lat' dir='ltr'>convenit</span> <span class='ocrx_word' id='word_1_6' title='bbox 605 477 666 562; x_wconf 90' lang='lat' dir='ltr'>ipsi</span> <span class='ocrx_word' id='word_1_7' title='bbox 694 477 833 542; x_wconf 83' lang='lat' dir='ltr'>Eusebio</span> <span class='ocrx_word' id='word_1_8' title='bbox 856 475 997 542; x_wconf 80' lang='lat' dir='ltr'>Carrenis</span> <span class='ocrx_word' id='word_1_9' title='bbox 1021 475 1130 540; x_wconf 86' lang='lat' dir='ltr'>chron.</span> <span class='ocrx_word' id='word_1_10' title='bbox 1154 475 1217 539; x_wconf 87' lang='lat' dir='ltr'>vol.</span> <span class='ocrx_word' id='word_1_11' title='bbox 1240 473 1273 538; x_wconf 94' lang='lat' dir='ltr'>II</span> <span class='ocrx_word' id='word_1_12' title='bbox 1295 496 1326 559; x_wconf 92' lang='lat' dir='ltr'>p.</span> <span class='ocrx_word' id='word_1_13' title='bbox 1352 474 1410 538; x_wconf 81' lang='lat'>169</span> 
     </span>
     <span class='ocr_line' id='line_1_3' title="bbox 275 585 1410 673; baseline -0.004 -21"><span class='ocrx_word' id='word_1_14' title='bbox 275 589 325 652; x_wconf 87' lang='lat' dir='ltr'>vel</span> <span class='ocrx_word' id='word_1_15' title='bbox 354 588 438 671; x_wconf 87' lang='lat' dir='ltr'>apud</span> <span class='ocrx_word' id='word_1_16' title='bbox 467 586 665 673; x_wconf 69' lang='lat' dir='ltr'>scaligerum</span> <span class='ocrx_word' id='word_1_17' title='bbox 691 610 723 672; x_wconf 92' lang='lat' dir='ltr'>p.</span> <span class='ocrx_word' id='word_1_18' title='bbox 749 587 820 652; x_wconf 79' lang='lat'>147.</span> <span class='ocrx_word' id='word_1_19' title='bbox 871 585 1013 650; x_wconf 91' lang='lat' dir='ltr'>Primum</span> <span class='ocrx_word' id='word_1_20' title='bbox 1041 586 1141 671; x_wconf 82' lang='lat' dir='ltr'>igitur</span> <span class='ocrx_word' id='word_1_21' title='bbox 1168 586 1210 651; x_wconf 89' lang='lat' dir='ltr'>ab</span> <span class='ocrx_word' id='word_1_22' title='bbox 1239 587 1410 650; x_wconf 86' lang='lat' dir='ltr'>Alcamene</span> 
     </span>
     <span class='ocr_line' id='line_1_4' title="bbox 275 695 1409 780; baseline -0.004 -18"><span class='ocrx_word' id='word_1_23' title='bbox 275 697 426 762; x_wconf 84' lang='lat' dir='ltr'>credibile</span> <span class='ocrx_word' id='word_1_24' title='bbox 449 701 497 762; x_wconf 87' lang='lat' dir='ltr'>est</span> <span class='ocrx_word' id='word_1_25' title='bbox 519 697 753 780; x_wconf 72' lang='lat' dir='ltr'>expeditionem</span> <span class='ocrx_word' id='word_1_26' title='bbox 774 697 864 760; x_wconf 89' lang='lat' dir='ltr'>illam</span> <span class='ocrx_word' id='word_1_27' title='bbox 886 699 961 760; x_wconf 87' lang='lat' dir='ltr'>ante</span> <span class='ocrx_word' id='word_1_28' title='bbox 983 696 1101 780; x_wconf 87' lang='lat' dir='ltr'><strong>olymp.</strong></span> <span class='ocrx_word' id='word_1_29' title='bbox 1123 695 1170 759; x_wconf 88' lang='lat' dir='ltr'>IX</span> <span class='ocrx_word' id='word_1_30' title='bbox 1193 717 1314 760; x_wconf 88' lang='lat' dir='ltr'>annum</span> <span class='ocrx_word' id='word_1_31' title='bbox 1336 695 1409 758; x_wconf 90' lang='lat' dir='ltr'>alte·</span> 
     </span>
     <span class='ocr_line' id='line_1_5' title="bbox 274 805 1410 891; baseline -0.004 -20"><span class='ocrx_word' id='word_1_32' title='bbox 274 829 345 871; x_wconf 91' lang='lat' dir='ltr'>rum</span> <span class='ocrx_word' id='word_1_33' title='bbox 373 829 440 872; x_wconf 85' lang='lat' dir='ltr'>esse</span> <span class='ocrx_word' id='word_1_34' title='bbox 467 805 663 891; x_wconf 81' lang='lat' dir='ltr'>susceptam,</span> <span class='ocrx_word' id='word_1_35' title='bbox 694 806 848 891; x_wconf 84' lang='lat' dir='ltr'>siquidem</span> <span class='ocrx_word' id='word_1_36' title='bbox 877 808 1126 871; x_wconf 87' lang='lat' dir='ltr'>consentaneum</span> <span class='ocrx_word' id='word_1_37' title='bbox 1156 809 1205 870; x_wconf 88' lang='lat' dir='ltr'>est</span> <span class='ocrx_word' id='word_1_38' title='bbox 1232 805 1410 870; x_wconf 86' lang='lat' dir='ltr'>existimare</span> 
     </span>
     <span class='ocr_line' id='line_1_6' title="bbox 274 915 1408 982; baseline -0.005 0"><span class='ocrx_word' id='word_1_39' title='bbox 274 939 334 982; x_wconf 90' lang='lat' dir='ltr'>nec</span> <span class='ocrx_word' id='word_1_40' title='bbox 356 917 624 982; x_wconf 85' lang='lat' dir='ltr'>Lacedaemonios</span> <span class='ocrx_word' id='word_1_41' title='bbox 652 917 738 982; x_wconf 91' lang='lat' dir='ltr'>inter</span> <span class='ocrx_word' id='word_1_42' title='bbox 760 915 879 982; x_wconf 88' lang='lat' dir='ltr'>medios</span> <span class='ocrx_word' id='word_1_43' title='bbox 901 915 978 980; x_wconf 90' lang='lat' dir='ltr'>belli</span> <span class='ocrx_word' id='word_1_44' title='bbox 1000 915 1191 980; x_wconf 89' lang='lat' dir='ltr'>Messeniaci</span> <span class='ocrx_word' id='word_1_45' title='bbox 1213 916 1339 980; x_wconf 87' lang='lat' dir='ltr'>labores</span> <span class='ocrx_word' id='word_1_46' title='bbox 1361 915 1408 978; x_wconf 86' lang='lat' dir='ltr'>vel</span> 
     </span>
     <span class='ocr_line' id='line_1_7' title="bbox 273 1025 1409 1110; baseline -0.003 -19"><span class='ocrx_word' id='word_1_47' title='bbox 273 1029 409 1092; x_wconf 87' lang='lat' dir='ltr'>voluisse</span> <span class='ocrx_word' id='word_1_48' title='bbox 432 1028 495 1092; x_wconf 89' lang='lat' dir='ltr'>alio</span> <span class='ocrx_word' id='word_1_49' title='bbox 517 1027 615 1092; x_wconf 88' lang='lat' dir='ltr'>etiam</span> <span class='ocrx_word' id='word_1_50' title='bbox 637 1027 720 1091; x_wconf 90' lang='lat' dir='ltr'>bello</span> <span class='ocrx_word' id='word_1_51' title='bbox 743 1026 863 1110; x_wconf 86' lang='lat' dir='ltr'>illigari</span> <span class='ocrx_word' id='word_1_52' title='bbox 885 1026 934 1090; x_wconf 86' lang='lat' dir='ltr'>vel</span> <span class='ocrx_word' id='word_1_53' title='bbox 957 1025 1108 1109; x_wconf 83' lang='lat' dir='ltr'>potuisse,</span> <span class='ocrx_word' id='word_1_54' title='bbox 1132 1047 1192 1089; x_wconf 90' lang='lat' dir='ltr'>nec</span> <span class='ocrx_word' id='word_1_55' title='bbox 1207 1025 1409 1105; x_wconf 78' lang='lat' dir='ltr'>Pausaniam,</span> 
     </span>
     <span class='ocr_line' id='line_1_8' title="bbox 274 1134 1411 1222; baseline -0.004 -22"><span class='ocrx_word' id='word_1_56' title='bbox 274 1137 555 1222; x_wconf 84' lang='lat' dir='ltr'>diligentissimum</span> <span class='ocrx_word' id='word_1_57' title='bbox 577 1136 847 1202; x_wconf 88' lang='lat' dir='ltr'>Messeniacorum</span> <span class='ocrx_word' id='word_1_58' title='bbox 868 1135 1024 1200; x_wconf 88' lang='lat' dir='ltr'>bellorum</span> <span class='ocrx_word' id='word_1_59' title='bbox 1046 1139 1262 1218; x_wconf 76' lang='lat' dir='ltr'>narratorem,</span> <span class='ocrx_word' id='word_1_60' title='bbox 1286 1134 1411 1198; x_wconf 88' lang='lat' dir='ltr'>silentio</span> 
     </span>
     <span class='ocr_line' id='line_1_9' title="bbox 273 1244 1410 1348; baseline -0.001 -39"><span class='ocrx_word' id='word_1_61' title='bbox 273 1247 371 1310; x_wconf 86' lang='lat' dir='ltr'>fuisse</span> <span class='ocrx_word' id='word_1_62' title='bbox 393 1248 705 1331; x_wconf 81' lang='lat' dir='ltr'>praetermissrnum,</span> <span class='ocrx_word' id='word_1_63' title='bbox 735 1246 773 1348; x_wconf 60' lang='lat' dir='ltr'>si</span> <span class='ocrx_word' id='word_1_64' title='bbox 785 1267 846 1330; x_wconf 93' lang='lat' dir='ltr'>quo</span> <span class='ocrx_word' id='word_1_65' title='bbox 869 1247 1044 1310; x_wconf 74' lang='lat' dir='ltr'>certamine</span> <span class='ocrx_word' id='word_1_66' title='bbox 1066 1244 1265 1309; x_wconf 87' lang='lat' dir='ltr'>memorabili</span> <span class='ocrx_word' id='word_1_67' title='bbox 1287 1244 1410 1308; x_wconf 87' lang='lat' dir='ltr'>illorum</span> 
     </span>
     <span class='ocr_line' id='line_1_10' title="bbox 273 1357 792 1441; baseline 0.004 -23"><span class='ocrx_word' id='word_1_68' title='bbox 273 1361 358 1421; x_wconf 86' lang='lat' dir='ltr'>esset</span> <span class='ocrx_word' id='word_1_69' title='bbox 378 1358 575 1441; x_wconf 77' lang='lat' dir='ltr'>perpetuitas</span> <span class='ocrx_word' id='word_1_70' title='bbox 598 1357 792 1421; x_wconf 84' lang='lat' dir='ltr'>intermissa.</span> 
     </span>
     <span class='ocr_line' id='line_1_11' title="bbox 357 1466 1409 1552; baseline -0.001 -22"><span class='ocrx_word' id='word_1_71' title='bbox 357 1467 460 1532; x_wconf 92' lang='lat' dir='ltr'>Multo</span> <span class='ocrx_word' id='word_1_72' title='bbox 483 1472 590 1532; x_wconf 86' lang='lat' dir='ltr'>autem</span> <span class='ocrx_word' id='word_1_73' title='bbox 613 1468 742 1552; x_wconf 81' lang='lat' dir='ltr'>gravius</span> <span class='ocrx_word' id='word_1_74' title='bbox 765 1466 844 1530; x_wconf 89' lang='lat' dir='ltr'>illud</span> <span class='ocrx_word' id='word_1_75' title='bbox 866 1470 925 1549; x_wconf 87' lang='lat' dir='ltr'>est,</span> <span class='ocrx_word' id='word_1_76' title='bbox 949 1468 986 1530; x_wconf 86' lang='lat' dir='ltr'>ut</span> <span class='ocrx_word' id='word_1_77' title='bbox 1000 1487 1170 1550; x_wconf 81' lang='lat' dir='ltr'>quemnam</span> <span class='ocrx_word' id='word_1_78' title='bbox 1193 1466 1344 1531; x_wconf 82' lang='lat' dir='ltr'>habuerit</span> <span class='ocrx_word' id='word_1_79' title='bbox 1358 1466 1409 1529; x_wconf 85' lang='lat' dir='ltr'>Al-</span> 
     </span>
     <span class='ocr_line' id='line_1_12' title="bbox 186 1575 1410 1661; baseline 0.004 -26"><span class='ocrx_word' id='word_1_80' title='bbox 186 1627 190 1635; x_wconf 93' lang='lat'>.</span> <span class='ocrx_word' id='word_1_81' title='bbox 274 1599 422 1641; x_wconf 85' lang='lat' dir='ltr'>camenas</span> <span class='ocrx_word' id='word_1_82' title='bbox 444 1578 537 1642; x_wconf 88' lang='lat' dir='ltr'>huius</span> <span class='ocrx_word' id='word_1_83' title='bbox 560 1575 772 1661; x_wconf 87' lang='lat' dir='ltr'>expeditionis</span> <span class='ocrx_word' id='word_1_84' title='bbox 794 1576 925 1659; x_wconf 88' lang='lat' dir='ltr'>socium,</span> <span class='ocrx_word' id='word_1_85' title='bbox 949 1597 1148 1661; x_wconf 90' lang='lat' dir='ltr'>quaeramus.</span> <span class='ocrx_word' id='word_1_86' title='bbox 1180 1575 1305 1642; x_wconf 84' lang='lat' dir='ltr'>Scimus</span> <span class='ocrx_word' id='word_1_87' title='bbox 1328 1577 1410 1640; x_wconf 89' lang='lat' dir='ltr'>enim</span> 
     </span>
     <span class='ocr_line' id='line_1_13' title="bbox 273 1687 1535 1770; baseline -0.001 -20"><span class='ocrx_word' id='word_1_88' title='bbox 273 1687 358 1770; x_wconf 89' lang='lat' dir='ltr'>apud</span> <span class='ocrx_word' id='word_1_89' title='bbox 385 1687 653 1752; x_wconf 87' lang='lat' dir='ltr'>Lacedaemonios</span> <span class='ocrx_word' id='word_1_90' title='bbox 681 1709 769 1751; x_wconf 88' lang='lat' dir='ltr'>more</span> <span class='ocrx_word' id='word_1_91' title='bbox 795 1687 893 1750; x_wconf 86' lang='lat' dir='ltr'>fuisse</span> <span class='ocrx_word' id='word_1_92' title='bbox 915 1690 1096 1769; x_wconf 82' lang='lat' dir='ltr'>receptum,</span> <span class='ocrx_word' id='word_1_93' title='bbox 1128 1690 1165 1750; x_wconf 91' lang='lat' dir='ltr'>ut</span> <span class='ocrx_word' id='word_1_94' title='bbox 1191 1709 1233 1751; x_wconf 92' lang='lat' dir='ltr'>ne</span> <span class='ocrx_word' id='word_1_95' title='bbox 1260 1688 1411 1751; x_wconf 84' lang='lat' dir='ltr'>alteruter</span> <span class='ocrx_word' id='word_1_96' title='bbox 1534 1719 1535 1740; x_wconf 47' lang='lat' dir='ltr'>r</span> 
     </span>
     <span class='ocr_line' id='line_1_14' title="bbox 272 1791 1535 1881; baseline 0.001 -23"><span class='ocrx_word' id='word_1_97' title='bbox 272 1817 328 1860; x_wconf 90' lang='lat' dir='ltr'>rex</span> <span class='ocrx_word' id='word_1_98' title='bbox 350 1796 386 1861; x_wconf 91' lang='lat' dir='ltr'>in</span> <span class='ocrx_word' id='word_1_99' title='bbox 408 1797 527 1861; x_wconf 89' lang='lat' dir='ltr'>bellum</span> <span class='ocrx_word' id='word_1_100' title='bbox 549 1797 804 1881; x_wconf 86' lang='lat' dir='ltr'>proficisceretur</span> <span class='ocrx_word' id='word_1_101' title='bbox 825 1791 1037 1861; x_wconf 75' lang='lat' dir='ltr'>solusz&#39;ouius</span> <span class='ocrx_word' id='word_1_102' title='bbox 1058 1797 1105 1862; x_wconf 90' lang='lat' dir='ltr'>rei</span> <span class='ocrx_word' id='word_1_103' title='bbox 1128 1796 1319 1861; x_wconf 79' lang='lat' dir='ltr'>documento</span> <span class='ocrx_word' id='word_1_104' title='bbox 1343 1817 1408 1861; x_wconf 88' lang='lat' dir='ltr'>cunr</span> <span class='ocrx_word' id='word_1_105' title='bbox 1534 1873 1535 1878; x_wconf 8' lang='grc' dir='ltr'>γ</span> 
     </span>
     <span class='ocr_line' id='line_1_15' title="bbox 272 1905 1410 1991; baseline -0.002 -21"><span class='ocrx_word' id='word_1_106' title='bbox 272 1905 426 1970; x_wconf 87' lang='lat' dir='ltr'>Herodoti</span> <span class='ocrx_word' id='word_1_107' title='bbox 448 1908 546 1970; x_wconf 84' lang='lat' dir='ltr'>verba</span> <span class='ocrx_word' id='word_1_108' title='bbox 566 1911 641 1970; x_wconf 89' lang='lat' dir='ltr'>sunt</span> <span class='ocrx_word' id='word_1_109' title='bbox 656 1907 729 1970; x_wconf 88' lang='lat' dir='ltr'>libri</span> <span class='ocrx_word' id='word_1_110' title='bbox 745 1906 776 1970; x_wconf 90' lang='lat' dir='ltr'>V</span> <span class='ocrx_word' id='word_1_111' title='bbox 789 1928 859 1990; x_wconf 86' lang='lat' dir='ltr'>cap.</span> <span class='ocrx_word' id='word_1_112' title='bbox 877 1907 928 1991; x_wconf 81' lang='lat'>75,</span> <span class='ocrx_word' id='word_1_113' title='bbox 951 1910 1020 1970; x_wconf 90' lang='lat' dir='ltr'>tum</span> <span class='ocrx_word' id='word_1_114' title='bbox 1041 1907 1098 1971; x_wconf 89' lang='lat' dir='ltr'>illa</span> <span class='ocrx_word' id='word_1_115' title='bbox 1119 1906 1190 1990; x_wconf 82' lang='lat' dir='ltr'>ipsa</span> <span class='ocrx_word' id='word_1_116' title='bbox 1212 1907 1308 1989; x_wconf 87' lang='lat' dir='ltr'>bella,</span> <span class='ocrx_word' id='word_1_117' title='bbox 1332 1927 1410 1991; x_wconf 87' lang='lat' dir='ltr'>quae</span> 
     </span>
     <span class='ocr_line' id='line_1_16' title="bbox 272 2016 1410 2100; baseline 0.002 -22"><span class='ocrx_word' id='word_1_118' title='bbox 272 2016 414 2098; x_wconf 89' lang='lat' dir='ltr'>priorum</span> <span class='ocrx_word' id='word_1_119' title='bbox 435 2037 547 2100; x_wconf 82' lang='lat' dir='ltr'>regum</span> <span class='ocrx_word' id='word_1_120' title='bbox 569 2019 676 2079; x_wconf 84' lang='lat' dir='ltr'>aetate</span> <span class='ocrx_word' id='word_1_121' title='bbox 697 2017 767 2080; x_wconf 89' lang='lat' dir='ltr'>fieri</span> <span class='ocrx_word' id='word_1_122' title='bbox 788 2016 941 2082; x_wconf 84' lang='lat' dir='ltr'>videmus.</span> <span class='ocrx_word' id='word_1_123' title='bbox 979 2016 1029 2080; x_wconf 79' lang='lat' dir='ltr'>Ea</span> <span class='ocrx_word' id='word_1_124' title='bbox 1051 2017 1137 2080; x_wconf 87' lang='lat' dir='ltr'>enim</span> <span class='ocrx_word' id='word_1_125' title='bbox 1159 2017 1268 2080; x_wconf 88' lang='lat' dir='ltr'>omnia</span> <span class='ocrx_word' id='word_1_126' title='bbox 1290 2038 1309 2080; x_wconf 97' lang='lat' dir='ltr'>a</span> <span class='ocrx_word' id='word_1_127' title='bbox 1332 2016 1410 2080; x_wconf 86' lang='lat' dir='ltr'>Pau-</span> 
     </span>
     <span class='ocr_line' id='line_1_17' title="bbox 272 2125 1410 2210; baseline 0.003 -23"><span class='ocrx_word' id='word_1_128' title='bbox 272 2125 364 2188; x_wconf 86' lang='lat' dir='ltr'>sania</span> <span class='ocrx_word' id='word_1_129' title='bbox 387 2127 420 2187; x_wconf 88' lang='lat' dir='ltr'>et</span> <span class='ocrx_word' id='word_1_130' title='bbox 441 2125 475 2188; x_wconf 89' lang='lat' dir='ltr'>in</span> <span class='ocrx_word' id='word_1_131' title='bbox 499 2125 678 2210; x_wconf 79' lang='lat' dir='ltr'>Agidarum</span> <span class='ocrx_word' id='word_1_132' title='bbox 700 2130 988 2190; x_wconf 88' lang='lat' dir='ltr'>commemorantur</span> <span class='ocrx_word' id='word_1_133' title='bbox 1010 2130 1043 2189; x_wconf 94' lang='lat' dir='ltr'>et</span> <span class='ocrx_word' id='word_1_134' title='bbox 1063 2126 1099 2190; x_wconf 89' lang='lat' dir='ltr'>in</span> <span class='ocrx_word' id='word_1_135' title='bbox 1120 2125 1410 2210; x_wconf 78' lang='lat' dir='ltr'>Eurypontidarum</span> 
     </span>
     <span class='ocr_line' id='line_1_18' title="bbox 272 2213 1408 2320; baseline 0.001 -23"><span class='ocrx_word' id='word_1_136' title='bbox 272 2233 421 2318; x_wconf 80' lang='lat' dir='ltr'>historia,</span> <span class='ocrx_word' id='word_1_137' title='bbox 450 2236 497 2298; x_wconf 87' lang='lat' dir='ltr'>ita</span> <span class='ocrx_word' id='word_1_138' title='bbox 525 2239 561 2298; x_wconf 89' lang='lat' dir='ltr'>ut</span> <span class='ocrx_word' id='word_1_139' title='bbox 583 2257 602 2298; x_wconf 89' lang='lat' dir='ltr'>a</span> <span class='ocrx_word' id='word_1_140' title='bbox 625 2235 709 2298; x_wconf 89' lang='lat' dir='ltr'>binis</span> <span class='ocrx_word' id='word_1_141' title='bbox 737 2213 876 2319; x_wconf 30' lang='lat' dir='ltr'>collegis*</span> <span class='ocrx_word' id='word_1_142' title='bbox 897 2235 1025 2319; x_wconf 80' lang='lat' dir='ltr'>singula</span> <span class='ocrx_word' id='word_1_143' title='bbox 1053 2255 1121 2300; x_wconf 86' lang='lat' dir='ltr'>esse</span> <span class='ocrx_word' id='word_1_144' title='bbox 1143 2239 1236 2320; x_wconf 84' lang='lat' dir='ltr'>gesta</span> <span class='ocrx_word' id='word_1_145' title='bbox 1258 2235 1408 2300; x_wconf 84' lang='lat' dir='ltr'>declaret.</span> 
     </span>
     <span class='ocr_line' id='line_1_19' title="bbox 272 2344 1408 2429; baseline 0.003 -22"><span class='ocrx_word' id='word_1_146' title='bbox 272 2344 369 2408; x_wconf 91' lang='lat' dir='ltr'>Velut</span> <span class='ocrx_word' id='word_1_147' title='bbox 390 2348 562 2428; x_wconf 88' lang='lat' dir='ltr'>memorat,</span> <span class='ocrx_word' id='word_1_148' title='bbox 588 2348 625 2408; x_wconf 89' lang='lat' dir='ltr'>ut</span> <span class='ocrx_word' id='word_1_149' title='bbox 647 2345 800 2428; x_wconf 86' lang='lat' dir='ltr'>exemplis</span> <span class='ocrx_word' id='word_1_150' title='bbox 823 2348 909 2428; x_wconf 85' lang='lat' dir='ltr'>utar,</span> <span class='ocrx_word' id='word_1_151' title='bbox 934 2344 1152 2428; x_wconf 80' lang='lat' dir='ltr'>Cynurensem</span> <span class='ocrx_word' id='word_1_152' title='bbox 1174 2345 1408 2429; x_wconf 87' lang='lat' dir='ltr'>expeditionem</span> 
     </span>
     <span class='ocr_line' id='line_1_20' title="bbox 271 2453 1409 2538; baseline 0.002 -22"><span class='ocrx_word' id='word_1_153' title='bbox 271 2457 304 2516; x_wconf 85' lang='lat' dir='ltr'>et</span> <span class='ocrx_word' id='word_1_154' title='bbox 326 2455 366 2518; x_wconf 90' lang='lat' dir='ltr'>ab</span> <span class='ocrx_word' id='word_1_155' title='bbox 389 2453 580 2518; x_wconf 79' lang='lat' dir='ltr'>Echestrato</span> <span class='ocrx_word' id='word_1_156' title='bbox 602 2458 634 2518; x_wconf 92' lang='lat' dir='ltr'>et</span> <span class='ocrx_word' id='word_1_157' title='bbox 656 2477 675 2517; x_wconf 93' lang='lat' dir='ltr'>a</span> <span class='ocrx_word' id='word_1_158' title='bbox 695 2454 869 2538; x_wconf 83' lang='lat' dir='ltr'>Prytanide</span> <span class='ocrx_word' id='word_1_159' title='bbox 890 2454 1012 2518; x_wconf 89' lang='lat' dir='ltr'>factam</span> <span class='ocrx_word' id='word_1_160' title='bbox 1034 2455 1142 2538; x_wconf 62' lang='lat' dir='ltr'>caph</span> <span class='ocrx_word' id='word_1_161' title='bbox 1164 2454 1220 2535; x_wconf 72' lang='lat'>§2</span> <span class='ocrx_word' id='word_1_162' title='bbox 1243 2459 1276 2518; x_wconf 91' lang='lat' dir='ltr'>et</span> <span class='ocrx_word' id='word_1_163' title='bbox 1296 2456 1314 2519; x_wconf 80' lang='lat' dir='ltr'>&#39;l</span> <span class='ocrx_word' id='word_1_164' title='bbox 1338 2455 1394 2536; x_wconf 75' lang='lat'>§2</span> <span class='ocrx_word' id='word_1_165' title='bbox 1401 2478 1409 2534; x_wconf 82' lang='lat'><em>3</em></span> 
     </span>
     <span class='ocr_line' id='line_1_21' title="bbox 238 2563 1410 2648; baseline 0.005 -26"><span class='ocrx_word' id='word_1_166' title='bbox 238 2575 254 2622; x_wconf 84' lang='lat'>9</span> <span class='ocrx_word' id='word_1_167' title='bbox 272 2563 386 2627; x_wconf 87' lang='lat' dir='ltr'>deinde</span> <span class='ocrx_word' id='word_1_168' title='bbox 414 2565 534 2628; x_wconf 90' lang='lat' dir='ltr'>bellum</span> <span class='ocrx_word' id='word_1_169' title='bbox 561 2564 712 2628; x_wconf 86' lang='lat' dir='ltr'>adversus</span> <span class='ocrx_word' id='word_1_170' title='bbox 734 2564 874 2648; x_wconf 85' lang='lat' dir='ltr'>Argivos</span> <span class='ocrx_word' id='word_1_171' title='bbox 901 2565 1039 2647; x_wconf 89' lang='lat' dir='ltr'>primum</span> <span class='ocrx_word' id='word_1_172' title='bbox 1061 2568 1247 2648; x_wconf 85' lang='lat' dir='ltr'>susceptum</span> <span class='ocrx_word' id='word_1_173' title='bbox 1270 2566 1317 2628; x_wconf 87' lang='lat' dir='ltr'>ait</span> <span class='ocrx_word' id='word_1_174' title='bbox 1339 2570 1372 2628; x_wconf 90' lang='lat' dir='ltr'>et</span> <span class='ocrx_word' id='word_1_175' title='bbox 1392 2587 1410 2627; x_wconf 90' lang='lat' dir='ltr'>a</span> 
     </span>
     <span class='ocr_line' id='line_1_22' title="bbox 272 2672 1410 2758; baseline 0.001 -22"><span class='ocrx_word' id='word_1_176' title='bbox 272 2673 394 2737; x_wconf 86' lang='lat' dir='ltr'>Labota</span> <span class='ocrx_word' id='word_1_177' title='bbox 418 2677 451 2736; x_wconf 89' lang='lat' dir='ltr'>et</span> <span class='ocrx_word' id='word_1_178' title='bbox 472 2696 492 2736; x_wconf 91' lang='lat' dir='ltr'>a</span> <span class='ocrx_word' id='word_1_179' title='bbox 514 2672 690 2757; x_wconf 82' lang='lat' dir='ltr'>Prytanide</span> <span class='ocrx_word' id='word_1_180' title='bbox 713 2694 782 2756; x_wconf 85' lang='lat' dir='ltr'>cap.</span> <span class='ocrx_word' id='word_1_181' title='bbox 806 2674 827 2736; x_wconf 85' lang='lat'><strong><em>2</em></strong></span> <span class='ocrx_word' id='word_1_182' title='bbox 850 2675 906 2754; x_wconf 72' lang='lat'>§3</span> <span class='ocrx_word' id='word_1_183' title='bbox 928 2677 961 2736; x_wconf 86' lang='lat' dir='ltr'>et</span> <span class='ocrx_word' id='word_1_184' title='bbox 983 2674 1001 2737; x_wconf 80' lang='lat' dir='ltr'>&#39;l</span> <span class='ocrx_word' id='word_1_185' title='bbox 1025 2676 1046 2754; x_wconf 64' lang='grc' dir='ltr'><em>ξ</em></span> <span class='ocrx_word' id='word_1_186' title='bbox 1067 2675 1099 2758; x_wconf 75' lang='grc'>2,</span> <span class='ocrx_word' id='word_1_187' title='bbox 1123 2673 1156 2737; x_wconf 92' lang='lat' dir='ltr'>id</span> <span class='ocrx_word' id='word_1_188' title='bbox 1177 2674 1261 2758; x_wconf 90' lang='lat' dir='ltr'>quod</span> <span class='ocrx_word' id='word_1_189' title='bbox 1283 2675 1410 2739; x_wconf 86' lang='lat' dir='ltr'>Mauso-</span> 
     </span>
     <span class='ocr_line' id='line_1_23' title="bbox 271 2781 1410 2868; baseline 0.001 -22"><span class='ocrx_word' id='word_1_190' title='bbox 271 2804 345 2846; x_wconf 91' lang='lat' dir='ltr'>nem</span> <span class='ocrx_word' id='word_1_191' title='bbox 367 2782 453 2866; x_wconf 75' lang='lat' dir='ltr'>fugit</span> <span class='ocrx_word' id='word_1_192' title='bbox 475 2783 666 2846; x_wconf 89' lang='lat' dir='ltr'>mirabiliter</span> <span class='ocrx_word' id='word_1_193' title='bbox 687 2782 773 2847; x_wconf 89' lang='lat' dir='ltr'>Hist.</span> <span class='ocrx_word' id='word_1_194' title='bbox 797 2781 904 2866; x_wconf 83' lang='lat' dir='ltr'>Spart.</span> <span class='ocrx_word' id='word_1_195' title='bbox 927 2784 989 2847; x_wconf 85' lang='lat' dir='ltr'>vol.</span> <span class='ocrx_word' id='word_1_196' title='bbox 1012 2783 1028 2847; x_wconf 93' lang='lat' dir='ltr'>I</span> <span class='ocrx_word' id='word_1_197' title='bbox 1049 2786 1133 2866; x_wconf 84' lang='lat' dir='ltr'>part.</span> <span class='ocrx_word' id='word_1_198' title='bbox 1159 2787 1175 2846; x_wconf 94' lang='lat' dir='ltr'>l</span> <span class='ocrx_word' id='word_1_199' title='bbox 1198 2805 1230 2868; x_wconf 92' lang='lat' dir='ltr'>p.</span> <span class='ocrx_word' id='word_1_200' title='bbox 1256 2784 1311 2868; x_wconf 78' lang='lat'>72;</span> <span class='ocrx_word' id='word_1_201' title='bbox 1334 2785 1410 2849; x_wconf 86' lang='lat' dir='ltr'>item</span> 
     </span>
     <span class='ocr_line' id='line_1_24' title="bbox 247 2892 1535 2980; baseline 0.003 -26"><span class='ocrx_word' id='word_1_202' title='bbox 247 2893 388 2976; x_wconf 82' lang='lat' dir='ltr'>·Aegyn</span> <span class='ocrx_word' id='word_1_203' title='bbox 410 2892 520 2956; x_wconf 90' lang='lat' dir='ltr'>urbem</span> <span class='ocrx_word' id='word_1_204' title='bbox 543 2895 761 2977; x_wconf 83' lang='lat' dir='ltr'>expugnatam</span> <span class='ocrx_word' id='word_1_205' title='bbox 783 2914 848 2956; x_wconf 88' lang='lat' dir='ltr'>una</span> <span class='ocrx_word' id='word_1_206' title='bbox 871 2893 913 2956; x_wconf 91' lang='lat' dir='ltr'>ab</span> <span class='ocrx_word' id='word_1_207' title='bbox 935 2894 1095 2958; x_wconf 84' lang='lat' dir='ltr'>Archelao</span> <span class='ocrx_word' id='word_1_208' title='bbox 1117 2896 1150 2980; x_wconf 81' lang='lat' dir='ltr'>et</span> <span class='ocrx_word' id='word_1_209' title='bbox 1172 2893 1323 2958; x_wconf 81' lang='lat' dir='ltr'>Charilao</span> <span class='ocrx_word' id='word_1_210' title='bbox 1345 2899 1408 2958; x_wconf 85' lang='lat' dir='ltr'>tra·</span> <span class='ocrx_word' id='word_1_211' title='bbox 1534 2951 1535 2958; x_wconf 71' lang='grc'>,</span> 
     </span>
     <span class='ocr_line' id='line_1_25' title="bbox 271 2985 1535 3087; baseline 0.002 -24"><span class='ocrx_word' id='word_1_212' title='bbox 271 3001 328 3084; x_wconf 88' lang='lat' dir='ltr'>dit,</span> <span class='ocrx_word' id='word_1_213' title='bbox 352 3006 388 3066; x_wconf 88' lang='lat' dir='ltr'>ut</span> <span class='ocrx_word' id='word_1_214' title='bbox 410 3002 610 3084; x_wconf 84' lang='lat' dir='ltr'>exposuimus</span> <span class='ocrx_word' id='word_1_215' title='bbox 637 3023 745 3086; x_wconf 84' lang='lat' dir='ltr'>supra.</span> <span class='ocrx_word' id='word_1_216' title='bbox 790 3001 910 3076; x_wconf 84' lang='lat' dir='ltr'>Quibus</span> <span class='ocrx_word' id='word_1_217' title='bbox 938 3001 1019 3066; x_wconf 89' lang='lat' dir='ltr'>adde</span> <span class='ocrx_word' id='word_1_218' title='bbox 1049 3003 1205 3087; x_wconf 88' lang='lat' dir='ltr'>proelium</span> <span class='ocrx_word' id='word_1_219' title='bbox 1227 3003 1269 3066; x_wconf 88' lang='lat' dir='ltr'>ad</span> <span class='ocrx_word' id='word_1_220' title='bbox 1290 3002 1408 3087; x_wconf 82' lang='lat' dir='ltr'>Hysias</span> <span class='ocrx_word' id='word_1_221' title='bbox 1534 2985 1535 2992; x_wconf 8' lang='grc' dir='ltr'>ἵ</span> 
     </span>
     <span class='ocr_line' id='line_1_26' title="bbox 272 3111 1407 3202; baseline 0.004 -28"><span class='ocrx_word' id='word_1_222' title='bbox 272 3111 489 3194; x_wconf 86' lang='lat' dir='ltr'>commissum,</span> <span class='ocrx_word' id='word_1_223' title='bbox 513 3133 533 3175; x_wconf 89' lang='lat' dir='ltr'>a</span> <span class='ocrx_word' id='word_1_224' title='bbox 554 3111 715 3175; x_wconf 85' lang='lat' dir='ltr'>Pausania</span> <span class='ocrx_word' id='word_1_225' title='bbox 739 3115 1018 3176; x_wconf 85' lang='lat' dir='ltr'>commemoratum</span> <span class='ocrx_word' id='word_1_226' title='bbox 1045 3113 1127 3177; x_wconf 90' lang='lat' dir='ltr'>libro</span> <span class='ocrx_word' id='word_1_227' title='bbox 1153 3112 1203 3195; x_wconf 86' lang='grc' dir='ltr'>Π,</span> <span class='ocrx_word' id='word_1_228' title='bbox 1227 3113 1284 3196; x_wconf 78' lang='lat'>24,</span> <span class='ocrx_word' id='word_1_229' title='bbox 1309 3113 1329 3178; x_wconf 89' lang='grc'>8</span> <span class='ocrx_word' id='word_1_230' title='bbox 1353 3113 1407 3202; x_wconf 78' lang='grc'><strong>[7],</strong></span> 
     </span>
     <span class='ocr_line' id='line_1_27' title="bbox 272 3221 1407 3304; baseline 0.003 -20"><span class='ocrx_word' id='word_1_231' title='bbox 272 3221 360 3284; x_wconf 87' lang='lat' dir='ltr'>cuius</span> <span class='ocrx_word' id='word_1_232' title='bbox 394 3241 475 3304; x_wconf 88' lang='lat' dir='ltr'>quae</span> <span class='ocrx_word' id='word_1_233' title='bbox 502 3221 601 3284; x_wconf 86' lang='lat' dir='ltr'>fuerit</span> <span class='ocrx_word' id='word_1_234' title='bbox 630 3243 702 3286; x_wconf 92' lang='lat' dir='ltr'>cum</span> <span class='ocrx_word' id='word_1_235' title='bbox 733 3221 835 3286; x_wconf 89' lang='lat' dir='ltr'>altero</span> <span class='ocrx_word' id='word_1_236' title='bbox 867 3221 951 3286; x_wconf 89' lang='lat' dir='ltr'>bello</span> <span class='ocrx_word' id='word_1_237' title='bbox 978 3222 1176 3287; x_wconf 84' lang='lat' dir='ltr'>Messeniaco</span> <span class='ocrx_word' id='word_1_238' title='bbox 1214 3223 1407 3304; x_wconf 86' lang='lat' dir='ltr'>coniunctio,</span> 
     </span>
     <span class='ocr_line' id='line_1_28' title="bbox 270 3330 1408 3413; baseline 0.003 -20"><span class='ocrx_word' id='word_1_239' title='bbox 270 3330 432 3413; x_wconf 88' lang='lat' dir='ltr'>plausibili</span> <span class='ocrx_word' id='word_1_240' title='bbox 456 3331 639 3396; x_wconf 86' lang='lat' dir='ltr'>coniectura</span> <span class='ocrx_word' id='word_1_241' title='bbox 666 3335 847 3395; x_wconf 87' lang='lat' dir='ltr'>assecutum</span> <span class='ocrx_word' id='word_1_242' title='bbox 874 3330 1012 3395; x_wconf 85' lang='lat' dir='ltr'>arbitror</span> <span class='ocrx_word' id='word_1_243' title='bbox 1034 3353 1102 3396; x_wconf 82' lang='lat' dir='ltr'>esse</span> <span class='ocrx_word' id='word_1_244' title='bbox 1125 3331 1261 3396; x_wconf 90' lang='lat' dir='ltr'>eundem</span> <span class='ocrx_word' id='word_1_245' title='bbox 1282 3331 1408 3397; x_wconf 87' lang='lat' dir='ltr'>Mansa·</span> 
     </span>
     <span class='ocr_line' id='line_1_29' title="bbox 270 3439 1408 3527; baseline 0.004 -25"><span class='ocrx_word' id='word_1_246' title='bbox 270 3461 345 3502; x_wconf 89' lang='lat' dir='ltr'>nem</span> <span class='ocrx_word' id='word_1_247' title='bbox 367 3440 388 3503; x_wconf 93' lang='lat' dir='ltr'>l.</span> <span class='ocrx_word' id='word_1_248' title='bbox 414 3461 440 3504; x_wconf 92' lang='lat' dir='ltr'>c.</span> <span class='ocrx_word' id='word_1_249' title='bbox 465 3462 496 3523; x_wconf 92' lang='lat' dir='ltr'>p.</span> <span class='ocrx_word' id='word_1_250' title='bbox 519 3441 582 3504; x_wconf 76' lang='lat'>272</span> <span class='ocrx_word' id='word_1_251' title='bbox 604 3463 651 3524; x_wconf 91' lang='lat' dir='ltr'>sq.</span> <span class='ocrx_word' id='word_1_252' title='bbox 696 3439 767 3505; x_wconf 90' lang='lat' dir='ltr'>Hoc</span> <span class='ocrx_word' id='word_1_253' title='bbox 794 3462 893 3504; x_wconf 90' lang='lat' dir='ltr'>unum</span> <span class='ocrx_word' id='word_1_254' title='bbox 915 3440 1012 3523; x_wconf 85' lang='lat' dir='ltr'>addc,</span> <span class='ocrx_word' id='word_1_255' title='bbox 1036 3463 1102 3506; x_wconf 91' lang='lat' dir='ltr'>non</span> <span class='ocrx_word' id='word_1_256' title='bbox 1124 3443 1266 3524; x_wconf 85' lang='lat' dir='ltr'>potuisse</span> <span class='ocrx_word' id='word_1_257' title='bbox 1287 3443 1408 3527; x_wconf 86' lang='lat' dir='ltr'>proelio</span> 
     </span>
     <span class='ocr_line' id='line_1_30' title="bbox 269 3547 1409 3634; baseline 0.004 -22"><span class='ocrx_word' id='word_1_258' title='bbox 269 3551 325 3613; x_wconf 91' lang='lat' dir='ltr'>illo</span> <span class='ocrx_word' id='word_1_259' title='bbox 352 3549 392 3613; x_wconf 90' lang='lat' dir='ltr'>ad</span> <span class='ocrx_word' id='word_1_260' title='bbox 415 3547 533 3633; x_wconf 86' lang='lat' dir='ltr'>Hysias</span> <span class='ocrx_word' id='word_1_261' title='bbox 561 3553 707 3614; x_wconf 84' lang='lat' dir='ltr'>conserto</span> <span class='ocrx_word' id='word_1_262' title='bbox 734 3551 854 3615; x_wconf 90' lang='lat' dir='ltr'>bellum</span> <span class='ocrx_word' id='word_1_263' title='bbox 880 3551 946 3615; x_wconf 91' lang='lat' dir='ltr'>iam</span> <span class='ocrx_word' id='word_1_264' title='bbox 973 3572 1041 3614; x_wconf 89' lang='lat' dir='ltr'>esse</span> <span class='ocrx_word' id='word_1_265' title='bbox 1068 3552 1211 3634; x_wconf 88' lang='lat' dir='ltr'>finitum,</span> <span class='ocrx_word' id='word_1_266' title='bbox 1240 3552 1295 3616; x_wconf 87' lang='lat' dir='ltr'>sed</span> <span class='ocrx_word' id='word_1_267' title='bbox 1323 3557 1409 3617; x_wconf 83' lang='lat' dir='ltr'>certe</span> 
     </span>
     <span class='ocr_line' id='line_1_31' title="bbox 270 3659 1406 3743; baseline 0.003 -21"><span class='ocrx_word' id='word_1_268' title='bbox 270 3659 310 3722; x_wconf 89' lang='lat' dir='ltr'>ad</span> <span class='ocrx_word' id='word_1_269' title='bbox 332 3660 511 3742; x_wconf 86' lang='lat' dir='ltr'>proximum</span> <span class='ocrx_word' id='word_1_270' title='bbox 534 3681 670 3741; x_wconf 90' lang='lat' dir='ltr'>annum,</span> <span class='ocrx_word' id='word_1_271' title='bbox 701 3659 742 3724; x_wconf 91' lang='lat' dir='ltr'>ol.</span> <span class='ocrx_word' id='word_1_272' title='bbox 766 3659 919 3742; x_wconf 85' lang='lat' dir='ltr'>XXVIII,</span> <span class='ocrx_word' id='word_1_273' title='bbox 945 3663 978 3743; x_wconf 84' lang='lat'>1,</span> <span class='ocrx_word' id='word_1_274' title='bbox 1002 3661 1194 3743; x_wconf 87' lang='lat' dir='ltr'>pertinuisse</span> <span class='ocrx_word' id='word_1_275' title='bbox 1215 3663 1406 3726; x_wconf 88' lang='lat' dir='ltr'>necessario.</span> 
     </span>
     <span class='ocr_line' id='line_1_32' title="bbox 269 3768 1535 3857; baseline 0.002 -25"><span class='ocrx_word' id='word_1_276' title='bbox 269 3768 383 3852; x_wconf 89' lang='lat' dir='ltr'>Itaque</span> <span class='ocrx_word' id='word_1_277' title='bbox 405 3769 458 3832; x_wconf 92' lang='lat' dir='ltr'>ubi</span> <span class='ocrx_word' id='word_1_278' title='bbox 479 3769 636 3833; x_wconf 87' lang='lat' dir='ltr'>alteruter</span> <span class='ocrx_word' id='word_1_279' title='bbox 657 3791 712 3833; x_wconf 88' lang='lat' dir='ltr'>rex</span> <span class='ocrx_word' id='word_1_280' title='bbox 736 3769 910 3834; x_wconf 82' lang='lat' dir='ltr'>exercitum</span> <span class='ocrx_word' id='word_1_281' title='bbox 932 3770 967 3832; x_wconf 89' lang='lat' dir='ltr'>in</span> <span class='ocrx_word' id='word_1_282' title='bbox 988 3769 1108 3833; x_wconf 90' lang='lat' dir='ltr'>bellum</span> <span class='ocrx_word' id='word_1_283' title='bbox 1130 3769 1252 3835; x_wconf 90' lang='lat' dir='ltr'>educit:</span> <span class='ocrx_word' id='word_1_284' title='bbox 1281 3775 1408 3857; x_wconf 87' lang='lat' dir='ltr'>poterat</span> <span class='ocrx_word' id='word_1_285' title='bbox 1534 3795 1535 3808; x_wconf 57' lang='lat'>¹</span> 
     </span>
     <span class='ocr_line' id='line_1_33' title="bbox 270 3878 1535 3965; baseline 0.002 -23"><span class='ocrx_word' id='word_1_286' title='bbox 270 3879 356 3942; x_wconf 89' lang='lat' dir='ltr'>enim</span> <span class='ocrx_word' id='word_1_287' title='bbox 378 3878 460 3942; x_wconf 86' lang='lat' dir='ltr'>alter</span> <span class='ocrx_word' id='word_1_288' title='bbox 481 3879 531 3941; x_wconf 87' lang='lat' dir='ltr'>vel</span> <span class='ocrx_word' id='word_1_289' title='bbox 554 3879 643 3942; x_wconf 85' lang='lat' dir='ltr'>senio</span> <span class='ocrx_word' id='word_1_290' title='bbox 665 3879 715 3942; x_wconf 85' lang='lat' dir='ltr'>vel</span> <span class='ocrx_word' id='word_1_291' title='bbox 745 3880 855 3942; x_wconf 90' lang='lat' dir='ltr'>morbo</span> <span class='ocrx_word' id='word_1_292' title='bbox 882 3879 931 3942; x_wconf 91' lang='lat' dir='ltr'>vel</span> <span class='ocrx_word' id='word_1_293' title='bbox 955 3879 1019 3943; x_wconf 87' lang='lat' dir='ltr'>alia</span> <span class='ocrx_word' id='word_1_294' title='bbox 1047 3879 1267 3965; x_wconf 81' lang='lat' dir='ltr'>qualicrunque</span> <span class='ocrx_word' id='word_1_295' title='bbox 1296 3901 1407 3945; x_wconf 86' lang='lat' dir='ltr'>caussa</span> <span class='ocrx_word' id='word_1_296' title='bbox 1534 3935 1535 3938; x_wconf 59' lang='grc'>,</span> 
     </span>
     <span class='ocr_line' id='line_1_34' title="bbox 270 3987 1407 4070; baseline 0.001 -19"><span class='ocrx_word' id='word_1_297' title='bbox 270 4011 289 4051; x_wconf 86' lang='lat' dir='ltr'>a</span> <span class='ocrx_word' id='word_1_298' title='bbox 311 3988 387 4052; x_wconf 90' lang='lat' dir='ltr'>belli</span> <span class='ocrx_word' id='word_1_299' title='bbox 409 3988 562 4052; x_wconf 85' lang='lat' dir='ltr'>societate</span> <span class='ocrx_word' id='word_1_300' title='bbox 584 3988 761 4070; x_wconf 88' lang='lat' dir='ltr'>prohiberi:</span> <span class='ocrx_word' id='word_1_301' title='bbox 787 3989 866 4051; x_wconf 86' lang='lat' dir='ltr'>satis</span> <span class='ocrx_word' id='word_1_302' title='bbox 888 3988 920 4052; x_wconf 91' lang='lat' dir='ltr'>id</span> <span class='ocrx_word' id='word_1_303' title='bbox 943 3987 1079 4052; x_wconf 88' lang='lat' dir='ltr'>dilucide</span> <span class='ocrx_word' id='word_1_304' title='bbox 1102 4011 1122 4052; x_wconf 89' lang='lat' dir='ltr'>a</span> <span class='ocrx_word' id='word_1_305' title='bbox 1143 3989 1305 4054; x_wconf 84' lang='lat' dir='ltr'>Pausania</span> <span class='ocrx_word' id='word_1_306' title='bbox 1327 3991 1407 4054; x_wconf 88' lang='lat' dir='ltr'>solet</span> 
     </span>
     <span class='ocr_line' id='line_1_35' title="bbox 269 4097 1406 4184; baseline 0.002 -24"><span class='ocrx_word' id='word_1_307' title='bbox 269 4097 462 4181; x_wconf 79' lang='lat' dir='ltr'>significari3</span> <span class='ocrx_word' id='word_1_308' title='bbox 490 4097 578 4161; x_wconf 84' lang='lat' dir='ltr'>velut</span> <span class='ocrx_word' id='word_1_309' title='bbox 606 4097 747 4162; x_wconf 82' lang='lat' dir='ltr'>Oharilai</span> <span class='ocrx_word' id='word_1_310' title='bbox 776 4101 887 4161; x_wconf 86' lang='lat' dir='ltr'>eontra</span> <span class='ocrx_word' id='word_1_311' title='bbox 910 4098 1048 4181; x_wconf 78' lang='lat' dir='ltr'>Argivos</span> <span class='ocrx_word' id='word_1_312' title='bbox 1070 4098 1272 4184; x_wconf 87' lang='lat' dir='ltr'>eiusdemque</span> <span class='ocrx_word' id='word_1_313' title='bbox 1295 4103 1406 4164; x_wconf 87' lang='lat' dir='ltr'>contra</span> 
     </span>
    </p>
   </div>
   <div class='ocr_carea' id='block_1_3' title="bbox 269 4205 1535 4399">
    <p class='ocr_par' dir='ltr' id='par_1_3' title="bbox 269 4205 1535 4568">
     <span class='ocr_line' id='line_1_36' title="bbox 269 4205 1535 4291; baseline 0.002 -21"><span class='ocrx_word' id='word_1_314' title='bbox 269 4205 429 4290; x_wconf 78' lang='lat' dir='ltr'>Tegeatae</span> <span class='ocrx_word' id='word_1_315' title='bbox 456 4207 691 4289; x_wconf 87' lang='lat' dir='ltr'>expeditionem</span> <span class='ocrx_word' id='word_1_316' title='bbox 725 4207 766 4270; x_wconf 89' lang='lat' dir='ltr'>ab</span> <span class='ocrx_word' id='word_1_317' title='bbox 793 4207 854 4269; x_wconf 88' lang='lat' dir='ltr'>hoc</span> <span class='ocrx_word' id='word_1_318' title='bbox 881 4207 948 4271; x_wconf 88' lang='lat' dir='ltr'>solo</span> <span class='ocrx_word' id='word_1_319' title='bbox 980 4211 1161 4291; x_wconf 83' lang='lat' dir='ltr'>susceptam</span> <span class='ocrx_word' id='word_1_320' title='bbox 1194 4229 1263 4272; x_wconf 88' lang='lat' dir='ltr'>esse</span> <span class='ocrx_word' id='word_1_321' title='bbox 1295 4214 1407 4272; x_wconf 88' lang='lat' dir='ltr'>narrat</span> <span class='ocrx_word' id='word_1_322' title='bbox 1534 4281 1535 4286; x_wconf 8' lang='grc' dir='ltr'>η</span> 
     </span>
     <span class='ocr_line' id='line_1_37' title="bbox 269 4314 1405 4399; baseline 0.002 -22"><span class='ocrx_word' id='word_1_323' title='bbox 269 4314 351 4378; x_wconf 89' lang='lat' dir='ltr'>libro</span> <span class='ocrx_word' id='word_1_324' title='bbox 366 4315 431 4399; x_wconf 75' lang='lat' dir='ltr'>lll,</span> <span class='ocrx_word' id='word_1_325' title='bbox 455 4315 485 4396; x_wconf 84' lang='lat'>2,</span> <span class='ocrx_word' id='word_1_326' title='bbox 507 4317 544 4380; x_wconf 84' lang='lat'>5:</span> <span class='ocrx_word' id='word_1_327' title='bbox 568 4316 609 4379; x_wconf 88' lang='lat' dir='ltr'>ef.</span> <span class='ocrx_word' id='word_1_328' title='bbox 627 4315 676 4379; x_wconf 90' lang='lat' dir='ltr'>III</span> <span class='ocrx_word' id='word_1_329' title='bbox 685 4365 694 4397; x_wconf 80' lang='lat'><em>,</em></span> <span class='ocrx_word' id='word_1_330' title='bbox 719 4317 748 4398; x_wconf 76' lang='lat'>7,</span> <span class='ocrx_word' id='word_1_331' title='bbox 765 4316 800 4396; x_wconf 84' lang='lat'>33</span> <span class='ocrx_word' id='word_1_332' title='bbox 823 4317 873 4379; x_wconf 90' lang='lat' dir='ltr'>vel</span> <span class='ocrx_word' id='word_1_333' title='bbox 897 4315 1075 4399; x_wconf 86' lang='lat' dir='ltr'>Ampheam</span> <span class='ocrx_word' id='word_1_334' title='bbox 1098 4319 1139 4381; x_wconf 88' lang='lat' dir='ltr'>ab</span> <span class='ocrx_word' id='word_1_335' title='bbox 1161 4318 1228 4380; x_wconf 91' lang='lat' dir='ltr'>solo</span> <span class='ocrx_word' id='word_1_336' title='bbox 1251 4317 1328 4381; x_wconf 90' lang='lat' dir='ltr'>item</span> <span class='ocrx_word' id='word_1_337' title='bbox 1350 4317 1405 4380; x_wconf 88' lang='lat' dir='ltr'>Al·</span> 
     </span>
    </p>
   </div>
   <div class='ocr_carea' id='block_1_4' title="bbox 0 0 1596 5100">
    <p class='ocr_par' dir='ltr' id='par_1_4' title="bbox 0 0 1596 5100">
     <span class='ocr_line' id='line_1_38' title="bbox 0 0 1596 5100; baseline 0 1"><span class='ocrx_word' id='word_1_338' title='bbox 0 0 1596 5100; x_wconf 95' lang='lat' dir='ltr'> </span> 
     </span>
    </p>
   </div>
  </div>
 </body>
</html>
