3208 5102
246 327 266 388 o
576 339 848 388 nnnnrnnscnns
872 337 1058 388 senonen.

288 501 400 558 minum
436 499 553 572 quidem
585 500 814 558 commixtorum
847 500 1000 558 uolumina
1034 499 1259 572 quadrinpeutn
1292 499 1385 570 milia,

289 609 466 684 simplicium
490 613 588 666 nutem
611 615 640 667 et
661 609 844 681 aipestorum
866 610 951 668 milio
973 610 1158 682 nonupinta,
1182 609 1273 672 sicuti
1290 606 1388 680 refert

290 719 472 778 Callimacus
498 719 615 778 aulicus
643 718 757 790 Repius
784 718 1030 778 bibliothecarius
1062 721 1114 792 pui
1140 720 1229 777 etiam
1261 717 1389 791 simpulis

289 828 486 888 uolunanihns
507 830 609 887 titulos
634 829 796 901 inscripsit.
841 830 915 888 Fuit
940 835 1103 902 praeterea
1130 830 1184 902 qui
1210 829 1288 888 idem
1311 841 1389 886 asse-

289 946 371 999 veret
390 938 596 997 eratosthenes
618 954 678 997 non
701 939 744 996 ita
771 939 866 998 mullo
888 945 957 1013 post
990 939 1120 998 eiusdem
1154 945 1253 998 eustos
1286 938 1390 996 hihlio·

290 1051 405 1109 thecue.
421 1039 478 1106 hec
491 1055 589 1106 nutem
607 1046 740 1118 sicerurst
755 1050 885 1108 omnium
905 1050 1039 1121 partium
1055 1064 1093 1107 oc
1114 1049 1289 1120 liupuarum
1312 1063 1391 1122 quoe

290 1160 402 1219 hahere
421 1158 520 1232 potuit
541 1159 631 1216 docta
653 1159 805 1217 volumina
831 1173 910 1232 queue
930 1174 1044 1217 summa
1071 1158 1228 1230 aitipentia
1250 1157 1318 1216 Rex
1340 1158 1391 1216 ille

290 1273 321 1329 in
357 1283 443 1327 sunm
478 1267 616 1341 linquam
648 1267 727 1339 fecit
763 1268 801 1326 oh
837 1270 956 1342 optimis
992 1268 1206 1342 interpretibus
1242 1269 1389 1327 conanti.

292 1379 426 1438 Ceterum
444 1379 621 1451 pisistratus
646 1393 788 1452 sparsam
809 1379 901 1452 prins
927 1378 1044 1437 homeri
1064 1379 1179 1452 poesim
1202 1385 1273 1436 unte
1297 1379 1390 1452 ptole-

291 1503 407 1547 maeum
424 1487 657 1563 philadelphum
672 1489 762 1546 annis
776 1488 912 1547 ducentis
926 1493 956 1546 et
969 1503 1005 1546 eo
1019 1489 1108 1546 etiam
1129 1488 1259 1562 amplius
1278 1488 1395 1546 sollerti

291 1614 368 1659 cura
396 1599 427 1656 in
450 1613 486 1655 eu
516 1613 594 1671 quae
615 1614 694 1656 nuuc
716 1603 825 1657 entant
846 1599 963 1671 recepit
990 1599 1140 1657 oolmnina
1170 1614 1240 1656 usus
1267 1599 1310 1656 aa
1336 1597 1394 1656 hoc
1569 1637 1570 1728 1

292 1725 367 1784 opus
388 1709 520 1767 diuinum
543 1708 692 1766 industrio
714 1713 860 1780 quattuor
887 1707 1147 1767 celeberrimorum
1174 1713 1203 1765 et
1229 1707 1394 1766 eruditissi·
1570 1748 1571 1812 1

292 1833 407 1877 morum
422 1818 574 1876 hominum
595 1817 732 1876 uidelicet
747 1817 872 1893 Concpli
887 1815 1077 1877 Onomaeriti
1096 1813 1247 1876 athenien.
1280 1817 1397 1893 Zopyri
1571 1860 1572 1908 p

293 1929 484 1987 heracleotae
505 1933 533 1985 et
549 1925 663 2001 Orphei
682 1929 881 1986 crotoniatae.
905 1942 976 1986 nam
997 1929 1128 2002 carptim
1145 1929 1237 2001 prius
1256 1927 1396 1986 homerus
1572 1970 1573 2012 ¹

293 2046 322 2096 et
345 2052 404 2096 non
429 2037 489 2095 nisi
514 2037 696 2112 difficillime
723 2037 887 2110 tepebatur.
934 2035 1008 2107 (tum
1036 2038 1127 2096 etiam
1153 2044 1221 2112 post
1244 2039 1398 2111 pisistrati

293 2163 400 2207 earnm
421 2153 451 2204 et
466 2147 633 2221 ptolemaei
652 2148 840 2220 tiilipentiom
862 2147 1053 2207 aristarchus
1075 2146 1177 2206 atlhue
1204 2147 1342 2206 exactius
1364 2149 1395 2205 in

294 2258 410 2316 homeri
441 2256 624 2315 elimontem
656 2258 860 2316 collectionem
890 2257 1036 2330 oipilaoit.
1087 2255 1270 2316 Heliodorus
1298 2257 1394 2315 multa

294 2369 386 2426 aliter
413 2374 546 2438 nupotur
574 2382 653 2440 quae
678 2368 768 2440 lonpo
789 2368 919 2426 conuitio
940 2369 1039 2426 ceeius
1063 2367 1267 2442 reprehendit.
1314 2365 1394 2424 Nam

296 2473 333 2537 ol'
355 2475 490 2536 until.
515 2476 631 2535 duobus
646 2477 742 2536 doctis
763 2478 837 2535 uiris
860 2492 879 2534 a
897 2479 1057 2551 pisistrato
1078 2477 1148 2537 huic
1164 2479 1282 2551 nepotio
1301 2492 1393 2551 prae-

293 2589 399 2663 positis
421 2586 494 2644 dicit
516 2585 668 2646 homerum
697 2589 741 2644 ita
765 2583 865 2658 [uisse
885 2574 1089 2661 compositum.
1121 2589 1174 2662 qui
1199 2589 1317 2662 quidem
1345 2602 1394 2645 ze·
1431 2635 1436 2644 .

296 2697 402 2756 nodoti
415 2703 443 2754 et
457 2696 625 2754 aristarchi
644 2697 796 2755 industria
817 2697 952 2756 omnihus
968 2698 1144 2771 praelatam
1158 2696 1393 2771 comprobarint,

296 2807 379 2882 quod
398 2811 518 2864 constat
535 2804 633 2877 fuisse
650 2804 858 2877 salsissimum.
890 2807 1002 2881 quippe
1022 2823 1088 2866 cum
1112 2807 1191 2866 inter
1206 2808 1395 2881 pisistratum

297 2923 326 2974 et
340 2916 527 2982 Zenodotum
544 2914 664 2986 suerint
686 2917 763 2975 anni
782 2931 878 2988 supra
900 2898 1049 2975 discentes.
1082 2917 1276 2975 Aristarchus
1297 2921 1396 2974 nutem

297 3031 442 3101 quattuor
464 3027 553 3083 arinis
574 3027 674 3084 minor
692 3024 791 3097 suerit
805 3028 871 3100 ipso
893 3033 923 3084 et
938 3026 1091 3086 Zenotioto
1106 3033 1197 3099 utque
1214 3026 1394 3100 ptolemaeo.

342 3240 468 3325 Fregen
484 3241 542 3303 wir
564 3241 720 3304 znniiehst
741 3241 826 3304 nach
848 3241 920 3304 dem
937 3241 1124 3325 Ursprunge
1146 3240 1248 3304 dieser
1270 3261 1397 3326 ganzen

257 3350 486 3435 Anmerknng,
527 3373 561 3414 so
595 3351 686 3414 leiteo
715 3372 774 3413 nns
813 3351 864 3414 die
899 3349 1140 3434 Vergleiehnng
1172 3350 1228 3414 der
1260 3350 1396 3434 iibrigen

69 3477 83 3512 ⁸
257 3461 406 3526 Scholien
435 3460 489 3524 des
513 3461 617 3526 Codex
648 3460 746 3524 leieht
775 3461 832 3524 auf
857 3460 920 3524 den
948 3461 1108 3545 n'ehtigen
1130 3459 1226 3544 Weg.
1270 3460 1309 3523 In
1337 3460 1396 3524 ihu-

257 3570 379 3633 lischen
397 3569 621 3634 Bibliotheken
644 3570 744 3632 findei
759 3570 828 3633 sich
848 3569 938 3634 mehr
959 3571 1006 3633 als
1022 3570 1093 3634 eine
1115 3569 1397 3634 Plautinisohe

224 3678 471 3742 eHendsehrii't
498 3680 558 3742 mih
585 3679 789 3762 Scholion,
821 3701 917 3764 sogor
945 3681 1004 3744 mit
1031 3679 1104 3744 sehr
1131 3678 1314 3762 gelehrhen,
1346 3679 1397 3743 die

257 3787 404 3852 dennoeh
437 3788 527 3852 nieht
560 3789 643 3852 iilter
675 3789 746 3852 sind
780 3790 827 3853 als
860 3789 917 3853 des
949 3789 1138 3854 funfzehnte
1165 3788 1395 3853 Jahrhundert.

258 3898 331 3962 wie
353 3898 402 3961 bei
421 3897 542 3961 andern
563 3897 774 3962 lateinischen
790 3898 963 3982 Dichtern,
988 3921 1022 3962 so
1043 3899 1127 3963 bein]
1142 3899 1274 3962 Plautus
1289 3921 1397 3962 waren

259 4029 372 4072 unsere
405 4007 614 4090 Ahnherren‚
652 4008 703 4072 die
736 4008 960 4072 italienisehen
990 4009 1181 4093 Philologen
1215 4009 1303 4072 einer
1336 4029 1398 4072 neu
1509 4077 1511 4082 ,

259 4117 491 4182 erwinchenden
509 4117 810 4202 Bildungsperiode,
834 4118 1008 4203 friihzeitig
1023 4119 1087 4183 und
1110 4119 1268 4182 ‹lnrehnus
1291 4119 1398 4203 anglos

260 4226 406 4310 beniiihh,
436 4228 499 4292 den
526 4227 657 4312 Mangel
686 4228 767 4291 ulter
789 4228 939 4292 Scholien
967 4229 1067 4292 durch
1097 4228 1210 4313 sigone
1233 4229 1397 4294 (hommen-

260 4337 374 4419 sarion,
392 4358 476 4422 ganz
491 4337 526 4401 in
541 4337 597 4400 der
612 4337 867 4421 aphoristisehen
883 4337 1167 4420 Scholienmnffier,
1188 4360 1225 4402 zu
1241 4341 1396 4402 ersetzen.
