3254 5086
535 367 693 415 moereri
714 364 1066 415 aaarouauussnusre.
1311 347 1372 412 527

234 518 316 582 liber
338 521 445 582 servat
466 518 514 602 Π,
537 519 595 583 58:
623 520 696 584 κατ’
722 518 826 599 ὄνομα
855 520 978 598 Νομᾶν·
1008 515 1095 603 [χρὴ
1124 518 1165 583 δὲ
1190 519 1259 596 τὴν
1287 521 1374 581 δευ-

234 630 353 709 τέραν
376 631 573 710 ςυλλαβὴν
595 629 829 695 ἐκτείνοντα
851 629 1125 711 βαρυτονεῖν];
1154 629 1240 690 certo
1269 627 1375 690 autem

235 760 301 802 non
329 741 419 820 sunt,
450 759 531 822 quae
557 760 639 802 unus
667 743 694 801 Α
722 737 811 802 addit
837 737 895 820 lV,
921 737 976 802 16:
1002 737 1042 801 τὰ
1069 737 1126 816 μὲν
1154 736 1236 801 ἄλλα
1258 739 1374 818 φορεῖν

235 848 322 912 ὅπλα
343 849 538 928 προςέταξεν
561 849 620 913 tto
636 850 753 933 Ι[τοὺς
780 847 925 912 ἄλλους
953 848 1058 931 ἤτοι]
1086 847 1161 912 τοὺς
1182 848 1373 928 προτέρους,

235 958 286 1021 vel
307 956 365 1040 IV,
389 958 429 1022 67
453 960 533 1021 extr.
556 958 612 1021 ubi
638 959 751 1021 horum
779 958 829 1022 καὶ
851 959 904 1022 διὰ
924 957 953 1021 τί
980 961 1035 1036 τῆς
1057 957 1239 1036 ἐπωνυμίας
1260 955 1375 1034 ταύτης

235 1068 347 1147 ἔτυχεν
375 1068 472 1133 οὐδὲν
501 1065 588 1151 αὐτῷ
617 1067 836 1148 προςηκούςης
864 1069 1005 1131 extrema
1033 1066 1079 1130 sic
1106 1065 1250 1130 exhibet:
1279 1065 1375 1129 οὐδὲν
1438 1045 1441 1050 ’

235 1178 355 1256 αὐτῆς
383 1178 601 1258 προςηκούςης
632 1184 685 1264 τῷ
718 1177 831 1257 ἀνδρὶ
861 1177 1000 1260 τούτῳ.
1044 1175 1135 1240 Adde
1166 1173 1376 1240 cemmsimum

237 1285 372 1350 correcti
394 1294 420 1350 Α
442 1286 613 1371 vestigium
635 1285 668 1370 I,
692 1287 749 1370 72,
772 1284 811 1349 de
834 1307 895 1370 quo
917 1285 1041 1350 dicetur
1064 1285 1131 1368 §9-

771 1481 845 1561 aa.

320 1615 366 1680 Vt
392 1615 518 1698 plenius
548 1615 647 1678 etiam
654 1664 663 1697 ,
693 1635 755 1698 quo
781 1635 880 1698 usque
908 1613 1124 1698 interpolandi
1150 1612 1315 1677 temeritas
1342 1613 1377 1675 in

238 1730 318 1790 ool>
340 1746 509 1809 progressa
535 1724 593 1807 sit,
624 1725 851 1808 cognoscatur,
886 1723 1041 1807 quaedam
1074 1723 1219 1806 exempla
1247 1723 1378 1786 afferam

238 1857 309 1898 oum
331 1837 441 1899 nostra
456 1832 658 1918 quaestione,
682 1855 763 1918 quae
785 1837 834 1896 est
855 1832 894 1896 de
909 1832 1028 1896 maiore
1050 1832 1112 1896 fide
1129 1833 1195 1898 sive
1209 1831 1377 1897 Vrbinatis

237 1944 303 2008 sire
331 1943 474 2008 Ohisiani
504 1943 637 2026 codicis,
666 1965 732 2006 non
761 1943 948 2026 coniuncta,
977 1941 1033 2028 sed
1062 1946 1094 2005 et
1121 1945 1234 2026 suapte
1261 1944 1378 2005 natura

238 2057 270 2117 et
292 2057 460 2137 propterea
482 2052 719 2136 memorabilia,
748 2052 830 2136 quod
857 2051 964 2116 fraudi
992 2053 1123 2115 fuenmt
1144 2051 1291 2137 Dionysii
1315 2050 1378 2114 edi·

237 2163 359 2227 toribus
388 2161 428 2226 ad
454 2183 554 2225 unum
581 2163 738 2227 omnibus.
789 2161 914 2226 Habuit
946 2165 1052 2225 autern
1084 2160 1294 2245 interpolator
1324 2163 1380 2224 aut

238 2272 356 2336 iustam
389 2293 535 2335 caussam
567 2275 623 2335 aut
654 2294 720 2336 non
752 2274 886 2354 iustam,
926 2293 982 2335 our
1015 2271 1145 2334 omnino
1174 2271 1213 2334 de
1242 2269 1379 2333 addendi

238 2381 432 2446 necessitate
449 2382 616 2465 cogitaret.
648 2381 770 2446 Iustam
785 2381 872 2445 velut
886 2380 950 2462 ΠΙ,
971 2381 1025 2444 16:
1049 2381 1112 2458 ἐγὼ
1136 2382 1171 2444 δὲ
1193 2380 1307 2458 ἀρετῆς
1322 2380 1379 2457 μὲν

241 2493 335 2558 ἕνεκα
362 2493 414 2556 καὶ
436 2494 491 2570 τῆς
513 2493 593 2556 κατὰ
621 2496 712 2573 χεῖρα
732 2492 958 2570 γενναιότητος
980 2540 986 2553 .
1005 2539 1011 2552 .
1030 2539 1063 2553 ..
1091 2488 1223 2555 πάντων
1249 2489 1380 2566 μάλιςτα

241 2603 433 2681 δεξομένους
457 2600 535 2680 ὑμᾶς
556 2603 616 2667 τὸν
639 2601 719 2682 ὑπὲρ
734 2607 800 2667 τῶν
817 2599 982 2680 ἀριςτείων
1003 2599 1154 2663 κίνδυνον
1177 2597 1308 2676 ύραςθαι
1329 2602 1387 2661 te:
1540 2649 1543 2656 .

238 2712 354 2775 δοικὼς
368 2713 409 2789 μὴ
424 2711 463 2774 τὸ
483 2759 531 2774 ...
552 2711 700 2787 ςυγγενὲς
715 2710 869 2789 ἐμπόδιον
886 2710 959 2790 ὑμῖν
976 2711 1104 2787 γένηται
1121 2711 1175 2786 τῆς
1190 2707 1378 2788 προθυμίας,
1398 2724 1430 2773 13

238 2821 361 2900 χρόνον
384 2818 543 2903 ᾑτηςάμην
565 2821 629 2884 κτλ.
667 2819 853 2883 Sententiae
876 2821 1115 2901 structuraeque
1130 2816 1264 2899 hiatum,
1288 2835 1381 2899 quem

224 2951 298 2992 ‘nee
323 2935 351 2992 B
372 2949 432 2992 nec
449 2933 504 2991 ΑΒ
520 2928 666 3012 explent,
691 2933 764 3012 post
778 2929 912 3008 ἄραςθαι
929 2928 1057 2992 insertis
1080 2929 1265 2994 ἐπιεικῶς
1288 2926 1381 2991 ὑπέ-

240 3041 361 3118 λαβον
383 3037 489 3102 rerbis
512 3037 699 3122 adiectaque
722 3041 795 3122 post
817 3040 970 3104 δεδοικὼς
990 3037 1149 3121 particula
1171 3039 1212 3101 δὲ
1232 3041 1311 3100 om>
1321 3035 1381 3098 tol-

239 3146 304 3210 lere
327 3147 450 3230 conati,
472 3145 548 3230 quid
570 3147 733 3230 exciderit,
757 3147 882 3211 definiri
904 3147 1030 3230 nequit3
1053 3145 1227 3228 simplicius
1250 3145 1381 3226 ἄραςθαι

239 3256 479 3337 ἡγούμενος,
507 3257 607 3322 ἀλλὰ
634 3259 787 3323 δεδοικὼς
820 3259 860 3336 μὴ
894 3261 958 3321 κτλ,
995 3255 1145 3320 conicias.
1179 3293 1222 3303 -
1260 3255 1381 3318 Contra

240 3387 305 3429 non
334 3368 403 3429 erat
431 3386 486 3428 cur
512 3367 620 3448 paullo
649 3369 740 3448 ante,
773 3387 843 3449 cap.
869 3366 908 3429 15
930 3367 1028 3448 extu,
1056 3363 1174 3427 Fufetii
1203 3363 1305 3427 oratio
1330 3363 1382 3427 vel

239 3475 305 3538 ullo
327 3473 544 3538 additamento
566 3475 617 3538 vel
638 3474 700 3538 hoo
722 3476 807 3538 exitu
830 3475 864 3537 in
887 3479 966 3538 CDP
990 3473 1259 3557 amplificaretur:
1287 3494 1381 3553 προ·
1621 3503 1622 3542 ν

240 3585 441 3664 Θυμότατα
463 3584 508 3651 ἂν
531 3587 715 3651 δέξαιντο
736 3586 806 3650 τὸν
829 3585 927 3663 ὑπὲρ
948 3588 1014 3662 τῆς
1033 3582 1222 3663 πατρίδος
1244 3582 1382 3658 ἀγῶνα

240 3695 303 3758 καὶ
325 3693 494 3772 μηδενὸς
516 3693 829 3771 ἀναγκάςαντος;
858 3715 939 3776 quae
966 3692 1006 3755 ad
1029 3689 1271 3756 similitudinem
1291 3711 1382 3773 prae·

241 3822 370 3886 grassae
392 3801 546 3866 orationis
568 3801 770 3867 Hostilianas
793 3803 930 3868 conficte
952 3805 1028 3865 sunt
1055 3799 1174 3864 omnia.
1218 3798 1310 3864 Nihil
1331 3800 1382 3863 de-

242 3931 310 3975 esse
339 3911 525 3996 intelleges,
555 3912 608 3975 ubi
635 3933 701 3976 non
730 3913 772 3976 ab
800 3912 832 3977 εἰ
860 3911 931 3977 ούν
955 3912 1109 3994 protasim
1136 3909 1274 3992 ordiere‚
1305 3930 1382 3973 sane

241 4019 330 4084 illam
352 4019 482 4104 epodosi
506 4021 694 4104 carituram,
729 4020 785 4085 sed
812 4024 959 4104 suscepta
987 4043 1044 4104 pro
1072 4019 1122 4083 his
1151 4019 1262 4098 εἴπερ
1284 4018 1382 4101 parti-
1621 4025 1622 4088 l

243 4129 314 4192 cula
335 4132 520 4212 mutataque
541 4130 800 4213 interpunctione
815 4129 855 4193 ad
870 4130 955 4194 hanc
971 4129 1162 4194 concinnam
1178 4127 1382 4192 construendi

243 4237 482 4320 simplicitatem
503 4238 625 4322 reliqua
648 4239 862 4303 revocaveris:
884 4241 1076 4318 μαντεύομαι
1097 4239 1133 4302 δὲ
1148 4239 1198 4301 καὶ
1213 4239 1286 4317 περὶ
1305 4238 1382 4303 ἐκεί-
1620 4205 1622 4352 l

244 4366 311 4411 νιυν
335 4347 388 4411 olo
410 4347 458 4410 καὶ
481 4351 553 4426 περὶ
573 4353 640 4414 τῶν
662 4349 842 4429 ἡμετέρων,
864 4349 975 4428 εἴπερ
1002 4349 1076 4413 εἰςὶν
1099 4347 1189 4411 οἵους
1212 4348 1383 4427 ἀκούομεν,
1621 4355 1622 4442 l

1621 4479 1622 4532 l

1621 4541 1622 4584 l

1621 4627 1622 4680 l

1621 4717 1622 4756 l

1563 4809 1569 4820 .
1621 4759 1622 4820 l

1541 4981 1622 5054 Δ
