3270 5094
268 343 332 420 404
583 363 630 416 os
653 365 802 418 caurrco
825 349 1032 419 soraoctso

269 523 358 588 milia
381 519 536 608 exempla.
545 517 576 608 *)
620 517 715 588 Nunc
737 523 845 587 autem
868 541 939 586 cum
960 517 1021 604 his,
1045 539 1126 605 quae
1148 517 1201 586 via
1223 541 1262 587 ae
1283 512 1409 588 ratione

269 655 308 697 ex
330 631 499 698 obscurata
521 631 674 698 librorum
695 629 848 696 memoria
871 629 990 696 eruisse
1011 631 1104 696 nobis
1125 631 1284 696 videmur:

511 787 550 851 τὸ
571 787 629 866 μέν
650 805 696 849 τι(
719 785 884 863 ἀκμαῖος
907 785 981 849 οὔτε
1003 785 1125 863 γηρὰε

511 895 718 975 εημάντωρ
740 894 866 958 ἁλιώεει
888 895 955 974 χερὶ
976 894 1094 972 πέρεαε
1108 919 1143 928 -·

269 1067 418 1130 compara
440 1045 519 1110 milri
541 1065 659 1129 quaeso
681 1043 883 1108 incredibilia
904 1044 977 1128 illa,
1008 1065 1089 1128 quae
1116 1066 1229 1128 parum
1250 1045 1407 1129 locuplete

267 1157 318 1219 vel
340 1159 469 1219 auctore
492 1155 540 1218 vel
564 1154 735 1238 impulsore
751 1152 916 1218 Nauckius
937 1175 1040 1237 nuper
1062 1154 1261 1238 periclitatus
1284 1157 1332 1218 est
1354 1177 1407 1218 au-

267 1265 445 1329 dacissime.
490 1261 692 1348 Hartungius
715 1263 894 1327 enimcum
920 1263 956 1326 in
983 1265 1058 1330 οὔτε
1085 1265 1202 1344 recob<
1229 1265 1407 1348 suspicatus

267 1377 351 1438 essct
373 1375 445 1439 οὔτ’
467 1373 546 1453 ἦρος
569 1371 680 1454 latere,
703 1370 780 1435 hino
801 1371 856 1435 ille
879 1371 975 1436 nimis
991 1372 1136 1437 credulus
1150 1373 1312 1457 profectus
1327 1373 1407 1438 talia

267 1487 380 1567 poetae
404 1481 613 1547 coniectando
635 1481 764 1544 tribuit:
794 1483 833 1547 τὸ
860 1483 918 1562 μέν
946 1503 992 1547 τι(
1019 1483 1102 1547 οὔτ’
1132 1482 1226 1562 rico<
1255 1483 1339 1549 οὔτ’
1363 1485 1406 1550 ἐν

269 1594 350 1676 ὥρᾳ
373 1594 581 1672 χειμώνων
604 1591 730 1656 ἁλιώεει
752 1612 780 1654 e.
804 1613 834 1674 q.
859 1613 885 1654 s.
930 1590 1054 1655 Hocine
1075 1613 1151 1655 vero
1174 1595 1223 1655 est
1237 1592 1406 1656 emendare

267 1703 437 1786 scriptores
459 1723 502 1764 an
525 1703 557 1764 et
579 1699 687 1763 ludere
709 1700 844 1764 lectores
866 1703 899 1763 et
913 1700 947 1763 in
969 1699 1140 1764 ludibrium
1156 1700 1289 1765 aliorum
1304 1707 1406 1766 artem

266 1815 410 1874 nostram
431 1831 558 1875 omnem
580 1809 728 1873 vertere?
771 1809 815 1873 Et
842 1813 878 1873 ut
905 1810 939 1873 in
967 1809 1037 1892 ipsa
1065 1810 1228 1874 sententia
1249 1833 1406 1876 moremur

266 1941 453 2004 parumper,
481 1939 673 2002 umquamne
701 1919 867 2002 quisquam
894 1918 992 1982 fando
1019 1919 1177 1984 inaudivit
1204 1920 1252 1983 vel
1279 1919 1406 1984 facilius

266 2033 322 2093 aut
344 2028 505 2093 difficilius
527 2028 577 2092 vel
598 2027 746 2091 usitatius
768 2031 825 2091 aut
845 2027 1029 2092 inusitatius
1048 2049 1146 2092 verno
1161 2051 1257 2113 quam
1271 2029 1406 2094 hiberno

266 2143 409 2222 tempore
429 2137 594 2202 arboribus
616 2137 682 2224 sire
704 2136 855 2200 iniuriam
876 2137 945 2201 fieri
968 2137 1034 2202 sive
1057 2138 1189 2202 exitium
1210 2139 1343 2222 parari?

227 2261 244 2309 x
349 2247 493 2312 Tertium
525 2247 705 2330 exemplum
738 2245 974 2330 discrepantiae
1005 2247 1157 2312 metricae
1190 2247 1230 2311 ad
1259 2270 1296 2312 ea
1324 2269 1405 2332 quae

266 2358 475 2442 insequuntur
496 2355 647 2440 pertinet.
691 2354 756 2420 Vbi
786 2377 856 2419 cum
879 2360 934 2420 aut
955 2355 1038 2420 desit
1059 2357 1094 2420 in
1117 2357 1319 2441 antistropha
1340 2381 1405 2422 una

265 2467 389 2551 syllaba
416 2471 473 2530 aut
500 2467 535 2530 in
561 2466 693 2549 stropha
721 2464 892 2548 redundet,
921 2465 988 2530 illio
1015 2464 1142 2549 quidem
1167 2466 1286 2549 aliquid
1306 2467 1404 2530 inter·

266 2577 380 2640 cidisse
414 2581 502 2640 ratus
530 2575 689 2659 Bergkius
722 2597 793 2638 oum
827 2573 867 2638 ad
899 2573 1046 2638 Triclinii
1079 2575 1270 2659 scripturam
1302 2598 1404 2657 παρα-

264 2689 451 2766 πεπταμένα
472 2684 568 2750 rediit
589 2684 683 2748 unius
702 2683 830 2748 litterae
845 2685 1026 2748 accessione
1042 2707 1227 2749 conversam
1242 2685 1277 2749 in
1292 2707 1404 2766 παραι-

264 2797 463 2875 πεπταμένα,
486 2815 614 2876 prorsus
637 2815 703 2858 uon
719 2793 919 2878 intellegitur
933 2794 1007 2878 quid
1022 2795 1153 2858 tandem
1175 2795 1261 2876 χερεῖ
1275 2795 1404 2858 nomine

263 2906 381 2988 faciat,
411 2903 492 2987 quod
522 2903 648 2986 quidem
678 2925 750 2966 cum
778 2905 994 2984 παράπτεεθαι
1022 2903 1111 2968 verbi
1137 2903 1308 2987 participio
1331 2926 1403 2970 con·

265 3018 420 3077 structum
452 3033 520 3076 esse
547 3012 657 3076 subtili
685 3012 801 3077 iudicio
829 3013 949 3096 primus
972 3011 1232 3078 Schneidewinus
1254 3014 1401 3097 pervidit.

265 3123 385 3188 Contra
407 3121 442 3186 in
464 3121 625 3205 strophico
644 3143 737 3186 versu
759 3123 887 3186 subesse
910 3123 1022 3186 vitium
1044 3122 1203 3188 Porsouus
1224 3123 1403 3206 suspicatus

265 3255 303 3297 ex
332 3234 480 3298 εἰεαιέν
509 3253 527 3294 a
555 3253 589 3295 se
618 3231 764 3296 effectum
792 3231 876 3298 αἰέν
904 3231 1077 3296 editoribus
1105 3235 1178 3316 post
1199 3253 1233 3296 se
1255 3233 1402 3297 omnibus

264 3340 455 3406 mirabiliter
476 3339 635 3424 probavit.
680 3339 761 3415 Quid
784 3341 913 3405 autem?
940 3340 1054 3406 hocine
1083 3342 1160 3405 artis
1184 3346 1242 3425 est,
1272 3341 1307 3406 in
1329 3343 1401 3406 sim·

264 3452 379 3535 plicem
402 3455 435 3514 et
456 3450 571 3524 tritam¹
591 3471 663 3513 cum
684 3450 821 3514 formam
842 3453 911 3514 tum
933 3451 1097 3516 notionem
1111 3455 1234 3515 mutare
1250 3451 1401 3516 rariorem

263 3560 512 3644 fortioremque?
555 3558 799 3624 Recordandum
826 3563 896 3624 erat
922 3561 1043 3644 potius,
1072 3561 1218 3644 quotiens
1245 3560 1401 3644 pristinae

265 3735 334 3743 —-.
379 3735 465 3742 -ι

330 3823 355 3886 *)
373 3821 462 3890 [qliae
484 3819 707 3874 unveritohtliohe
730 3817 825 3875 Stfitze
844 3822 889 3875 fiir
908 3819 952 3877 die
970 3819 1030 3877 hier
1052 3821 1211 3890 gesorderte
1232 3821 1401 3893 Aenderuug

262 3914 311 3968 dea
330 3913 526 3968 uberlieferten
543 3913 687 3980 (ημαίνων
704 3912 733 3966 iu
750 3915 900 3982 (ημάπωρ
918 3915 1007 3970 bietet
1023 3916 1073 3970 der
1090 3915 1160 3970 Vera
1178 3917 1246 3972 Ocd.
1259 3917 1324 3987 Tyr.
1343 3923 1400 3984 957,

261 4023 305 4060 wo
328 4006 366 4059 im
389 4006 476 4060 Texta
500 4005 549 4059 des
571 4005 773 4060 Laurentianus
797 4009 921 4076 εημὴνα(
940 4007 1007 4062 oder
1025 4008 1158 4062 vielmehr
1176 4011 1298 4078 (ημάναε
1316 4010 1400 4074 steht,

262 4099 332 4154 aber
349 4098 400 4152 mit
418 4099 467 4152 der
486 4097 584 4152 Gloase
601 4115 643 4166 γρ.
656 4099 815 4167 (ημάντωρ,
834 4100 937 4154 welche
950 4101 1064 4155 letztere
1076 4101 1174 4155 Lesart
1193 4101 1234 4154 als
1253 4101 1298 4156 die
1316 4099 1399 4156 ullein

261 4190 380 4260 richtige
398 4189 609 4259 nachgewiesen
626 4190 739 4245 worden
756 4191 794 4246 ist
811 4209 865 4246 von
882 4193 915 4246 A.
933 4192 1031 4246 Nauck
1048 4193 1077 4246 in
1095 4191 1189 4248 diesen
1207 4192 1399 4248 Jahrbtiehorn

262 4283 335 4336 oben
352 4301 379 4351 p.
395 4289 462 4336 164)
488 4281 584 4337 Verba
602 4285 666 4336 suut
683 4282 862 4348 Fleckeiseni‚
881 4283 980 4350 quibus
999 4301 1144 4339 censuram
1162 4285 1270 4354 opellae
1286 4287 1400 4339 nostrae

262 4391 279 4426 a
298 4375 329 4426 lt.
349 4373 459 4440 linigero
478 4375 610 4444 scriptam
629 4377 705 4429 rrrrxit
721 4375 866 4434 Arrualiuru
887 4395 997 4430 suorum
1016 4377 1068 4431 vol.
1087 4385 1120 4432 Βῡ
1139 4381 1310 4446 (a.186‘2)p.
1329 4377 1399 4444 351]
