3184 5100
596 437 756 485 suueuia
779 437 950 484 cnrrroua.
1285 421 1346 484 ios

206 611 338 654 camene
361 591 552 674 occupatam
574 589 655 654 libro
677 589 725 654 IV
732 639 741 674 ,
764 591 801 673 5,
818 591 838 653 3
856 587 916 678 [9],
941 590 991 654 vel
1013 590 1051 654 de
1067 589 1193 674 Thyrea
1215 588 1344 654 dimica-

203 703 272 764 tum
297 723 317 764 a
339 701 406 764 solo
428 700 506 764 item
527 698 685 784 Polydoro
707 700 789 764 libro
811 700 870 784 HI,
895 702 925 784 7,
948 702 978 766 5.

287 809 401 894 Itaque
434 813 472 874 ut
500 809 605 874 dicam
639 810 715 894 quid
744 810 897 895 sentiam,
932 832 998 874 non
1030 809 1162 896 ambigo
1199 810 1344 894 equidem

203 921 282 1004 quin
303 919 383 986 haec
398 919 584 986 Alcamenis
600 920 760 1004 expeditio
774 921 885 985 eadem
906 921 949 985 sit
971 924 1065 1006 atque
1089 921 1153 985 alia
1175 921 1342 1004 quaedam,

203 1051 284 1115 quae
305 1029 469 1096 Nicandro
492 1031 571 1097 duce
594 1031 744 1097 adversus
774 1032 911 1117 Argivos
938 1031 1026 1096 facta
1049 1034 1113 1115 est,
1142 1052 1238 1114 quem
1266 1030 1343 1094 item

203 1162 263 1206 nec
284 1141 369 1206 solus
391 1141 508 1206 dicitur
529 1141 692 1208 Nicander
720 1142 911 1226 suscepisse,
940 1163 1001 1207 uec
1022 1161 1116 1226 quem
1137 1140 1286 1205 habuerit
1308 1140 1342 1205 iu

203 1273 240 1316 ea
262 1251 466 1336 suscipienda
488 1251 645 1337 collegam
667 1252 879 1337 significatur.
923 1251 983 1316 Ille
1005 1252 1091 1316 enim
1113 1251 1286 1335 assumptis
1308 1251 1343 1314 in

201 1361 278 1426 belli
300 1362 488 1427 societatem
510 1363 659 1428 Asinaeis
681 1365 721 1428 τὰ
743 1365 851 1428 πολλὰ
879 1363 1018 1430 ἐκάκωεε
1045 1367 1101 1442 τῆ(
1122 1367 1200 1445 γῆς,
1234 1365 1271 1425 ut
1298 1361 1343 1426 sit

201 1472 378 1538 Pausanias
399 1473 464 1556 ΠΙ,
482 1473 517 1556 7,
540 1473 572 1538 4.
621 1471 742 1548 Quibus
764 1494 846 1556 quae
868 1472 1019 1556 deinceps
1041 1471 1146 1555 addit,
1171 1471 1340 1554 Asinaeos,

201 1583 320 1669 quippe
347 1583 440 1648 huius
466 1583 641 1668 participes
668 1583 871 1667 irruptionis,
907 1583 948 1647 ab
976 1582 1108 1667 Argivis
1135 1583 1242 1666 patria
1274 1603 1342 1645 esse

202 1694 365 1778 expulsos,
405 1715 514 1758 eorum
543 1693 681 1778 insignis
715 1693 762 1758 vis
793 1696 843 1756 est
873 1693 913 1757 ad
945 1692 1106 1758 subtiliter
1137 1692 1343 1756 iudicandum

201 1805 328 1888 tempus
361 1803 447 1868 illius
482 1803 703 1887 expeditionis.
749 1801 972 1887 Comparsnda
1001 1805 1077 1868 sunt
1109 1805 1216 1866 autem
1245 1802 1342 1866 verba

200 1913 275 1978 libri
297 1913 355 1996 IV,
380 1915 417 1998 3,
444 1917 476 1997 1,
500 1913 555 1977 ubi
578 1935 649 1978 curn
672 1917 850 1998 exponatur
872 1913 911 1977 de
933 1913 1027 1978 rebus
1050 1911 1241 1977 Messeniaei
1265 1911 1341 1976 belli

201 2023 295 2107 primi
318 2044 405 2088 anno
427 2024 539 2108 quinto
562 2024 662 2108 gestis
669 2075 678 2106 ,
706 2024 767 2088 hoc
790 2028 839 2088 est
861 2023 1050 2107 olympiadis
1073 2021 1104 2086 X
1126 2043 1211 2086 anno
1234 2021 1340 2104 tertio,

200 2136 270 2198 tum
298 2131 542 2198 Lacedaemonii
571 2137 746 2199 narrantur
775 2135 937 2199 coniuncti
965 2133 1064 2197 fuisse
1093 2154 1165 2197 oum
1192 2131 1342 2196 Asinaeis

200 2265 265 2308 una
293 2246 399 2308 aetate
427 2245 504 2307 ante
525 2245 633 2327 patria
655 2243 805 2327 expulsis.
850 2243 968 2319 Quodsi
990 2244 1049 2308 tris
1072 2246 1104 2306 et
1125 2241 1262 2326 triginta
1284 2263 1342 2304 an·

201 2375 259 2416 nos
282 2351 463 2418 ascenderis
485 2357 586 2437 retro,
614 2353 748 2418 habebis
773 2353 964 2438 olympiadis
990 2352 1024 2415 II
1051 2373 1172 2416 annum
1194 2351 1340 2434 alterum,

200 2483 263 2545 quo
285 2465 318 2526 et
339 2463 446 2545 patria
467 2463 662 2528 excesserint
685 2462 817 2528 Asinaei
840 2468 873 2528 et
895 2463 1059 2528 Nicander
1080 2461 1216 2526 vastarit
1243 2461 1340 2545 Argi-
1360 2476 1392 2524 10

199 2593 311 2636 vorum
332 2575 463 2636 terram.
507 2572 592 2638 Nam
619 2573 704 2638 hanc
726 2572 881 2638 Nicandri
910 2572 1126 2637 incursionem
1148 2575 1182 2635 et
1203 2571 1340 2655 Argivo

200 2703 270 2745 rum
291 2681 442 2746 adversus
457 2683 614 2748 Asinaeos
637 2683 871 2771 expeditionem
893 2682 1080 2748 brevissimo
1102 2680 1220 2745 distare
1242 2680 1340 2744 inter·

199 2791 295 2875 vallo,
320 2814 392 2857 cum
415 2792 508 2858 docet
529 2814 635 2858 rerum
658 2793 740 2858 libro
755 2794 815 2876 ΠΙ,
841 2795 875 2877 Ι,
899 2795 920 2856 4
943 2792 1159 2875 expositarum
1180 2788 1339 2875 perpetui-

198 2905 260 2985 tas,
283 2905 351 2967 tum
373 2902 565 2987 perspicitur
587 2925 604 2967 e
626 2903 732 2968 verbis
755 2903 828 2968 libri
851 2902 900 2985 ΙΙ,
924 2904 975 2984 36,
999 2903 1020 2967 5
1043 2899 1085 2988 [4]
1110 2900 1213 2965 hisce:
1237 2901 1282 2967 dre
1304 2903 1340 2966 δὲ

198 3013 346 3080 ὁετόλο(
368 3017 435 3079 τῶν
453 3014 712 3092 Λακεδαιμονίων
735 3015 878 3094 ἀπῆλθεν
901 3013 1020 3088 οἴκαδε,
1043 3013 1265 3090 ετρατεύουειν
1288 3011 1340 3076 ἐπὶ

198 3125 257 3202 τὴν
279 3125 402 3203 Ἀείνην
425 3123 456 3189 οἱ
477 3125 620 3202 Ἀργεῖοι.
664 3123 841 3188 Pausanias
863 3145 949 3205 vero,
976 3122 1029 3205 qui
1053 3122 1219 3205 antiquom
1241 3119 1338 3185 Lace-

198 3231 438 3298 daemoniorum
465 3231 633 3298 historiam
660 3255 833 3317 paueorum
863 3232 1003 3315 capitum
1031 3231 1155 3295 ambitu
1184 3231 1338 3316 complec-

198 3343 319 3406 teretur
347 3345 379 3406 et
406 3344 497 3427 quasi
525 3347 700 3426 coartaret,
734 3344 813 3408 satis
845 3341 960 3408 habuit
991 3342 1026 3406 in
1054 3342 1218 3425 utriusque
1252 3341 1338 3425 regis
1438 3389 1444 3400 .

198 3451 291 3516 rebus
313 3453 414 3536 gestis
437 3473 699 3518 commemorasse
721 3475 789 3518 rem
810 3453 930 3536 ipsam,
955 3451 1122 3516 victoriam
1144 3451 1183 3515 de
1205 3451 1338 3535 Argivis

198 3565 410 3646 reportatam3
437 3584 496 3627 nos
519 3567 626 3628 autem
653 3567 780 3648 oportet
806 3563 943 3647 singulis
971 3562 1145 3646 diligenter
1171 3560 1338 3645 perpensis

198 3691 236 3736 ac
259 3671 399 3737 studiose
420 3672 507 3737 iuter
528 3695 561 3738 se
585 3673 745 3738 contentis
768 3693 805 3736 ea
829 3673 1034 3756 coniungere,
1062 3692 1142 3756 quae
1166 3672 1337 3736 coniuncta

197 3781 296 3846 fuisse
318 3781 528 3872 probabiliter
557 3805 650 3869 posse
672 3783 891 3848 demonstrare
914 3782 1089 3847 videamur.

282 3891 430 3960 Ceterum
466 3893 502 3956 in
537 3893 593 3958 illa
630 3892 818 3978 opinionum
853 3892 1071 3976 discrepantia
1107 3891 1147 3955 de
1179 3912 1337 3956 annorum

197 4024 336 4086 summa,
364 4003 419 4086 qui
446 4003 540 4068 unius
568 4003 691 4068 ambitu
721 4006 834 4079 revedit
857 4002 1169 4085 comprehendantur
1198 4001 1250 4084 (de
1273 4023 1336 4085 qua

196 4115 270 4195 post
291 4112 371 4178 alios
393 4113 510 4177 multos
538 4112 660 4177 erudite
687 4112 733 4177 Io.
758 4111 910 4178 Albcrtus
938 4111 1006 4196 egit
1034 4111 1142 4176 adnot.
1172 4109 1211 4176 ad
1234 4109 1336 4194 Hesy-

197 4221 304 4286 cbium
326 4223 389 4288 vol.
405 4222 421 4286 I
436 4245 468 4306 p.
485 4223 573 4309 814),
596 4223 657 4287 hoc
679 4221 807 4308 quidem
829 4220 1029 4286 dubitatione
1050 4224 1146 4285 vacat
1152 4269 1161 4304 ,
1186 4242 1250 4284 non
1273 4219 1335 4284 dis-

198 4331 329 4396 cessisse
349 4331 543 4398 Pausaniam
565 4335 606 4398 ab
621 4333 775 4398 Herodoti
799 4333 960 4416 exemplo,
984 4354 1077 4416 quem
1091 4353 1190 4415 usque
1212 4352 1336 4414 quaque

197 4443 386 4526 aemulatur,
409 4465 470 4507 nec
492 4443 557 4507 ullo
578 4447 674 4528 pacto
696 4467 788 4530 posse
810 4444 849 4508 dc
872 4441 1019 4528 Dionysii
1040 4441 1335 4506 Halicarnassensis
