3184 5100
295 333 357 396 704
687 347 846 394 sorianus
870 347 1042 393 csrmcnu.

296 499 396 562 docti:
420 499 501 582 quod
526 499 553 561 ei
576 503 743 581 peccatum
766 519 932 562 commuue
955 501 1003 562 est
1019 520 1089 562 cum
1105 498 1282 581 Clavigero,
1307 499 1426 562 honnne

296 609 519 691 Francogallo.
565 607 625 683 Qui
654 631 726 672 cum
753 608 813 672 hoc
843 609 1102 672 comminiscetur
1129 609 1289 672 scribendi
1317 631 1426 692 genus:

296 718 393 783 οὗτος
419 720 481 797 γὰρ
510 721 560 783 καὶ
587 719 606 783 ὁ
634 721 667 782 ἐς
701 723 760 796 τὴν
790 719 957 798 Ἀργολίδα
985 720 1144 798 ἐςβαλιίιν,
1178 719 1372 784 contrariam
1398 717 1426 779 in

295 831 419 910 partem
444 820 673 911 peccatatque
696 827 890 891 Siebelisius.

380 937 452 1022 Ego
475 961 549 1002 vero
571 941 699 1002 tantum
720 938 892 1022 intellego,
923 942 1068 1021 spectare
1091 938 1170 1001 haec
1193 939 1290 1002 verba
1312 938 1353 1001 ad
1378 937 1427 1000 illa

296 1071 375 1132 qnae
398 1049 549 1132 leguntur
572 1071 641 1130 cap.
666 1048 686 1109 2
710 1053 729 1127 ξ
751 1050 786 1112 δε
816 1050 1001 1126 Ἀγηςιλάου
1023 1051 1058 1113 δὲ
1081 1053 1154 1112 ταῖς
1176 1049 1307 1125 ἐγένετο
1329 1048 1428 1127 Ἀρχέ-

296 1163 384 1222 λαος.
408 1160 458 1222 ἐπὶ
474 1159 850 1244 τούτουᾶλακεδαιμόνιοι
866 1160 998 1243 πολέμῳ
1021 1160 1230 1239 κρατήςαντες
1252 1161 1347 1224 πόλιν
1369 1162 1429 1223 τῶν

295 1269 499 1347 περιοικίδων
522 1269 799 1362 ἠνδραποδίςαντο
815 1269 925 1347 Αἴγυν,
948 1268 1206 1334 ὑποπτεύςαντες
1230 1269 1275 1332 άις
1298 1269 1328 1333 οἱ
1345 1268 1429 1343 Αἰγῦ-

295 1401 344 1443 ται
372 1383 529 1460 φρονοῦςι
556 1380 595 1443 τά
623 1380 794 1459 Ἀρκάδων.
840 1378 997 1458 Χάριλλος
1024 1381 1060 1443 δὲ
1083 1379 1101 1444 ὁ
1124 1383 1179 1456 τῆς
1202 1377 1312 1458 ἑτέρας
1338 1378 1430 1443 οἰκίας

296 1492 437 1568 βαςιλεὺς
459 1492 614 1554 ςυνεξεῐλε
637 1491 694 1568 μὲν
717 1491 767 1553 καὶ
790 1489 951 1573 Ἀρχελάῳ
979 1492 1037 1567 τὴν
1061 1487 1172 1564 Αἴγυν·
1202 1490 1306 1553 ὁπόςα
1328 1491 1362 1552 δὲ
1385 1487 1431 1562 καὶ

262 1599 277 1647 5
295 1599 356 1682 ἰδίᾳ
370 1599 628 1678 Λακεδαιμονίων
651 1599 749 1663 αὐτὸς
766 1599 898 1677 ἔδραςεν
913 1598 1103 1678 ἡγούμενος,
1127 1601 1250 1677 μνήμην
1267 1601 1317 1662 καί
1330 1603 1428 1662 τῶνδε

294 1710 487 1797 ττοιηςόμεθα
515 1710 596 1788 ὁμοῦ
624 1715 671 1794 τῷ
700 1709 788 1794 λόγῳ
816 1709 985 1788 μεταβάντι
1013 1709 1046 1772 ἐς
1078 1703 1153 1772 τοὺς
1188 1709 1428 1787 Εὐρυπωντίδας

295 1821 525 1898 καλουμένους.
570 1817 729 1882 Debemus
761 1818 846 1881 enim
878 1817 1038 1881 reeordari
1071 1818 1105 1880 in
1138 1818 1232 1880 rebus
1264 1816 1429 1880 Laconicis

296 1925 484 1992 enarrandis
507 1949 578 1992 eam
599 1929 725 1992 institui
747 1928 831 1991 viam
855 1950 874 1989 a
897 1927 1075 2010 Pausania,
1099 1931 1134 1990 ut
1156 1947 1298 1990 seorsum
1318 1930 1431 1990 tracte·

295 2041 347 2100 tur
377 2037 685 2120 Eurysthenidarum
719 2037 769 2102 vel
802 2036 981 2121 Agidarum
1013 2039 1108 2120 atque
1134 2035 1354 2100 Proclidarum
1385 2034 1430 2098 vel

297 2146 591 2230 Eurypontidarum
606 2147 750 2228 historia,
775 2149 820 2210 ita
836 2151 872 2209 ut
894 2147 935 2209 ab
958 2147 1059 2210 altero
1081 2167 1179 2230 usque
1201 2146 1242 2209 ad
1264 2147 1431 2230 septimum

296 2260 392 2340 caput
414 2261 592 2339 exponatur
614 2256 652 2320 de
674 2256 748 2339 illis,
772 2256 810 2319 de
833 2256 882 2320 his
906 2259 1012 2319 autem
1034 2256 1194 2340 deinceps.
1232 2256 1345 2340 Itaque
1368 2277 1430 2320 ma-

295 2368 448 2430 nifestum
470 2371 519 2430 est
540 2370 707 2450 utrumque
734 2367 852 2430 dictmn
883 2366 1021 2430 invicem
1048 2366 1109 2429 sibi
1131 2366 1243 2428 referri
1266 2367 1431 2450 verbisque

296 2477 392 2542 οὗτος
414 2479 475 2556 γὰρ
493 2515 536 2525 -
557 2479 700 2557 ἐςβαλιίιν
723 2477 871 2560 promissi
893 2480 989 2540 antea
1011 2476 1091 2540 facti
1112 2476 1298 2540 memoriam
1320 2474 1431 2560 repeti.

295 2587 413 2663 Quodsi
436 2587 599 2670 scripserit
627 2586 803 2652 Pausanias
832 2588 878 2650 ita
900 2589 936 2650 ut
958 2587 1124 2671 vulgatum
1146 2589 1210 2668 est,
1240 2586 1432 2650 sententiam

294 2697 354 2761 hoe
376 2701 472 2781 pacto
494 2697 690 2780 suppleverit
711 2718 841 2762 necesse
864 2696 923 2759 sit:
951 2697 1107 2776 Χάριλλος
1128 2699 1188 2776 τὴν
1210 2702 1270 2775 γῆν
1295 2697 1432 2782 ἐδῄωςεν

295 2811 459 2889 Ἀργείοις·
483 2808 579 2872 οὗτος
594 2807 655 2888 γὰρ
678 2809 727 2871 καὶ
742 2809 775 2871 ἐς
790 2810 847 2885 τὴν
863 2809 1031 2886 Ἀργολίδα
1047 2808 1176 2886 ἐςέβαλε
1200 2807 1341 2890 (quando
1357 2807 1433 2872 καίει

296 2905 360 2982 iani
382 2918 512 3000 explosa
534 2917 692 3000 scriptura
715 2919 793 3000 est),
824 2918 863 2981 οὐ
891 2918 994 2995 μόνον
1021 2918 1054 2981 ἐς
1076 2916 1185 2994 Αίγυν.
1231 2915 1327 2980 Ouiur
1356 2916 1433 2980 faei-

295 3028 382 3092 uoris
406 3027 559 3110 cogitatio
583 3050 654 3092 cum
681 3028 802 3112 aliquot
825 3027 966 3110 capitum
989 3026 1159 3090 intervallo
1181 3027 1224 3088 sit
1246 3026 1432 3104 interclusa,

295 3158 356 3221 quo
383 3137 515 3200 tandem
542 3137 677 3201 artificio
705 3137 826 3200 efficias
854 3140 890 3199 ut
917 3158 974 3199 sua
1001 3140 1115 3219 sponte
1142 3139 1250 3200 mente
1273 3137 1432 3219 concipia-

294 3247 370 3311 tnr‘?
407 3247 578 3312 Praeterea
601 3251 637 3311 ut
658 3248 718 3312 hoc
741 3247 809 3312 fieri
832 3268 925 3330 posse
946 3246 1128 3329 concedam,
1152 3267 1344 3330 quamquam
1367 3267 1432 3310 non

296 3359 449 3424 concedo:
478 3359 628 3442 quoniam
651 3358 841 3441 interposita
863 3358 919 3420 illa
943 3357 1163 3421 enuntiatione
1186 3356 1328 3420 omnium
1352 3355 1433 3422 Cha-

293 3469 366 3532 rilai
398 3470 556 3551 factorum
589 3468 743 3533 memoria
776 3468 866 3552 quasi
898 3468 1025 3531 vinculo
1063 3464 1359 3550 comprehenditur,
1394 3487 1435 3530 nc

294 3579 373 3642 satis
407 3579 534 3662 quidem
565 3579 646 3642 facit
683 3579 825 3662 Argivae
859 3577 1069 3661 expeditionis
1104 3577 1360 3641 commemoratio
1395 3563 1435 3640 ad

296 3689 536 3771 complectenda
559 3711 611 3772 ea,
641 3710 722 3772 quae
750 3711 783 3752 se
806 3689 1021 3772 expositurum
1044 3686 1221 3751 Pausanias
1244 3709 1341 3770 supra
1363 3706 1435 3770 pro

294 3799 434 3862 miserat.
474 3797 563 3872 Quod
586 3821 657 3862 cum
679 3799 726 3861 ita
748 3798 927 3863 extulisset:
952 3819 1028 3876 qnae
1050 3810 1148 3862 autem
1166 3809 1295 3877 praeter
1317 3803 1433 3878 Αυρμτι,

295 3932 315 3973 α
333 3915 477 3974 Ολαινλαο
498 3930 561 3974 aaa
575 3931 641 3974 cum
658 3913 806 3974 Arcleelao
827 3915 943 3988 calleyo
959 3929 1103 3985 euersam,
1126 3919 1213 3987 qesta
1235 3929 1255 3972 α
1277 3915 1341 3972 solo
1357 3913 1436 3972 Ολα-

294 4028 374 4086 rilao
396 4033 473 4098 suot,
498 4040 535 4084 ea
556 4031 748 4099 exponentur
770 4023 868 4097 infra,
897 4017 1166 4083 accommodanda
1188 4017 1268 4080 haec
1289 4019 1360 4102 ipsa
1384 4039 1436 4081 ex-

294 4131 410 4214 positio
433 4137 502 4192 erat
524 4129 564 4193 ad
586 4129 693 4213 priora
716 4130 771 4194 illa
794 4125 829 4192 in
851 4128 936 4194 hunc
957 4128 1099 4192 modum:
1136 4127 1189 4192 hic
1211 4128 1307 4210 enim,
1330 4127 1363 4191 id
1388 4133 1437 4191 est

295 4240 349 4324 qui
376 4241 493 4324 Aegyn
527 4239 739 4324 expugnarit,
774 4242 940 4322 praeterea
973 4239 1071 4302 etiam
1103 4239 1137 4302 in
1172 4237 1311 4321 Argivos
1344 4249 1439 4317 atque

300 4353 446 4426 Τυρταίου
482 4349 606 4431 irrupit.
659 4349 720 4412 Sed
754 4349 895 4412 nondum
928 4347 1089 4432 perfuncti
1122 4369 1227 4411 sumus
1265 4369 1437 4432 argmnen-
