3218 5094
580 391 628 436 nn
651 390 721 436 ono
745 388 789 434 ur
812 387 954 435 oaronn.
1276 367 1338 432 653
1593 445 1597 504 1

198 545 316 608 τούτου
347 544 535 623 ὸάόριςτος
562 541 658 616 αὖςα,
688 542 737 604 καὶ
765 508 902 604 διαλύςει
928 540 979 602 καὶ
1005 542 1108 620 τροπῇ
1135 540 1194 601 τοῦ
1218 558 1236 601 υ
1258 535 1339 600 είςε
1594 511 1597 584 i

197 654 317 728 γίνεται
340 653 425 718 ἅεςο.
449 690 492 702 -—
513 651 567 715 Et.
584 650 628 714 M.
653 672 684 732 p.
708 649 781 725 502,
804 649 861 713 38:
884 648 1011 732 (κέλης
1034 648 1070 710 δέ
1093 647 1176 710 ἐςτιν
1197 645 1298 709 ἵππος
1319 645 1338 708 ὁ
1594 718 1596 750 ,

200 763 367 842 μονάμτωξ
389 764 438 827 καί
461 763 610 841 δρομικὸς
632 762 651 824 ὸ
675 764 736 824 νῦν
758 759 923 838 ςελλὰριος
945 757 1129 836 λεγόμενος,
1152 756 1221 820 ἐπεὶ
1241 774 1339 819 sorro-
1496 804 1500 812 ,
1593 751 1597 910 p

198 874 291 937 λαιὸν
315 872 480 937 ώςεπίπαν
503 875 570 936 τοῖς
593 869 724 950 ἅρμαςιν
741 869 911 952 ἐχρῶντο.)
935 869 1027 946 κέλης
1049 868 1084 930 δὲ
1106 867 1230 942 λέγεται
1252 865 1340 944 παρὰ

197 985 237 1047 τὸ
262 983 513 1060 διεςκελιςμένον
535 981 607 1044 τινὰ
633 982 783 1057 καθῆςθαι
806 979 850 1042 εἰς
877 977 984 1041 αὐτόν.
1019 976 1124 1040 οὕτως
1151 974 1339 1054 Ἐπαφρόδι-

200 1112 273 1167 τος,
304 1092 350 1156 ώς
372 1093 455 1167 λέγει
478 1091 585 1168 Ὧρος.
629 1090 706 1153 ὸδὲ
731 1088 941 1170 [Ἡρωδιανὸς
969 1087 1018 1150 καὶ
1041 1084 1122 1148 adde
1151 1105 1168 1147 e
1190 1083 1341 1147 Favorini

198 1201 268 1264 nol.
283 1223 325 1283 pp.
348 1200 422 1281 268,
449 1198 498 1286 16]
523 1199 639 1278 Ὠρίων
663 1199 708 1281 (p.
733 1197 785 1280 83,
812 1197 865 1282 17)
893 1198 994 1279 λέγει,
1023 1195 1073 1259 ὅτι
1100 1196 1193 1273 κέλης
1216 1194 1339 1270 λέγεται

198 1313 286 1389 παρὰ
313 1311 351 1374 τὸ
380 1310 522 1384 κέλλειν,
553 1307 734 1386 ὃςημαίνει
761 1309 800 1371 τὸ
828 1307 965 1386 βαδίζειν
991 1306 1041 1369 καὶ
1068 1307 1193 1384 τρέχειν
1215 1325 1240 1367 κ.
1262 1326 1288 1368 τ.
1313 1306 1339 1365 λ.

199 1419 240 1482 of.
257 1418 416 1482 Zonaram
430 1439 462 1500 p.
482 1417 573 1482 1185.
597 1455 639 1464 -
661 1416 715 1488 Et.
733 1415 778 1478 M.
794 1437 825 1497 p.
844 1415 916 1496 725,
935 1415 969 1478 7τ
993 1415 1231 1481 ςταςιιίιῑειν·
1247 1414 1266 1477 ὁ
1282 1415 1339 1491 μὲν

199 1528 397 1608 Ἡρωδιανὸς
429 1527 635 1605 πλεοναςμὸν
669 1526 752 1601 λέγει
783 1525 866 1590 εἶναι
894 1528 953 1596 τοῦ
981 1546 1017 1602 α,
1050 1524 1116 1588 ἀπὸ
1149 1528 1207 1588 τοῦ
1239 1524 1340 1587 ςτὰςις

202 1639 356 1722 [ςταςίῑω]
381 1639 541 1702 ςταςκίῑω.
564 1636 584 1700 δ
606 1638 641 1699 δέ
664 1635 763 1714 Ὦρος
785 1635 879 1710 λέγει,
903 1634 951 1698 ὅτι
971 1635 1113 1711 τοῦνομα
1135 1635 1250 1713 ἔλαβεν
1273 1633 1339 1697 ἀπὸ

200 1751 258 1812 τοῦ
280 1747 418 1812 ίςτοιςθαι
440 1747 489 1810 καί
512 1745 736 1827 ςυςτρέφεςθαί
761 1764 848 1812 τινας
876 1746 1106 1823 περιςςοτέρως
1134 1745 1216 1822 πρὸς
1245 1743 1339 1820 ἀλλή·

202 1860 286 1921 λους.
309 1894 351 1907 —-
373 1855 481 1938 Etym.
505 1855 549 1918 M.
574 1877 605 1936 p.
630 1854 702 1936 800,
727 1853 784 1916 46:
821 1853 963 1933 φρόνις
991 1904 998 1916 .
1022 1904 1028 1914 .
1053 1905 1059 1916 .
1082 1903 1089 1916 .
1113 1854 1131 1917 δ
1159 1855 1216 1931 μὲν
1238 1853 1339 1930 Ἡρω-

200 1968 325 2040 διανὸς,
358 1967 445 2045 παρὰ
472 1967 531 2044 τὴν
561 1965 718 2045 φρόνηςιν
746 1965 824 2028 κατὰ
856 1965 1030 2041 ςυγκοττήν·
1063 1964 1081 2027 δ
1110 1965 1145 2026 δὲ
1174 1961 1340 2046 (Μιλήςιος

200 2075 289 2138 addit
310 2074 450 2138 Zonaras
473 2097 505 2156 p.
536 2074 631 2159 1823)
660 2073 776 2153 Ὧρος,
805 2073 839 2137 έκ
865 2077 921 2151 τῆς
944 2072 1039 2153 φρών
1068 2072 1193 2152 φρονὸς
1214 2076 1339 2150 γενικῆς

198 2185 317 2261 γίνεται
344 2186 476 2266 φρόνις,
505 2187 555 2248 καὶ
580 2184 599 2261 ἡ
626 2185 776 2262 αἰτιατικὴ
805 2183 932 2262 φρόνιν.
958 2183 996 2247 τὸ
1019 2184 1054 2245 δὲ
1076 2182 1174 2263 φρών
1199 2203 1227 2244 e.
1254 2205 1284 2265 q.
1312 2203 1337 2244 s.

198 2294 410 2377 —Denique
437 2315 536 2356 unum
565 2297 613 2356 est
635 2293 830 2376 exemplum,
859 2295 894 2354 in
917 2312 978 2375 quo
1000 2291 1103 2373 ipsam
1127 2291 1338 2355 continuatio-

199 2425 271 2467 nem
294 2404 461 2467 verborum
484 2403 525 2466 ab
547 2401 732 2466 Herodiano
760 2404 982 2483 usurpatorum
1006 2421 1197 2484 cognoscas,
1226 2401 1339 2483 quibus

199 2509 337 2596 quidem,
362 2533 442 2596 quae
465 2511 571 2595 priore
589 2512 695 2595 aliquo
718 2511 823 2594 capite
845 2511 880 2573 in
902 2510 993 2573 libris
1015 2511 1088 2589 περί
1109 2514 1222 2574 παθών
1246 2509 1339 2573 docu-

199 2626 279 2705 erat,
303 2623 337 2685 in
359 2622 545 2685 memoriam
566 2642 715 2685 revocare
739 2618 873 2684 videtur.
912 2619 1014 2683 Multo
1036 2641 1131 2702 quam
1154 2619 1282 2684 Scholia
1304 2619 1339 2682 in

198 2731 308 2796 Iliadis
338 2734 361 2795 Β
393 2731 457 2794 242
485 2735 517 2794 et
539 2730 680 2794 Zonaras
707 2753 739 2813 p.
766 2730 848 2794 1324
874 2729 1051 2813 integriora
1079 2728 1118 2792 de
1146 2730 1233 2810 λώβη
1262 2751 1338 2793 voce

197 2841 405 2925 prodiderunt
426 2841 588 2923 Excerpta
611 2839 770 2904 Koesiana
793 2862 825 2923 p.
851 2839 926 2922 191,
954 2839 996 2902 28
1020 2839 1136 2902 collato
1158 2839 1265 2922 Etym.
1290 2839 1335 2902 M.
1355 2849 1389 2900 66

198 2972 229 3033 ρ.
254 2952 327 3034 570,
350 2953 392 3016 35
414 2953 447 3014 et
470 2950 551 3014 Gud.
576 2971 608 3033 p.
632 2950 705 3032 375,
728 2951 770 3015 25
792 2950 837 3013 sio
860 2949 1126 3033 redintegranda:
1160 2952 1337 3035 Λωβήςαιο,

197 3063 285 3140 παρὰ
310 3063 349 3126 τὸ
377 3064 492 3140 λωβώ
519 3061 649 3140 πρώτης
677 3061 820 3136 ςυζυγίας
851 3065 918 3125 τῶν
944 3061 1213 3140 περιςπωμένων,
1240 3065 1338 3126 τοῦτο

199 3169 233 3233 ἐκ
255 3173 314 3234 τοῦ
337 3171 435 3249 λοβὸς
457 3175 515 3236 τοῦ
538 3171 590 3234 διὰ
612 3173 670 3235 τοῦ
692 3174 838 3251 ομικροῦ
860 3171 933 3235 κατ’
955 3171 1136 3250 ἐπαύξηςιν,
1159 3171 1224 3236 ἀπὸ
1246 3193 1338 3250 μετα-

198 3283 304 3358 φορᾶς
326 3283 392 3343 τῶν
415 3281 734 3359 ἠκρωτηριαςμένων·
765 3280 873 3358 ἐπειδὴ
897 3281 927 3344 οἱ
948 3282 1079 3345 παλαιοί
1099 3283 1176 3345 τοὺς
1199 3281 1235 3347 ἔν
1256 3301 1337 3346 τιςιν

197 3388 394 3467 ἀτοπήμαςιν
417 3389 555 3455 ἁλόντας
584 3390 804 3469 ἐνυβρίζοντες
826 3391 866 3455 τὰ
888 3389 970 3469 ἄκρα
996 3395 1062 3455 τών
1085 3390 1180 3455 ὤτων
1203 3389 1336 3468 ἀπέτεμ-

197 3519 275 3576 νον,
309 3497 354 3562 ώς
382 3499 430 3562 καί
458 3499 477 3563 ὁ
506 3501 639 3578 ποιητὴς
672 3500 754 3579 πρὸς
782 3500 840 3564 τὸν
868 3500 962 3578 ’·Ιρον.
990 3502 1040 3564 καί
1067 3504 1167 3564 ταῦτα
1196 3472 1336 3580 δ’ίλρος

197 3607 308 3691 (vulgo
330 3606 469 3692 Ὠρίων).
493 3609 512 3672 ὸ
534 3611 569 3673 δὲ
593 3610 791 3688 Ἡρωδιανὸς
813 3610 907 3686 λέγει,
930 3609 979 3673 ὅτι
1003 3610 1036 3673 έκ
1058 3613 1116 3674 τοῦ
1139 3611 1215 3689 λαβ’
1242 3609 1336 3684 ἐςτιν,

197 3717 216 3780 ὸ
240 3717 378 3796 ςημαίνει
399 3719 437 3783 τὸ
460 3720 567 3799 ξίφος·
591 3720 624 3784 ἐξ
646 3719 746 3784 αὐτοῦ
768 3719 887 3795 γίνεται
902 3719 993 3799 λάβη,
1016 3721 1065 3784 καὶ
1087 3721 1124 3784 τὸ
1146 3740 1168 3783 α
1188 3721 1336 3799 τρέπεται

196 3825 239 3890 εἰς
273 3849 317 3905 ω,
351 3828 400 3891 ὡς
433 3828 630 3907 ἐμάθομεν
662 3831 769 3910 φᾶρος
800 3829 960 3910 φαριαμός
994 3831 1043 3894 καὶ
1071 3831 1255 3911 φωριαμὸς,
1286 3833 1336 3894 καὶ

195 3937 314 4011 γίνεται
337 3939 423 4018 λώβη
447 3939 498 4002 καὶ
520 3939 687 4017 βαρύνεται
709 3960 735 4002 κ.
757 3961 783 4003 τ.
805 3940 832 4002 λ.

279 4048 310 4111 3.
356 4047 417 4112 Sed
440 4046 519 4110 satis
542 4051 591 4111 est
613 4047 845 4130 exemplorum:
885 4050 1038 4133 equibus
1065 4048 1161 4113 facile
1191 4049 1333 4134 oollignn,

196 4155 293 4218 etiam
320 4157 375 4221 ubi
402 4179 468 4221 non
496 4157 680 4221 nominatus
708 4157 766 4239 sit,
797 4158 846 4221 oui
877 4160 1104 4242 consequentia
1132 4161 1150 4224 ὸ
1179 4163 1214 4224 δὲ
1235 4159 1336 4241 Ὦρος

195 4267 293 4328 verba
319 4267 519 4349 reserantur,
550 4267 795 4352 grammaticus,
831 4269 1016 4352 saepissime
1043 4272 1152 4332 tamen
1181 4291 1247 4334 non
1281 4271 1335 4334 ah'i

195 4376 257 4439 nisi
280 4374 465 4438 Herodiano
480 4376 537 4439 Ori
560 4377 742 4440 notationes
764 4378 893 4461 opponi.
925 4379 1013 4452 Quod
1037 4379 1163 4462 quidem
1186 4379 1232 4442 ita
1255 4401 1334 4465 esse,
