3272 5088
246 335 311 399 470
505 351 552 397 na
570 349 719 400 uuusrrs
741 351 862 399 uaavu
885 348 1144 400 scamromavs.

246 510 283 590 τῇ
306 505 389 584 πρὸ(
415 507 474 585 τὴν
497 505 633 571 Ῥοδίων
660 505 757 572 πόλιν
784 505 849 569 ὑπὸ
871 504 1057 584 Δημητρίου
1084 504 1295 589 πραεαχθείεῃ
1323 509 1391 570 τοίε

246 616 378 695 τείχεειν
407 615 568 692 ἑλεπόλει,
596 614 724 695 Τίμαιοε
746 615 779 679 δ’
802 615 854 680 ἐπὶ
875 621 913 699 τῇ
935 621 1023 698 πυρᾷ
1048 621 1085 699 τῇ
1113 615 1390 700 καταεκευαεθείεῃ

247 725 410 808 Διονυείῳ
437 732 483 811 τῷ
510 725 647 791 (ικελίαε
674 725 840 810 τυράννῳ,
867 726 917 789 καί
944 726 1131 806 Ἱερώνυμυε
1160 725 1212 791 ἐπὶ
1237 731 1274 809 τῇ
1297 747 1389 790 κατα-

247 842 339 918 εκευῇ
367 839 422 914 τῆ(
450 834 632 915 ἁρμαμάξῃ(
659 836 679 920 ᾗ
703 837 868 915 ευνέβαινε
895 841 1157 917 κατακομιεθῆναι
1185 837 1222 900 τό
1245 835 1389 902 Ἀλεξάν-

247 951 327 1025 δρου
350 949 455 1027 εῶμα,
478 945 695 1011 Πολύκλειταε
717 947 750 1010 δ’
766 946 817 1010 ἐπί
838 951 884 1031 τῷ
908 947 1028 1030 λυχνίῳ
1050 953 1096 1032 τῷ
1112 948 1390 1013 καταεκευαεθέντι

187 1063 191 1071 ’
246 1062 292 1140 τῷ
314 1056 423 1140 Πέρεῃ
446 1077 473 1120 e.
490 1077 522 1139 q.
539 1077 564 1118 s.
615 1055 665 1119 Ac
687 1055 857 1139 scriptores
880 1055 1006 1138 quidem
1029 1055 1086 1118 hos
1109 1055 1188 1139 diei,
1220 1077 1286 1120 non
1314 1056 1390 1120 arti-

247 1165 322 1229 fices
343 1165 472 1229 illorum
493 1186 641 1248 operum,
665 1165 751 1228 iuter
773 1185 882 1229 omnes
906 1164 1066 1229 convenit.
1099 1165 1188 1249 Ergo
1203 1167 1390 1245 θαυμάζεται

249 1273 569 1360 Schweighaeuserus
602 1275 832 1359 interpretatus
855 1278 903 1339 est
926 1281 1109 1357 admiratur,
1133 1275 1314 1340 incredibili
1342 1276 1390 1340 in·

248 1384 427 1469 cogitantis
461 1385 592 1449 adscitis
625 1386 838 1465 θαυμάεονται
874 1383 996 1448 tonnae
1027 1384 1195 1469 exemplis,
1230 1385 1391 1450 Gustavus

246 1499 357 1559 autem
385 1493 600 1580 Kiesslingius
627 1515 716 1559 meus
747 1495 1024 1559 commentationis
1052 1495 1091 1558 de
1113 1495 1322 1561 Menaechmo
1344 1495 1390 1562 Si-

250 1605 366 1689 cyonio
388 1608 421 1668 et
443 1603 640 1689 Hieronymo
663 1605 822 1670 Gordiano
852 1605 967 1694 (Cizae
989 1604 1094 1668 editae
1121 1627 1150 1668 a.
1176 1605 1278 1690 1830)
1301 1629 1332 1689 p.
1349 1606 1389 1668 21

245 1716 407 1799 passivam
437 1715 502 1780 vim
530 1715 597 1778 eius
626 1715 715 1780 verbi
743 1719 857 1780 tenens
885 1715 921 1780 in
943 1736 980 1779 eo
1003 1715 1177 1798 acquievit,
1208 1717 1246 1778 ut
1273 1716 1326 1780 ἐπὶ
1351 1723 1389 1799 τῇ

246 1826 392 1892 ἑλεπόλει
414 1825 493 1889 ‘fere
509 1825 635 1908 poetica
650 1825 799 1910 loquendi
821 1825 957 1890 ratione’
980 1825 1120 1909 positum
1141 1845 1199 1908 pro
1215 1825 1267 1890 ἐπὶ
1281 1832 1319 1910 τῇ
1334 1830 1390 1904 τῆε

246 1936 427 2001 ἑλεπόλεως
455 1937 593 2015 διηγήεει
620 1938 758 2019 putaret.
813 1935 933 1999 Verum
954 1955 1015 1999 nee
1042 1935 1078 1999 in
1098 1937 1194 2018 poeta
1216 1955 1389 2013 versamur,

245 2065 306 2108 nec
330 2044 554 2130 descriptionis
569 2045 675 2129 potius
691 2067 786 2129 quam
808 2067 939 2129 operum
961 2044 1178 2110 laudationem
1201 2045 1387 2128 expetimus,

246 2153 408 2238 Scriptum
423 2154 523 2240 igitur
537 2156 578 2219 ab
591 2156 759 2220 Athenaeo
780 2157 1009 2235 θαυμαζέτω
1031 2155 1235 2220 arbitramur.
1258 2154 1390 2219 Etenim

246 2271 438 2330 admiranter
459 2265 603 2330 Moschio
632 2266 737 2350 inquit
764 2272 821 2331 ulii
846 2272 910 2330 alie
933 2287 1027 2347 opere
1051 2273 1163 2345 iusipui
1183 2276 1250 2329 urie
1272 2270 1389 2346 opibus-

246 2396 303 2455 que
323 2381 442 2440 eximiis
463 2387 638 2441 exstructa:
665 2397 711 2440 me
733 2381 831 2442 iudica
851 2383 967 2442 cunctis
991 2383 1123 2456 pieriam
1142 2381 1296 2456 praeripit
1317 2379 1389 2438 Ilie-

245 2491 330 2550 rouis
360 2493 487 2551 consilio
519 2492 739 2567 sumptibusque
779 2493 944 2564 aedificata
977 2494 1076 2566 πυυὶι,
1115 2485 1203 2551 cuius
1240 2484 1389 2568 deinceps

245 2596 480 2679 praestantiam
505 2618 562 2680 per
585 2597 712 2681 sinmda
734 2597 943 2681 persequitur.
