3272 5088
261 351 323 416 428
700 367 745 414 on
769 365 969 414 asarnosrs

264 521 343 588 clem
358 519 505 601 vidimus.
536 519 635 603 quue
650 517 882 584 Valckenarius
898 518 1012 582 statuit
1023 517 1229 583 adnotatione
1249 519 1289 582 ad
1300 518 1399 583 schol.

262 630 384 695 Phoen.
414 653 444 694 ν.
468 630 530 694 688
558 653 589 714 p.
614 629 691 693 689:
729 630 817 692 cuius
844 629 959 692 mirere
987 627 1255 710 inconstantiam,
1284 629 1401 712 quippe

263 740 316 824 qui
338 740 373 804 in
399 739 600 824 praefatione
628 738 668 802 ad
696 739 823 802 easdem
849 737 1041 802 Phoenissas
1068 761 1099 821 p.
1124 737 1187 802 VH
1216 759 1336 802 annum
1358 737 1400 803 ol.

262 849 369 914 Xonl
390 849 520 913 tertium
543 846 705 931 Euripidis
733 849 828 913 morti
851 849 1045 934 adsignant,
1074 848 1212 930 primum
1238 851 1344 912 autam
1367 848 1402 914 lu

263 959 409 1024 Diatribe
437 983 468 1043 p.
497 959 554 1022 191
583 964 611 1022 b.
655 956 773 1033 Quodsi
801 959 841 1020 ol.
871 956 994 1040 Xossl,
1024 957 1044 1020 2
1071 962 1231 1022 mortuum
1257 957 1401 1022 volumus

264 1091 332 1133 esse
354 1067 556 1152 Euripidem,
586 1089 709 1134 mrsum
738 1067 1052 1151 chronographorum
1075 1067 1167 1131 nobis
1190 1067 1307 1132 iudIcia
1329 1090 1401 1152 gra-

262 1179 473 1260 vissimorum,
497 1177 683 1261 Apollodori
707 1181 739 1241 at
761 1176 995 1259 Eratosthenis,
1018 1177 1179 1241 reicienda
1202 1182 1286 1242 sunt.

269 1353 273 1357 ,
347 1289 418 1352 Iam
444 1308 530 1351 nune
558 1309 632 1351 vero
665 1290 799 1371 apparet
832 1286 931 1372 (infra
964 1289 1070 1351 autam
1103 1288 1272 1371 apparebit
1305 1288 1402 1352 etiam

263 1396 485 1482 luculentius),
520 1418 614 1480 quam
648 1396 828 1460 neccssaria
860 1396 957 1460 fuerit
991 1397 1063 1480 illa,
1101 1419 1196 1481 quam
1229 1396 1268 1460 de
1297 1400 1402 1462 aetate

262 1507 415 1572 Archelai
443 1506 680 1590 praemisimus,
709 1505 899 1589 disputatio:
936 1506 990 1589 qui
1017 1507 1044 1570 si
1071 1507 1238 1589 imperium
1267 1507 1403 1590 capessi·

263 1618 346 1680 verit
372 1616 414 1679 ol.
444 1615 566 1693 XCIII,
589 1617 609 1679 3
616 1616 681 1697 ,id
708 1616 791 1700 quod
820 1615 944 1680 censuit
971 1617 1192 1699 Casaubonus,
1222 1638 1284 1700 quo
1309 1616 1402 1680 modo

263 1727 393 1792 tandem
416 1726 499 1810 apud
523 1747 594 1789 eum
615 1725 695 1789 mori
717 1729 845 1810 poterat
866 1725 1058 1808 Euripides?

350 1835 528 1919 Vtcumque
555 1835 654 1919 igtur
679 1835 757 1898 illud
785 1839 848 1917 cst,
882 1834 1051 1918 Euripides
1079 1856 1136 1919 per
1158 1836 1253 1900 breve
1274 1839 1402 1901 tantum

263 1945 416 2028 temporis
438 1945 578 2028 spatium
599 1947 742 2008 versatus
766 1966 834 2008 essa
857 1944 940 2028 apud
963 1944 1164 2009 Archelaum
1179 1948 1294 2030 potest.
1331 1944 1401 2010 Pel-

263 2055 329 2118 lam
351 2055 436 2118 enim
458 2053 610 2138 migravit
636 2075 702 2117 non
730 2057 805 2117 ante
834 2054 1023 2138 olympiadis
1045 2053 1135 2120 XCII
1163 2078 1283 2124 annum
1310 2077 1402 2139 quar-

264 2168 349 2246 tum,
381 2167 524 2227 mortuus
554 2165 660 2226 autem
689 2167 773 2227 certe
801 2166 874 2247 post
901 2164 1018 2248 olymp.
1048 2163 1171 2248 XCIII,
1201 2167 1220 2230 3
1248 2187 1314 2230 non
1342 2169 1400 2229 est.

215 2291 245 2339 17
264 2273 333 2349 Quo
355 2278 497 2356 tempore
519 2273 545 2336 si
569 2271 724 2356 Agatho
753 2275 880 2338 circiter
901 2273 958 2337 XL
987 2275 1102 2338 aetatis
1130 2296 1250 2338 annum
1272 2276 1400 2359 agebat,

268 2387 386 2449 natus
414 2383 456 2446 sit
486 2404 616 2447 necesse
643 2385 692 2446 est
716 2382 820 2447 intra
847 2383 895 2447 ol.
922 2382 1102 2448 LXXXII
1128 2406 1269 2448 annum
1295 2406 1402 2468 quar-

264 2497 345 2558 tum
372 2497 410 2558 et
434 2494 482 2557 ol.
509 2491 711 2556 LXXXIII
742 2493 914 2557 tertium.
957 2493 1046 2569 Quod
1071 2494 1198 2577 quidem
1224 2493 1402 2558 accuratius

264 2604 390 2668 definiri
418 2606 524 2687 potest
552 2624 590 2666 ex
613 2603 753 2667 Socratis
781 2602 885 2666 verbis
908 2604 992 2686 apud
1014 2603 1183 2668 Platonem
1205 2602 1402 2688 Protagorae

265 2737 296 2797 p.
324 2713 386 2777 315
413 2719 450 2776 I).
478 2717 508 2775 E
531 2712 605 2796 (161
629 2711 762 2796 Berky:
806 2714 1026 2792 παρεκάθηντο
1054 2716 1089 2778 δὲ
1112 2714 1199 2799 αὐτῷ
1232 2714 1400 2798 (Προδίκῳ)

264 2824 316 2888 ἐπὶ
338 2826 406 2887 roi(
427 2822 559 2900 πληείον
583 2821 700 2884 κλίναι(
722 2823 903 2887 Παυεανίαε
923 2823 990 2887 τεὸ
1013 2823 1047 2886 ἐκ
1064 2824 1232 2902 Κεραμέων
1255 2825 1305 2887 καὶ
1325 2823 1403 2900 μετὰ

264 2932 449 2997 Παυεανίου
472 2933 565 2995 νέον
589 2953 623 2995 τι
646 2932 701 2994 ἔτι
727 2933 950 3010 μειράκιον,
981 2933 1024 2996 ὡ(
1054 2935 1111 3010 μὲν
1134 2933 1268 3018 ἐγῷμαι,
1304 2925 1402 2999 καλόν

265 3063 299 3106 τε
322 3042 462 3115 κάγαθὸν
484 3043 542 3118 τὴν
564 3041 675 3129 φάειν,
705 3043 763 3119 ιήν
791 3044 824 3105 δ’
848 3041 907 3106 οὖν
937 3041 1023 3107 ἰδέαν
1050 3044 1135 3132 ιιάνυ
1158 3043 1262 3106 καλός.
1307 3043 1403 3107 ἔδοξα

265 3153 398 3216 άκοῦεαι
421 3149 525 3228 ὄνομα
546 3151 633 3234 αὐτῷ
662 3149 743 3217 εἶναι
766 3152 946 3228 Ἀγάθωνα,
975 3153 1024 3215 καὶ
1051 3153 1109 3216 οὐκ
1137 3153 1176 3216 ἂν
1207 3153 1402 3230 θαυμάζοιμι,

265 3261 291 3324 εἰ
314 3261 442 3325 παιδικά
464 3261 648 3325 Παυεανίου
677 3262 825 3338 τυγχάνει
853 3261 909 3326 ὤν.
953 3261 1050 3325 τοῦτό
1077 3263 1108 3325 τ’
1131 3261 1190 3325 οὖν
1217 3263 1253 3326 τὸ
1276 3262 1401 3339 μειρά-

266 3392 349 3434 κιον
378 3372 428 3434 καὶ
452 3419 459 3432 .
485 3418 492 3433 .
519 3419 525 3432 .
552 3420 557 3432 .
582 3370 694 3433 ultima
722 3369 808 3432 enim
835 3391 908 3433 vere
937 3369 983 3432 sic
1016 3369 1154 3432 arbitror
1180 3369 1402 3434 Heindorfium

267 3479 455 3562 correxisse,
487 3479 673 3562 praesertim
702 3501 772 3542 cum
800 3479 835 3542 iu
862 3478 1009 3542 Parisino
1034 3478 1062 3542 E
1090 3479 1244 3562 scriptum
1271 3480 1314 3543 sit
1342 3455 1400 3587 οῆῦνν.

265 3589 421 3674 Dialogus
443 3589 496 3652 ille
518 3588 646 3652 habitus
669 3610 737 3651 essa
758 3589 893 3673 fingitur
914 3588 1104 3672 olympiadis
1119 3587 1301 3652 LXXXVII
1316 3610 1401 3652 anuo

266 3699 419 3762 secundo:
442 3699 602 3778 μειρακίου
625 3702 732 3762 autem
754 3699 832 3763 νέου
855 3699 900 3763 ἔτι
921 3697 1017 3763 ὄντος
1034 3700 1173 3762 aetatem
1187 3718 1252 3761 non
1267 3697 1401 3761 multum

265 3808 416 3872 fallamur
442 3807 497 3871 ubi
525 3807 603 3872 XVI
631 3807 757 3871 circiter
785 3829 940 3871 annorum
968 3829 1036 3872 essc
1064 3808 1246 3872 statuimus:
1275 3828 1313 3870 ex
1340 3827 1401 3890 quo

268 3917 485 4002 consequitur,
523 3919 655 3980 natum
691 3939 775 3981 esse
808 3916 1062 4002 Agathonem
1099 3938 1202 3981 anno
1239 3916 1402 3981 circiter

266 4027 389 4112 primo
411 4025 648 4110 olympiadis
671 4025 918 4112 LXXXIII.*)
961 4027 1022 4092 Sed
1045 4027 1127 4111 quod
1148 4026 1242 4090 modo
1263 4025 1401 4111 poneba·

267 4391 293 4442 p,
313 4379 361 4425 κάν
381 4373 441 4426 coll.
462 4391 487 4441 p.
507 4372 622 4427 XXXIII
640 4373 703 4428 adn.
740 4373 797 4428 Nec
819 4375 876 4428 scra
898 4373 951 4426 nial
972 4373 1070 4430 leviter
1087 4373 1284 4426 Wclckerua
1303 4371 1403 4425 discre-

1614 3431 1615 3484 l

1614 3517 1615 3546 ι

1614 3831 1615 3864 l

334 4283 359 4348 *)
378 4281 496 4349 [Mecum
518 4279 606 4334 sensit
622 4281 816 4348 Kruegerus
839 4281 983 4335 Fastorum
1008 4279 1244 4335 Clintonianorum
1266 4279 1402 4348 iuterprea
