3226 5096
495 367 541 414 ua
564 367 656 415 urna.
680 367 784 416 anax.
808 369 852 415 ur
873 369 1089 418 mammam.
1305 353 1361 413 141

222 521 310 586 tione
341 520 518 585 Alexandri
553 507 774 585 commentarii
802 526 944 586 veterum
977 523 1168 606 scriptorum
1200 521 1364 605 discipulis

222 631 256 694 in
284 630 393 696 schola
421 631 532 696 traditi
561 631 607 715 (h.
638 654 664 695 e.
694 635 823 712 εχολικὰ
853 633 1063 714 ὑπομνήματα
1096 633 1265 718 quaedam)
1293 655 1363 716 pro-

222 741 351 806 dierunt
378 741 462 825 apud
485 741 751 826 Capellmannum
774 766 806 826 p.
833 745 882 826 13,
906 765 923 806 e
945 744 1114 828 pinguiore
1138 744 1236 807 etiarn
1258 765 1365 808 errore

223 851 400 916 Alexandri
415 853 449 916 in
465 853 601 916 Aratum
617 853 850 935 commentarii,
868 853 907 916 de
923 855 1036 938 quibus
1052 853 1206 918 videndus
1222 853 1364 918 Naelrius

223 961 337 1026 Sched.
367 963 437 1026 crit.
467 985 498 1046 p.
524 963 541 1027 'l
574 967 606 1026 et
633 963 787 1046 Capellm.
819 986 850 1046 p.
874 966 905 1028 5.
929 965 981 1029 43.
1027 963 1072 1028 Vt
1098 964 1199 1048 igitur
1227 964 1267 1027 ad
1295 965 1365 1048 ipsa
1398 1049 1400 1054 Α

223 1073 320 1137 verba
342 1072 546 1158 grammatici
570 1072 768 1138 Crameriani
791 1073 922 1158 propius
946 1074 1149 1139 accedamus:
1174 1075 1281 1159 ecquis
1304 1079 1362 1158 est,

222 1183 276 1267 qui
298 1184 381 1248 serio
396 1183 457 1247 sibi
472 1183 663 1266 persuadeat
678 1187 743 1267 tot,
767 1188 845 1267 quot
860 1184 1075 1248 Alexandriae
1090 1185 1250 1248 exstitisse
1266 1185 1364 1249 eredi-

223 1295 287 1358 bile
309 1294 369 1376 sit,
392 1294 630 1379 tragoediarum
654 1293 949 1378 comoediarumque
979 1296 1197 1360 recensionem
1220 1296 1364 1360 criticam

223 1404 370 1468 binorum
384 1404 548 1468 homiuum
571 1405 679 1468 labore
701 1404 843 1488 potuisse
865 1405 999 1488 perfici?
1022 1427 1130 1470 eorum
1151 1406 1363 1489 potissimum,

222 1537 355 1599 quorum
387 1518 481 1578 tenta
515 1515 578 1578 fuit
612 1515 646 1578 in
681 1509 751 1578 aliis
785 1515 963 1578 litterarum
996 1516 1168 1600 generibus
1198 1517 1363 1600 fertilitas,

221 1647 416 1710 quorumque
440 1624 522 1689 alter
536 1625 649 1689 relicta
665 1624 862 1688 Alexandria
885 1625 1083 1708 aliquantum
1105 1629 1258 1710 temporis
1281 1628 1365 1710 apud

221 1735 431 1800 Macedoniae
446 1756 554 1820 regem
578 1735 669 1820 degit
692 1735 745 1820 (de
761 1735 839 1799 bibl.
857 1734 949 1799 Alex.
967 1759 998 1819 p.
1019 1737 1082 1820 18).
1114 1735 1176 1800 Sed
1193 1736 1365 1800 modestius

223 1867 357 1932 agamus
380 1846 469 1918 etin
492 1845 691 1928 principibus
720 1845 822 1928 poetis
851 1845 1074 1910 subsistamus:
1102 1846 1365 1930 quemadmodum

222 1977 264 2020 ne
294 1955 490 2020 Zenodotum
518 1954 645 2040 quidem
674 1956 835 2039 epicorum
863 1956 1021 2038 omniurn,
1050 1956 1167 2022 nedum
1194 1958 1365 2042 lyricorum

222 2069 400 2146 διορθωτὴν
416 2066 581 2149 quisquam
597 2065 657 2129 sibi
673 2066 787 2150 linget.
815 2067 1012 2150 Magnamne
1029 2067 1128 2150 igitur
1144 2068 1210 2131 veri
1226 2069 1365 2152 speciem

221 2177 283 2240 hoe
311 2177 408 2240 hebet
436 2175 606 2240 artioribus
642 2175 759 2240 finibus
782 2177 1074 2260 circumscriptum,
1103 2181 1139 2241 ut
1166 2179 1201 2243 in
1224 2179 1364 2262 Aeschy-

222 2287 297 2370 leia,
322 2285 522 2370 Sophocleis,
552 2285 733 2369 Euripideis
756 2285 875 2350 fabulis
897 2287 1112 2370 perpoliendis
1134 2288 1162 2351 is
1185 2289 1365 2353 elaborasse

222 2395 387 2479 credatur,
419 2397 507 2461 cuius
535 2418 581 2460 ue
609 2419 684 2460 una
712 2397 867 2481 quidem
894 2398 933 2460 de
961 2397 1138 2480 scripturae
1166 2398 1215 2462 vel
1243 2399 1305 2462 fide
1333 2403 1365 2462 et

221 2507 411 2591 integritate
426 2507 477 2570 vel
493 2507 673 2590 corruptela
688 2510 721 2571 et
736 2506 952 2590 discrepantia
967 2506 1002 2570 in
1024 2507 1220 2591 tragicorum
1236 2508 1365 2572 scholiis

221 2617 348 2681 notatio
376 2617 515 2700 supersit
543 2617 593 2680 vel
623 2616 700 2680 alibi
723 2618 938 2682 memoretur?
982 2616 1092 2701 Neque
1115 2617 1199 2680 enim
1227 2621 1363 2701 tantam,

221 2730 345 2811 quanta
376 2730 425 2791 est
456 2727 490 2790 in
519 2726 700 2790 Homericis
728 2725 997 2810 Zenodotearum,
1031 2726 1267 2790 multitudinem
1301 2728 1365 2792 ullo

221 2836 317 2900 modo
349 2837 537 2920 expetimus.
593 2835 717 2900 Deinde
751 2839 858 2900 autem
891 2836 966 2920 quid
994 2859 1062 2901 esse
1100 2837 1177 2900 illud
1211 2837 1364 2922 dieamus,

220 2947 307 3032 quod
331 2946 513 3010 Alexandro
530 2946 795 3030 Lycophronique
819 2967 889 3011 cum
912 2946 1074 3010 Zenodoto
1091 2947 1297 3012 Aristarchus
1319 2951 1365 3012 ita

220 3061 445 3141 opponuntur,
473 3061 508 3120 ut
531 3058 571 3121 ab
594 3057 643 3121 his
666 3056 725 3120 soli
748 3079 817 3120 esse
840 3057 957 3140 poetici
979 3057 1010 3120 h.
1035 3078 1063 3121 e.
1087 3057 1169 3141 epici
1192 3059 1266 3122 libri
1289 3058 1365 3143 (for-

220 3171 310 3232 tasse
339 3189 410 3232 eum
437 3167 560 3252 lyricis)
589 3167 739 3230 recensiti
768 3167 939 3231 dicantur?
987 3166 1133 3251 Namque
1161 3169 1210 3252 (ut
1237 3191 1366 3252 prorsus

220 3277 375 3341 omissum
397 3278 432 3342 iu
460 3281 521 3342 hoc
542 3298 661 3361 genere
684 3276 935 3360 Aristophanem
957 3275 1150 3361 Byzantium
1172 3299 1259 3343 nunc
1280 3283 1365 3344 taee-

221 3389 328 3473 amus)
351 3388 420 3472 quis
442 3389 572 3472 ignorat
593 3389 721 3470 praeter
743 3385 934 3469 Homerum,
965 3386 1154 3470 Hesiodum,
1178 3388 1364 3472 Pindarum,
1383 3409 1415 3456 aa

221 3497 468 3580 Archilochum,
499 3497 704 3580 Alcmenam,
735 3497 905 3579 Alcaeum,
937 3497 1191 3581 Anacreontem,
1226 3498 1261 3562 in
1288 3499 1366 3582 ipsis

221 3607 380 3672 scaenicis
401 3607 505 3691 poetis
527 3607 705 3690 Aeschylo,
729 3607 901 3690 Sophocle,
926 3607 1095 3691 Euripide,
1118 3609 1214 3691 lone,
1244 3608 1366 3672 Aristo-

222 3719 330 3802 phane
353 3718 486 3801 aliisque
515 3717 652 3781 fortasse
676 3717 804 3780 comicis
831 3718 1010 3782 tractandis
1033 3718 1214 3782 Aristarchi
1231 3739 1366 3802 operam

222 3831 383 3892 versatam
417 3849 485 3892 esse
517 3831 550 3890 et
583 3826 682 3890 vitam
716 3827 964 3911 consumptam?
1021 3827 1103 3892 Vide
1140 3829 1166 3892 si
1203 3829 1287 3892 tanti
1324 3830 1368 3892 sit

222 3937 453 4004 Schneiderum
491 3937 530 4002 de
567 3937 649 4001 font.
691 3937 789 4002 schol.
833 3937 998 4020 Aristoph.
1040 3961 1070 4022 p.
1104 3941 1145 4002 86
1188 3939 1366 4024 Iuliumque

222 4048 411 4113 Richterum
433 4048 471 4112 de
494 4049 611 4113 Aesch.
629 4047 726 4130 Soph.
749 4047 826 4112 Eur.
850 4049 1079 4133 interpretibus
1101 4050 1225 4134 graecis
1244 4049 1364 4132 (Berol.

222 4182 252 4224 a.
281 4159 376 4244 1839)
400 4181 431 4242 p.
457 4158 497 4223 75
519 4181 565 4242 sq.
591 4160 639 4239 et,
672 4161 706 4221 ut
728 4159 831 4241 qualis
859 4159 915 4222 illa
938 4181 1034 4242 opera
1059 4160 1156 4222 luerit
1184 4159 1366 4224 distinctius

222 4269 448 4354 intellegatur,
472 4267 637 4332 Lehrsium
661 4267 699 4331 de
721 4269 821 4332 Arist.
846 4268 928 4334 stud.
946 4268 1042 4334 Hom.
1066 4292 1097 4354 p.
1122 4270 1195 4353 258,
1219 4271 1363 4354 quamvis

223 4378 301 4442 olim
323 4379 471 4444 oblocuta
494 4377 713 4461 Bernhardyo.
