3272 5088
611 374 729 422 aaavu
753 373 1011 422 soareroaisvs.
1323 355 1387 419 469

243 528 306 592 nisi
335 530 386 610 ut,
421 548 501 612 quae
530 525 643 592 Suidas
675 527 767 605 ἕτερά
796 548 866 592 τινα
895 529 968 606 περὶ
996 529 1051 605 τῆς
1081 525 1159 591 ἰδίας
1192 525 1344 606 πατρίδος
1355 524 1386 608 *)

243 637 448 719 memoravit,
480 637 727 720 interpretemur
755 639 788 702 et
809 640 1029 702 Macedonicos
1052 638 1085 700 et
1106 635 1245 700 diversos
1274 635 1315 698 ab
1337 634 1387 698 his

244 755 282 812 de
304 752 477 813 Alexandri
508 753 597 812 retas
623 746 731 810 libros.
790 745 908 821 Quodsi
937 747 987 810 cui
1015 747 1129 810 mirum
1158 745 1318 826 videatur,
1348 745 1387 808 da

245 858 354 922 eodem
376 858 455 941 viro,
486 857 615 922 acuius
644 878 745 941 regno
772 857 939 920 universae
967 856 1074 939 gentis
1103 855 1270 918 historiam
1298 876 1386 918 orsus

244 968 302 1052 sit,
330 989 429 1032 unum
457 945 645 1050 scriptorem
678 966 834 1051 singulari
867 969 1033 1049 praeterea
1065 965 1244 1029 litterarum
1276 987 1386 1029 monu-

244 1081 353 1144 mento
381 1077 578 1161 exposuisse,
608 1077 669 1141 etsi
697 1076 781 1140 hanc
803 1077 1006 1140 mirationem
1028 1075 1168 1140 fatemur
1189 1097 1230 1140 ne
1253 1097 1272 1138 a
1293 1075 1386 1139 nobis
1442 1090 1447 1100 ·

190 1253 192 1258 ,
244 1188 371 1273 quidem
394 1187 533 1252 alienam
555 1209 640 1268 esse,
669 1187 858 1270 praesertim
882 1207 953 1252 cum
975 1187 1016 1250 ab
1039 1207 1076 1250 ea
1098 1190 1196 1272 gente
1223 1206 1280 1269 per
1302 1184 1387 1248 illius

246 1300 337 1383 regni
361 1297 501 1381 spatium
522 1297 605 1362 nihil
626 1296 709 1379 iere,
734 1297 796 1360 nisi
819 1296 902 1380 quod
924 1296 965 1360 ad
986 1297 1091 1380 ipsum
1112 1317 1221 1380 regem
1248 1295 1386 1379 pertine·

244 1411 310 1490 ret,
339 1407 545 1472 memorabile
573 1408 738 1491 peractum
765 1406 827 1470 sit:
861 1406 957 1471 iidem
983 1409 1093 1470 tamen
1123 1404 1387 1489 acquiescendum

246 1539 314 1582 esse
342 1519 376 1582 in
399 1518 444 1582 eis
467 1517 626 1599 videmus,
658 1517 743 1580 ultra
771 1537 851 1600 quae
883 1515 1011 1599 prodire
1043 1516 1123 1580 artis
1155 1517 1235 1580 fines
1263 1518 1384 1580 vetant.

244 1627 442 1711 Quamquam
477 1627 530 1712 qui
563 1647 669 1692 secum
701 1626 898 1710 reputaverit
923 1631 1143 1693 Macedonicoa
1175 1626 1277 1710 primo
1304 1625 1387 1689 libro

245 1738 284 1802 de
306 1738 402 1802 tertio
430 1741 583 1821 quartove
611 1737 696 1822 regis
725 1759 811 1801 anno
834 1737 904 1822 agi,
934 1737 973 1800 de
996 1737 1096 1800 altero
1120 1739 1226 1800 autem
1248 1735 1283 1799 in
1304 1735 1387 1799 libro

246 1848 358 1932 quinto
385 1853 530 1912 historiae
552 1852 739 1929 Alexandri,
769 1846 887 1910 habeat
909 1867 986 1910 sane
1008 1846 1091 1930 quod
1112 1847 1198 1910 inter
1219 1849 1386 1930 utrumque

244 1980 322 2042 opus
345 1957 528 2022 interfuisse
551 1957 739 2041 suspicetur.
748 1957 797 2041 **)

328 2066 380 2132 Ad
400 2071 536 2131 mortem
559 2066 735 2130 Alexandri
758 2067 785 2131 si
808 2067 978 2132 alterutros
1002 2066 1262 2150 commentarios,
1286 2069 1323 2130 ut
1342 2065 1386 2130 vi-

244 2180 336 2244 detur
351 2199 440 2260 sone,
457 2179 603 2262 Marsyas
618 2177 813 2261 produxerit,
838 2179 964 2259 oportet
981 2199 1058 2250 ,eum
1081 2177 1287 2262 magnificum
1308 2175 1387 2240 illud

245 2291 433 2372 carpentum
465 2287 600 2351 funebre
632 2287 794 2372 tetigisse,
829 2286 868 2350 de
896 2309 957 2370 quo
989 2288 1082 2352 multi
1119 2291 1195 2351 sunt
1230 2287 1387 2352 Diodorus

244 2398 365 2480 XVIII,
382 2398 425 2463 26
447 2400 480 2462 et
501 2397 656 2462 Aelianus
676 2396 754 2461 Var.
772 2397 846 2461 hist.
869 2397 948 2480 XII,
972 2398 1023 2462 64.
1047 2443 1051 2448 -
1069 2397 1235 2460 Adicimus
1256 2396 1328 2480 hoc,
1351 2401 1387 2462 ut
1406 2412 1437 2460 12

243 2508 332 2572 facta
354 2507 595 2591 opportunitate
623 2507 825 2571 librariorum
847 2507 962 2572 mendo
985 2507 1188 2572 Athenaeum
1216 2507 1386 2571 liberemus

246 2617 285 2682 de
308 2617 419 2682 eodem
442 2611 595 2700 carpento
617 2617 696 2681 haec
717 2617 906 2700 prodentem
927 2616 1028 2682 Iib.V
1048 2639 1079 2700 p.
1093 2617 1156 2680 206
1172 2621 1200 2679 E
1230 2617 1386 2682 Moschio-

244 2727 294 2791 nis
316 2728 420 2791 verbis
444 2749 551 2791 usum:
577 2728 766 2808 Διοκλείδης
794 2730 851 2806 μὲν
874 2729 892 2794 ὁ
916 2728 1095 2808 Ἀβδηρίτης
1125 2728 1313 2808 θαυμάζεται
1336 2727 1387 2793 ἐπὶ

311 2965 336 3031 *)
364 2962 598 3032 [Transponendo
622 2961 723 3017 Suidae
746 2964 833 3018 verba
855 2964 889 3018 ad
913 2965 985 3018 hanc
1008 2964 1130 3033 speciem
1151 2965 1309 3019 revocanda
1335 2965 1384 3019 Ed.

243 3057 362 3111 Moierus
387 3055 486 3134 Opusc.
511 3056 537 3108 11
554 3073 581 3124 p.
602 3061 634 3110 34
653 3055 859 3126 suspicabatur:
879 3060 1006 3124 καὶπερὶ
1029 3063 1079 3125 τῆς
1103 3056 1172 3112 ἰδίας
1190 3059 1324 3126 πατρίδος
1342 3062 1386 3112 καί

243 3151 325 3217 ἕτερά
343 3166 419 3204 τινα;
439 3149 586 3217 praeterea
605 3149 739 3216 Μαρςὺας
758 3150 919 3217 Μαρςίιου
939 3152 999 3218 (pro
1013 3151 1138 3218 Μάρςοο)
1157 3150 1352 3220 scribendum]

294 3277 334 3344 **)
360 3275 412 3345 [Ab
430 3275 483 3328 hac
500 3272 714 3330 ratiocinatione
733 3275 808 3329 omni
825 3293 881 3330 non
898 3276 996 3331 leviter
1015 3277 1195 3332 dissidentem
1212 3278 1386 3346 Droysenum

243 3388 269 3438 p.
282 3374 331 3423 680
342 3385 403 3435 sqq.
417 3367 513 3422 dedita
525 3385 613 3436 opera
630 3368 798 3437 impugnans
817 3368 931 3423 Gcicrus
950 3388 976 3438 ρ.
991 3375 1040 3424 333
1059 3386 1118 3436 sqq.
1138 3369 1166 3422 in
1186 3387 1249 3424 eam
1267 3370 1386 3437 denique

244 3461 431 3516 coniecturam
454 3458 557 3515 desinit
580 3461 659 3515 valde
683 3461 845 3530 ancipitem,
863 3463 895 3514 ut
913 3462 986 3531 apud
1005 3461 1119 3516 Suidam
1136 3479 1187 3531 pro
1206 3463 1261 3516 his:
1281 3465 1386 3531 ἔγραψε

245 3555 422 3608 Μακεδονικὰ
440 3555 470 3606 ἐν
489 3553 634 3618 βιβλίοις
654 3549 688 3622 ι’,
707 3557 833 3622 ἤρξατο
851 3556 881 3608 δέ
901 3571 924 3609 e.
940 3571 965 3622 q.
986 3572 1006 3608 s.
1026 3555 1161 3624 scriptum
1179 3555 1263 3610 luisse
1281 3558 1386 3624 ἔγραψε

245 3647 281 3699 Μ.
297 3648 328 3700 ἐν
347 3645 490 3711 βιβλίοις
508 3641 561 3712 ιη’,
580 3649 707 3714 ἠρξατο
725 3649 755 3701 δὲ
774 3647 904 3702 coniciet:
929 3647 1003 3716 quod
1019 3647 1042 3702 si
1058 3647 1199 3718 proditum
1218 3650 1299 3715 esset,
1317 3648 1386 3702 nihil

245 3755 310 3794 sanc
329 3739 500 3793 difficultatis
519 3741 684 3808 superesset.
717 3739 821 3794 Contra
839 3740 918 3794 unius
937 3741 1037 3809 operis,
1058 3742 1234 3796 Μακεδονικά
1251 3742 1385 3810 inscripti,

243 3831 314 3886 duae
332 3831 476 3885 minimum
493 3832 578 3886 fuisse
596 3832 776 3888 historiarum
799 3835 896 3904 partos
920 3833 1059 3901 seriesque
1076 3834 1211 3888 librorum
1229 3835 1304 3889 visae
1322 3837 1387 3889 sunt

242 3925 376 3980 Muellcro
394 3942 420 3994 p.
434 3931 474 3991 41,
493 3942 611 3993 quarum
629 3927 718 3980 altera
730 3927 851 3997 Philippi
869 3929 1096 3997 supertorumque
1115 3945 1212 3996 regum
1230 3945 1275 3982 res
1289 3929 1385 3998 gestas

244 4019 389 4086 complexa
406 4018 450 4084 sit,
469 4020 558 4073 altera
570 4019 604 4074 dc
613 4019 772 4074 Alexandro
785 4021 882 4088 egerit,
901 4023 929 4074 ct
946 4021 987 4075 ita
1005 4021 1117 4088 quidem
1135 4021 1232 4089 egerit,
1253 4023 1284 4074 ut
1296 4022 1385 4076 tribus

244 4111 409 4175 quattuorve
435 4111 513 4166 libris
538 4113 784 4181 praemitterentur
807 4131 933 4180 eaquae
958 4113 994 4168 ad
1019 4113 1213 4169 educationem
1236 4115 1386 4170 Alexandri

243 4203 305 4268 (rob
326 4205 508 4272 Ἀλεξάνδρου
525 4207 652 4273 ἀγωγήν)
672 4207 838 4275 spectarent.
868 4205 944 4271 Quae
959 4207 1052 4260 omnia
1065 4225 1148 4274 quam
1167 4207 1222 4262 sint
1240 4209 1282 4262 vel
1301 4209 1385 4262 artifi-

244 4293 317 4347 ciose
340 4297 500 4365 excogitata
521 4298 566 4354 vel
588 4299 695 4354 lubrica
716 4299 745 4353 in
764 4299 923 4356 coniectura
948 4299 1053 4371 posita,
1076 4301 1214 4356 neminem
1232 4302 1385 4372 praeterire

243 4389 393 4457 putamus]
