3270 5094
749 1195 884 1329 XIV,

487 1379 542 1472 lle
573 1379 775 1496 Apollonis
804 1379 936 1496 tropei
966 1381 1147 1496 aetates)

705 1729 866 1785 GAPVT
896 1729 929 1784 V.

334 1851 426 1915 Nova
447 1873 534 1915 nunc
556 1851 681 1916 exsistit
708 1872 806 1934 eaque
829 1849 1029 1914 subdifficilis
1051 1852 1210 1936 quaestio,
1239 1873 1320 1935 quae
1342 1855 1391 1919 est
1410 1869 1421 1917 1

249 1961 294 2025 de
317 1963 453 2025 aetate
475 1960 712 2045 Agathonis.
758 1961 859 2036 Quam
881 1961 928 2025 sie
949 1961 1146 2046 significavit
1167 1963 1272 2046 potius
1295 1987 1390 2049 quam

249 2070 418 2154 descripsit
440 2069 660 2154 Praxiphanes
689 2071 773 2154 apud
795 2070 1018 2136 Marcellinum
1045 2072 1080 2135 in
1107 2072 1175 2137 vita
1196 2072 1390 2159 Thucydidis

254 2247 295 2254 ..-
325 2248 331 2250 -
338 2247 393 2252 κ-
403 2246 450 2251 .——--

317 2343 342 2409 *)
366 2339 630 2396 ‘Commentatiouis
653 2339 687 2394 de
704 2339 860 2408 Agathcnis
877 2339 948 2406 vite,
971 2341 1032 2395 arte
1054 2343 1083 2395 et
1099 2341 1309 2410 tragoediarum
1329 2343 1391 2397 reli-

250 2435 322 2504 quiis
333 2434 479 2504 particula.
503 2431 592 2498 Quam
608 2432 644 2486 ad
661 2431 771 2488 veniam
786 2433 896 2488 litteras
911 2432 941 2488 in
952 2433 1104 2488 Academia
1115 2433 1266 2488 Friden'cia
1276 2435 1392 2490 Halensi

250 2527 369 2583 docendi
380 2526 434 2582 rite
450 2525 657 2596 impetrandam
675 2525 839 2594 amplissimi
851 2525 1082 2596 Philosophorum
1094 2525 1206 2580 Ordinis
1223 2527 1391 2582 auctoritate

217 2653 224 2662 -
250 2621 295 2676 die
312 2618 362 2674 XV
380 2637 417 2674 m.
433 2619 505 2688 Aug.
525 2637 549 2674 a.
570 2616 819 2674 alolocccxxlx
836 2619 906 2673 hora
921 2619 947 2672 X
964 2618 1074 2689 publica
1093 2619 1225 2673 defendet
1241 2619 1270 2674 F.
1290 2621 1322 2674 a.
1342 2621 1389 2690 ph.

250 2715 276 2768 d.
302 2712 377 2768 socio
406 2712 442 2766 ad
464 2711 689 2781 respondendum
712 2713 855 2780 assumpto
878 2712 1026 2780 Rudclpho
1051 2712 1177 2766 Honorio
1200 2711 1301 2767 Semin.
1330 2731 1388 2784 reg.

249 2807 344 2877 philol.
365 2805 480 2862 seniore.
517 2804 595 2858 Halis
615 2802 756 2858 Saxonum
774 2805 849 2873 typis
868 2821 1030 2874 expressum
1048 2805 1236 2860 Gebaueriis.’
1254 2837 1287 2844 -
1311 2805 1391 2875 [Huic

251 2898 441 2954 dissertationi
467 2913 538 2966 quae
560 2900 621 2952 tum
644 2896 787 2966 praefatus
806 2915 879 2963 sum,
902 2897 993 2954 habeo
1011 2916 1085 2953 nune
1107 2915 1155 2952 cur
1171 2897 1245 2953 infra
1262 2898 1391 2954 iteranda

250 2994 375 3062 putemr]

320 3084 408 3150 ‘Etsi,
431 3101 502 3152 quae
524 3082 596 3138 ratio
619 3085 704 3168 esset.
712 3083 841 3150 quodque
864 3083 1008 3138 consilium
1025 3084 1105 3138 huius
1129 3085 1300 3154 scriptionis,
1323 3085 1391 3140 satis
1410 3091 1441 3140 ΙΙΙ

250 3177 341 3232 indice
358 3177 530 3232 declaratum
548 3179 603 3242 est,
626 3177 721 3231 tamen
740 3193 794 3244 quo
813 3178 843 3231 et
859 3175 1036 3231 mirationem
1053 3177 1188 3244 levarem,
1212 3195 1296 3246 quam
1318 3179 1390 3233 arbi·

251 3272 311 3324 tror
327 3270 450 3325 futuram
467 3287 528 3325 esse
546 3269 741 3324 nonnullorum
759 3268 793 3323 de
812 3269 933 3324 instituti
950 3269 1006 3324 mei
1023 3270 1184 3339 exiguitate,
1202 3273 1232 3325 et
1248 3271 1390 3340 augustia·

251 3381 313 3417 rum
324 3379 449 3418 mearum
461 3363 630 3432 susciperem
642 3362 857 3428 exeusationem,
868 3361 974 3432 placcut
984 3363 1167 3432 praelationis
1180 3363 1390 3432 opportunitate

240 3437 293 3510 ⁴uti
309 3455 426 3526 privatis
444 3454 624 3510 scribentium
642 3455 714 3510 cun's
732 3454 895 3510 enarrandis
912 3455 1065 3522 antiqciitus
1084 3455 1244 3510 constitute.
1281 3456 1391 3511 Etenim

252 3565 305 3617 ego
324 3553 353 3603 et
369 3548 499 3603 librarius
517 3565 579 3602 eum
596 3548 636 3602 sic
654 3548 766 3617 depacti
783 3564 914 3616 essemus,
932 3550 963 3602 ut
974 3547 1072 3602 liceret
1088 3548 1156 3602 mihi
1174 3564 1237 3602 eam
1254 3565 1391 3602 cominen-

251 3640 367 3696 tatiouis
389 3643 513 3709 partem,
543 3657 613 3708 quae
636 3643 680 3695 est
705 3641 739 3696 de
761 3640 834 3694 vita
856 3641 1064 3710 Agathonia,
1095 3640 1269 3709 disceptandi
1293 3657 1391 3696 caussa

251 3749 408 3803 proponere
429 3733 583 3802 integram:
607 3735 702 3788 tamen
719 3733 766 3788 ille
784 3733 866 3788 simul
889 3735 973 3801 atque
995 3751 1094 3802 parum
1113 3733 1169 3787 suis
1190 3732 1219 3787 id
1237 3733 1391 3788 conducere

251 3825 406 3881 rationibus
425 3843 486 3881 sero
504 3826 692 3894 intellexerat,
714 3825 777 3881 ilico
795 3843 840 3880 me
858 3827 1004 3882 convenire
1022 3827 1106 3894 atque
1125 3829 1156 3880 ut
1172 3829 1310 3881 mutarem
1328 3843 1391 3880 con-

252 3917 343 3972 silium
365 3935 488 3988 poscere.
525 3919 722 3975 Obsecundare
744 3917 796 3972 viri
812 3918 1000 3974 honestissimi
1022 3919 1151 3988 precibus
1169 3935 1221 3987 par
1238 3920 1306 3973 erat.
1342 3919 1391 3973 Ae

251 4011 347 4067 tamen
370 4012 500 4080 quomam
523 4013 581 4066 eius
600 4011 675 4068 modi
692 4011 829 4082 particula
847 4012 985 4080 quaedam
1002 4011 1152 4080 deligenda
1175 4013 1248 4078 erat,
1272 4027 1344 4078 quae
1362 4013 1391 4066 et

253 4105 308 4158 suis
325 4105 389 4174 ipsa
406 4105 594 4159 conficeretur
611 4105 711 4159 finibus
730 4107 759 4160 et
771 4107 816 4158 sat
832 4105 961 4159 idoneam
979 4105 1094 4159 afferret
1112 4103 1287 4174 disceptandi
1304 4105 1391 4158 mate·

252 4196 334 4252 riam:
353 4197 458 4252 laetum
476 4199 528 4264 est,
546 4199 628 4268 culpa
646 4196 757 4265 quidem
775 4215 838 4251 mea
855 4197 938 4262 nulla,
959 4198 1055 4252 dolore
1072 4213 1139 4251 vero
1157 4196 1232 4252 haud
1249 4195 1390 4263 mediocri,

253 4291 284 4343 ut
306 4289 409 4344 omisso
431 4289 673 4346 commentationis
700 4289 779 4346 initio
802 4289 876 4359 typis
897 4290 955 4344 iam
977 4306 1108 4360 expresso
1131 4289 1224 4344 media
1252 4289 1391 4358 quaedam

252 4382 346 4451 capita
367 4382 565 4449 eximerentm,
589 4383 688 4452 quibus
707 4383 741 4438 de
760 4383 820 4438 sola
842 4385 959 4440 aetate
978 4383 1120 4450 quaeritur
1137 4381 1301 4452 Agathcnis.
1338 4383 1386 4442 At-
