3270 5094
253 381 318 454 400
598 399 645 452 na
668 401 817 453 clance
841 397 1046 454 soauocuao

254 555 503 643 expugnandam
525 555 654 622 'froiam
676 555 881 644 proficisci*).
915 556 985 622 Nec
1005 579 1119 641 prosae
1141 556 1296 623 orationis
1317 578 1392 622 usus

255 667 375 731 differt:
412 667 496 731 unde
523 689 621 732 unum
653 667 854 751 potissimum
887 668 1066 751 exemplum
1094 668 1284 752 promimus,
1319 691 1390 753 quc,

255 777 330 861 quid
352 777 437 840 inter
458 779 532 843 νέοε
555 779 588 840 et
602 779 718 856 νεαρόε
740 776 887 841 notiones
903 778 1040 861 intersit,
1065 778 1265 861 apertissime
1288 777 1392 842 decla-

253 890 359 970 ratur,
388 885 611 970 Xenophontis
638 886 673 949 in
702 885 899 970 Cyropaedia
921 885 952 969 Ι,
975 887 1007 969 4,
1031 888 1067 951 3:
1103 887 1177 952 ἀλλ’
1202 887 1309 967 ὥοπερ
1330 889 1392 967 γὰρ

254 997 290 1061 ἐν
314 998 461 1076 εώμαειν,
484 995 553 1061 drot
574 997 660 1062 νέοι
683 996 775 1061 ὄντες
797 997 929 1075 μέγεθος
952 997 1081 1080 ἔλαβον,
1105 997 1192 1076 ὅμως
1208 997 1392 1080 ἐμφαίνεται

254 1107 290 1171 τὸ
327 1107 474 1187 νεαρὸν
511 1106 630 1184 αὐτοῖς,
667 1107 686 1170 ὃ
724 1109 893 1185 κατηγορεῖ
927 1108 986 1184 τήν
1020 1106 1267 1184 ὀλιγοετίαν,
1306 1107 1392 1172 οὕτω

254 1237 281 1278 e.
298 1238 329 1299 q.
352 1237 377 1279 s.
400 1253 443 1264 -
464 1214 559 1279 Hanc
581 1214 681 1299 igitur
701 1218 832 1278 tenerae
856 1215 971 1278 aetatis
993 1215 1156 1279 notionem
1181 1237 1251 1279 cum
1274 1217 1391 1296 νεαοόε

253 1347 314 1388 νοιι
337 1324 421 1408 apud
443 1324 591 1407 antiquos
614 1326 734 1387 certam
756 1327 788 1387 et
811 1327 1012 1388 constantem
1034 1328 1155 1407 servet,
1189 1327 1392 1409 consequitur

252 1437 289 1497 ut
311 1433 447 1498 absurdo
474 1433 616 1517 epitheto
645 1432 680 1495 in
702 1433 847 1496 Atticam
874 1433 1005 1497 inruens
1033 1432 1134 1498 hostis
1163 1435 1278 1514 νεαοόε
1301 1456 1390 1499 voce·

253 1548 315 1608 tur.
361 1542 449 1628 Ergo
471 1541 510 1606 de
538 1539 728 1606 emendandi
756 1542 948 1606 necessitate
975 1543 1166 1627 rectissime,
1201 1565 1392 1628 quamquam

253 1675 320 1718 non
342 1653 397 1717 illa
420 1673 500 1737 quac
522 1651 675 1735 primaria
703 1655 752 1715 est
774 1673 886 1715 caussa
913 1653 1008 1736 moti,
1040 1675 1111 1717 cum
1139 1653 1194 1717 alii
1221 1657 1289 1717 tum
1312 1653 1392 1717 Her·

253 1785 390 1826 mannus
419 1762 618 1846 cogitanmt,
650 1760 831 1825 adsciscens
859 1761 886 1825 is
914 1761 1040 1846 quidem
1069 1764 1220 1844 νέωροε
1242 1763 1390 1846 formam,

254 1893 320 1936 non
353 1893 424 1936 earn
455 1871 591 1955 synizesi
625 1873 824 1935 contractam
857 1892 929 1934 cum
951 1870 1116 1935 Wundero
1144 1875 1181 1938 τὸ
1204 1874 1262 1952 μέν
1283 1894 1328 1939 τι(
1351 1873 1391 1938 οὐ

254 1982 379 2061 νέωρο(
401 1981 475 2046 οὔτε
497 1982 594 2064 γήρᾳ,
627 1980 681 2044 sed
708 1979 775 2044 leni
801 1981 1051 2064 transpositione
1073 1981 1177 2045 versui
1200 1983 1246 2046 sic
1269 1981 1391 2046 adhibi-

254 2095 321 2154 tam
344 2093 381 2156 τὸ
403 2091 460 2170 μέν
482 2091 606 2170 vespae
626 2109 673 2154 uc
696 2089 770 2154 οὔτε
790 2091 882 2173 γήρᾳ,
906 2090 1034 2153 ‘omissa
1056 2093 1091 2153 ut
1112 2113 1208 2174 saepe
1229 2092 1265 2155 in
1286 2093 1391 2175 priore

254 2201 396 2264 membro
424 2199 621 2284 negatione’.
666 2198 753 2273 Quae
780 2198 885 2292 torma
916 2221 987 2263 cum
1014 2202 1065 2263 sat
1091 2200 1266 2284 locupletes
1293 2204 1391 2265 testes

254 2309 405 2373 Photium
426 2331 458 2392 p.
475 2309 585 2392 297‚9
608 2311 640 2372 et
662 2307 856 2391 Hesychium
879 2330 911 2391 p.
932 2309 1003 2392 152,
1026 2309 1089 2374 423
1112 2307 1231 2374 habeat
1252 2311 1390 2393 νέωρον,

253 2421 333 2486 νέον
354 2418 541 2502 prodentes,
574 2417 634 2482 etsi
662 2439 728 2482 non
757 2421 805 2481 est
832 2439 909 2481 sane
938 2439 994 2481 cur
1022 2419 1068 2482 ita
1091 2418 1229 2484 scribere
1251 2420 1391 2505 potuisse

254 2528 444 2614 Sophoclem
466 2528 621 2593 morosius
643 2549 753 2612 neges,
776 2531 886 2591 tamen
909 2530 1029 2591 certam
1051 2526 1101 2592 vel
1124 2529 1318 2593 evidentiam
1340 2529 1391 2593 vel

253 2639 514 2723 probabilitatem
542 2660 579 2702 ea
608 2637 788 2702 emendatio
809 2640 877 2700 tam
905 2635 957 2700 diu
981 2659 1046 2701 non
1072 2637 1187 2721 hahet,
1215 2661 1310 2722 quarn
1337 2638 1391 2702 diu

254 2749 317 2812 alia
345 2748 379 2811 in
407 2751 557 2832 promptu
586 2751 722 2810 estnon
744 2747 848 2809 minus
872 2746 1034 2810 commoda
1057 2750 1113 2810 aut
1136 2747 1232 2811 etiam
1256 2771 1391 2812 commo-

321 3019 345 3088 *)
364 3017 453 3072 Simili
471 3019 590 3072 fortasse
608 3015 800 3086 ambiguitate,
818 3018 902 3085 atque
920 3015 1095 3072 Pindaricum
1112 3017 1166 3072 hoc
1182 3017 1228 3072 vel
1244 3017 1313 3072 illud
1325 3018 1390 3088 Hip·

253 3110 351 3182 polyhi,
368 3111 507 3181 Euripidis
526 3111 683 3180 exenrplum
700 3111 753 3164 fnit
770 3111 845 3180 apud
857 3109 1078 3164 Antiatticistam
1096 3129 1123 3179 p.
1139 3118 1195 3178 109,
1214 3119 1257 3165 15:
1277 3115 1390 3180 νεαρὸς·

252 3207 316 3259 ἀντί
333 3209 385 3258 τοίι
404 3205 475 3261 νέοε.
509 3204 658 3271 Εὐριπίδη(
677 3205 831 3272 Ὑψιπύλῃ,
859 3203 934 3270 qnod
951 3201 1017 3270 quid
1037 3201 1089 3256 sibi
1108 3203 1175 3256 velit
1191 3203 1390 3270 testimonium,

252 3315 352 3367 pamm
368 3297 464 3365 liquet.
502 3295 676 3363 Quamquam
694 3295 725 3360 si,
744 3294 819 3362 qnod
836 3297 880 3349 est
897 3295 1020 3349 omnium
1038 3293 1283 3364 simplicissimum,
1302 3295 1390 3363 sequi·

252 3409 325 3456 inus,
351 3407 407 3444 nou
429 3390 514 3444 alium
535 3389 589 3442 uisi
606 3389 752 3456 pucrulum
770 3387 919 3457 Opheltam
942 3387 1043 3442 dixisse
1061 3391 1166 3456 νεαρόν
1183 3390 1268 3457 poeta
1285 3388 1387 3443 videbi·

252 3485 310 3537 tur:
341 3501 423 3551 quem
444 3485 549 3550 νήπιον
572 3467 666 3536 natos*
678 3477 863 3550 Apollodorus
881 3481 935 3546 lll,
958 3487 987 3547 6,
1006 3486 1021 3533 4
1040 3481 1177 3548 appellat,
1197 3484 1300 3548 νήπιον
1318 3484 1390 3536 ὄντα

252 3580 338 3632 παῖδα
357 3579 401 3630 καί
418 3579 490 3641 ἄγαν
508 3577 604 3642 ίίαιρον
622 3575 830 3640 τελευτήεαντα
842 3573 1005 3628 Plutarchus
1024 3575 1125 3627 consol.
1145 3574 1235 3642 Apoll.
1255 3592 1282 3642 p.
1299 3581 1346 3628 110
1358 3579 1388 3638 F,

252 3671 363 3724 παιδίον
381 3669 532 3722 scholiasta
550 3666 700 3721 Clementis
717 3665 910 3732 Alexandrini,
933 3666 1029 3733 cuique
1048 3669 1082 3720 τὸ
1101 3667 1205 3732 νήπιον
1228 3667 1287 3734 ipse
1305 3669 1390 3734 poeta

251 3763 389 3817 tribuerat
411 3765 442 3816 lr.
468 3768 517 3816 754
537 3760 566 3813 in
588 3758 707 3813 Nauckii
729 3747 814 3827 theg.¹
839 3761 937 3826 fragm.
962 3778 989 3828 p.
1009 3763 1066 3813 468.
1092 3789 1124 3796 -
1152 3758 1196 3810 Ad
1213 3757 1388 3812 Homericum

252 3859 346 3910 autem
362 3873 473 3908 versum
490 3853 619 3922 apertum
641 3855 685 3906 est
702 3851 832 3905 Photium
854 3870 881 3919 p.
902 3857 964 3916 291,
989 3859 1020 3905 10
1051 3869 1112 3904 cum
1136 3849 1222 3904 Suida
1250 3869 1276 3919 p.
1297 3856 1388 3914 9407

253 3951 391 4017 spectare:
410 3947 519 4013 νεοροί·
537 3947 604 4012 νέοι,
623 3943 868 4011 νήπιοι,’ίίοιοοιιο
886 3943 1054 4012 Hesychium
1071 3962 1097 4013 p.
1121 3951 1177 4010 144,
1198 3949 1257 3998 18οε
1281 3943 1389 4011 νεοροί·

252 4041 372 4108 νεογνοί,
391 4041 494 4106 νήπιοι.
511 4040 537 4093 ot
556 4039 620 4091 νέοι.
654 4036 714 4089 Nisi
735 4036 780 4090 hic
801 4039 909 4104 νήπιοι,
941 4039 998 4092 νέοι
1020 4037 1205 4091 scribendum.
1229 4035 1389 4100 -Quodsi

252 4132 367 4201 dignum
384 4131 569 4200 explicatione
587 4129 762 4197 granimatici
785 4131 885 4196 νεαρὸε
906 4129 1072 4184 vocabulum
1095 4129 1264 4196 habuerunt,
1293 4131 1388 4182 tamen

252 4225 351 4279 eodem
368 4223 431 4278 illos
449 4223 486 4278 ad
504 4221 669 4292 explicanda
686 4221 742 4275 alia
760 4222 940 4290 exqmeitioru
961 4241 1026 4277 usos
1044 4240 1104 4276 esse
1124 4222 1191 4276 satis
1210 4239 1244 4276 ea
1262 4223 1389 4290 exempla

252 4317 355 4370 docent
372 4335 443 4384 (quae
461 4317 545 4370 docta
562 4314 742 4370 adnotatione
760 4315 918 4369 Dindorfius
937 4315 1093 4384 composuit
1109 4315 1138 4368 in
1157 4313 1301 4384 Sophoclis
1320 4313 1388 4368 Oed.

252 4405 309 4463 Col.
329 4415 386 4464 475.
