3254 5092
625 363 660 408 m
682 361 965 409 nnrsroenrumr.
1302 345 1362 408 221

155 565 158 568 .
228 513 396 577 1111011111
409 512 596 596 dicunturp.
612 514 726 595 1112.
744 513 833 587 Quod
849 517 954 576 autem
970 512 1227 576 Heliodorum
1242 535 1364 596 quoque

227 622 312 686 inter
328 623 531 706 antiquos,
548 623 660 706 quibus
672 622 788 686 Taetza
803 645 877 686 usus
892 622 999 703 fuerit,
1017 623 1122 685 fontes
1137 623 1363 706 recensuimus,

227 731 428 794 mirabuntur
450 733 562 814 quibus
584 732 623 795 de
646 731 827 814 Byzantino
849 731 1036 812 Heliodom,
1064 731 1210 814 Dionysii
1232 732 1364 796 Thracis

184 823 187 831 ²
228 840 417 923 scholiasta,
433 843 592 924 persuasit
606 841 801 905 Ritschelius
816 842 854 904 de
871 840 969 904 schol.
986 839 1091 903 Plaut.
1109 863 1139 922 p.
1160 843 1229 922 147,
1248 841 1363 904 t'oroll.

228 973 259 1032 p.
284 950 304 1014 9
326 971 393 1033 sqq.
439 949 523 1014 Nem
549 973 620 1014 cum
642 950 807 1014 Heliodori
829 951 958 1014 nomine
986 949 1174 1032 inscriptam
1203 950 1236 1012 in
1265 955 1366 1012 artem

229 1057 375 1142 Dionysii
392 1060 649 1144 annotationem,
673 1061 808 1124 similem
823 1060 868 1142 ei,
891 1082 985 1143 quam
1000 1060 1069 1122 sine
1085 1059 1214 1122 nomine
1229 1059 1365 1141 positam

229 1169 328 1232 habes
356 1169 441 1252 apud
462 1168 643 1232 Bekkerum
666 1171 787 1234 Anecd.
820 1193 852 1252 p.
877 1169 955 1250 797,
986 1169 1108 1232 videret
1135 1168 1366 1232 aVilloiaonio

230 1278 352 1342 Anecd.
377 1300 484 1362 graec.
501 1279 533 1342 ΙΙ
556 1302 587 1361 p.
607 1280 666 1342 123
689 1301 706 1342 e
730 1279 836 1342 codice
860 1278 1024 1342 Marciano
1047 1280 1222 1361 prolatam,
1246 1277 1281 1342 in
1303 1279 1366 1341 alio

229 1390 336 1452 autem
365 1387 512 1471 Dionysii
545 1387 664 1451 scholio
692 1387 792 1451 Bekk.
823 1387 945 1450 Anecd.
980 1411 1011 1470 p.
1043 1389 1103 1452 767
1132 1392 1165 1451 et
1191 1410 1229 1451 ex
1258 1388 1366 1452 eodem

230 1497 395 1560 Marciano
419 1497 527 1560 codice
550 1497 674 1560 Villois.
699 1496 731 1558 Il
753 1520 784 1579 p.
805 1495 864 1560 182
887 1519 957 1560 eam
980 1519 1073 1580 quam
1097 1497 1136 1559 ad
1159 1496 1367 1561 Heliodorum

210 1591 346 1669 'Taetza
378 1607 491 1669 refert'
515 1605 709 1670 sententiam
745 1606 921 1688 expositam
959 1605 1242 1688 animadverteret,
1281 1607 1367 1670 lumc

230 1714 467 1780 Bekkerianum
489 1716 697 1798 interpretem
719 1715 823 1797 ipsum
843 1713 1049 1778 Heliodorum
1072 1737 1203 1797 eumque
1227 1737 1298 1778 eum
1320 1737 1366 1778 re-

229 1825 323 1907 liquis
338 1824 484 1908 Dionysii
508 1825 735 1908 interpretibus
758 1824 793 1887 in
809 1823 1060 1906 Byzantinorum
1086 1821 1366 1907 grammaticorum

229 1955 361 1998 numero
383 1935 566 2016 ponendum
589 1955 656 1997 esse
680 1933 845 1998 conclusit.
892 1932 1011 1998 Contra
1033 1956 1128 2016 quam
1149 1933 1367 1998 ratiocinatio·

230 2063 304 2105 nem
331 2065 412 2126 quac
440 2043 664 2126 Bernhardyns
692 2065 723 2126 p.
748 2043 810 2108 832
834 2065 880 2126 sq.
910 2043 1051 2126 monuit,
1080 2043 1119 2107 iis
1146 2047 1220 2126 post
1247 2043 1366 2106 editum

188 2181 193 2192 ·
230 2173 381 2236 graecum
404 2153 667 2216 commentarium
690 2153 759 2236 (illa
782 2154 868 2216 enim
891 2153 930 2216 de
951 2152 1072 2216 scholio
1088 2153 1237 2215 Plautino
1260 2153 1365 2236 dispu-

230 2263 300 2324 tata
327 2263 433 2346 erant)
462 2263 583 2326 nnllam
611 2262 746 2345 amplius
773 2262 837 2324 vim
867 2261 987 2325 tribuet
1014 2263 1062 2324 vir
1095 2263 1252 2346 egregius.
1306 2263 1366 2326 Sed

230 2369 462 2435 dubitationem
495 2371 614 2435 excitat
647 2372 818 2434 coniuncta
852 2371 1053 2454 antiquorum
1085 2372 1367 2454 grammaticorum

231 2502 303 2543 cum
325 2482 441 2544 aetatis
464 2481 654 2544 Tzetzianae
676 2480 804 2544 homine
826 2480 993 2560 memoria,
1025 2485 1057 2543 et
1080 2483 1214 2563 augetur
1236 2503 1367 2564 magno-

231 2611 306 2672 pere
328 2590 485 2653 dubitatio
501 2611 554 2672 eo,
578 2590 660 2673 quod
675 2591 734 2653 sub
754 2590 850 2653 finem
873 2589 987 2672 prioris
1010 2588 1163 2671 prooemii
1183 2591 1367 2669 λεξιγράφοι

230 2701 391 2779 Ὁμηρικοί
414 2699 703 2782 reprehenduntur:
731 2699 763 2761 id
791 2699 873 2782 quod
895 2721 961 2762 non
984 2685 1080 2780 ¹posse
1109 2698 1171 2761 nisi
1199 2697 1239 2759 ad
1261 2697 1368 2760 Helio-

231 2809 341 2872 dorum
364 2809 525 2891 pertinere
548 2809 592 2890 ei,
622 2808 675 2890 qui
697 2811 794 2872 verba
817 2809 959 2890 proxime
982 2807 1205 2871 antecedentia
1228 2807 1368 2870 conside-

231 2918 367 3000 raverit,
397 2918 531 3000 patebit.
575 2917 775 2980 Revocemur
803 2918 902 3000 igitur
924 2917 965 2980 ad
986 2917 1193 2980 Heliodorum
1214 2921 1367 2993 γλωεεῶν

231 3027 408 3107 Ὁμηρικῶν
432 3028 634 3110 scriptorem,
658 3027 846 3110 praesertim
862 3049 934 3090 cum
955 3026 1040 3090 hunc
1062 3049 1132 3090 cnm
1148 3027 1275 3109 Apione
1293 3049 1369 3110 prae

234 3137 346 3200 ceteris
362 3139 437 3200 robe
452 3138 724 3216 γλωεεογράφουε
739 3136 840 3200 dictos
856 3157 924 3199 esse
939 3137 1090 3199 sciamus:
1107 3136 1148 3199 cs.
1158 3135 1370 3200 Ritschelium

232 3245 271 3308 de
299 3245 397 3310 schol.
427 3245 531 3309 Plaut.
555 3269 587 3328 p.
614 3246 684 3309 142.
729 3247 775 3309 At
802 3268 876 3310 vero
903 3247 1022 3309 bonum
1049 3249 1081 3309 et
1109 3246 1150 3308 ab
1177 3246 1275 3329 ipsius
1298 3246 1370 3308 Ari-

233 3355 354 3419 starchi
377 3358 497 3438 aetate,
529 3358 564 3418 ut
586 3355 725 3438 videtur,
755 3355 888 3419 nonita
916 3355 1011 3439 longe
1034 3359 1188 3418 remotum
1211 3377 1370 3439 gramma-

232 3465 347 3548 ticum,
370 3465 541 3528 multorum
563 3487 644 3547 quae
666 3465 856 3547 Apollonius
885 3465 918 3528 in
946 3465 1049 3528 lexico
1071 3464 1242 3528 Homerico
1264 3464 1371 3546 posuit

234 3577 410 3656 auctorem,
434 3563 511 3638 num
534 3574 733 3657 ineptissima
756 3575 794 3638 de
810 3573 971 3637 Pisistrati
995 3574 1078 3638 curis
1098 3573 1275 3636 Homericis
1300 3595 1370 3636 cum

235 3683 525 3746 Alexandrinorum
547 3683 659 3748 studiis
676 3684 854 3747 commixtis
876 3683 986 3747 fabula
1008 3684 1141 3767 dignum
1163 3683 1371 3765 putabimus?

234 3791 367 3856 Minime
389 3793 421 3856 id
443 3792 570 3876 qrndem
591 3793 772 3876 probabile,
801 3793 989 3876 praesertim
1013 3816 1083 3856 cum
1105 3793 1262 3875 dubitem,
1294 3814 1371 3854 num

234 3902 308 3966 talis
330 3904 488 3985 narratio,
521 3903 646 3965 etiamsi
668 3904 773 3966 minus
795 3904 905 3986 inepta
927 3903 1039 3984 fuerit,
1062 3903 1097 3964 in
1119 3902 1233 3986 glossis
1255 3901 1370 3964 Home-

235 4011 309 4074 ricis
323 4013 428 4076 locum
449 4012 611 4075 habuerit:
634 4013 697 4076 imo
712 4035 753 4076 ne
775 4013 807 4076 id
829 4013 955 4096 quidem
973 4013 1039 4075 veri
1055 4012 1156 4074 simile
1172 4011 1260 4074 dicas
1281 4010 1370 4074 illum

236 4120 351 4184 librum
380 4121 420 4184 ad
447 4122 583 4185 'laetaae
611 4125 750 4185 aetatem
777 4125 991 4206 propagatum
1019 4143 1097 4185 esse.
1154 4120 1215 4184 Sed
1244 4123 1370 4202 praesto

237 4233 285 4292 est
312 4231 375 4294 alia
403 4230 594 4295 scholiorum
621 4230 862 4294 Homericorum
892 4232 1051 4311 collectio,
1081 4253 1142 4314 qua
1165 4229 1371 4293 Eustathium
1391 4251 1437 4299 133

236 4359 326 4402 usum
342 4361 410 4403 esse
425 4341 586 4424 novimus,
611 4342 680 4424 ipsa
703 4363 825 4426 quoque
841 4340 1005 4405 Heliodori
1029 4344 1061 4403 et
1076 4340 1212 4424 Apionis
1234 4340 1369 4404 nomini-
