3184 5100
574 402 734 452 seusana
757 403 929 452 carnosa.
1260 389 1322 453 713

268 555 307 618 ln
334 555 508 620 eiusdem
536 555 697 622 fabulae
720 556 807 622 exitu
829 578 909 640 quae
932 556 993 621 duo
1015 560 1092 621 sunt
1113 556 1319 640 hemichoria‚

184 685 292 760 eorum
313 665 455 730 nondum
477 665 627 731 restituta
654 670 703 732 est
724 665 906 752 integritas.
950 667 1087 732 Versum
1109 671 1215 732 autem
1240 668 1321 733 1058
1362 703 1364 714 =

181 775 293 864 [1052]
327 776 387 840 atsi
415 776 578 858 praeclare
606 775 719 840 Petrus
746 775 917 840 Elmsleius
951 777 1111 862 supplevit
1143 777 1251 841 adnot.
1281 776 1322 841 ad

183 884 346 969 Euripidis
368 885 500 950 Medeae
523 909 552 950 v.
572 885 671 951 1224:
693 887 800 968 δράτω
823 907 857 952 τι
878 887 993 953 πόλι(
1014 925 1067 971 —‚
1090 890 1200 951 tamen
1224 887 1322 951 etiam

183 995 362 1079 graviorem
384 997 545 1080 quandam
567 996 688 1061 inillis
711 1017 779 1061 esse
800 996 950 1062 lacunam
975 995 1106 1062 alterius
1134 997 1321 1062 hemiohorii

182 1104 400 1190 discrepantia
427 1106 588 1191 arguitur,
617 1106 700 1191 quod
728 1129 792 1170 una
820 1106 1027 1190 anapaestica
1054 1106 1184 1189 dipodia
1205 1106 1320 1190 prioris

183 1215 365 1298 systematis
393 1215 548 1280 ambitum
583 1217 718 1281 excedit.
768 1215 946 1300 Reputanti
978 1219 1085 1280 autem
1117 1214 1211 1299 mihi,
1246 1216 1321 1300 quid

182 1323 291 1390 deesse
312 1324 474 1389 videretur
495 1325 536 1390 ad
558 1327 792 1391 sententiarum
814 1326 1029 1410 intellectum,
1058 1325 1137 1390 adeo
1159 1324 1322 1409 displicuit

182 1456 212 1498 v.
238 1433 317 1499 1061
342 1432 448 1524 [1055]
478 1435 666 1520 simpliciter
686 1436 825 1520 positum
845 1441 957 1519 γενεᾷ,
981 1440 1018 1499 ut
1040 1435 1191 1501 continuo
1214 1457 1321 1500 cense-

181 1564 249 1608 rem
270 1521 389 1610 h0c⁵in
410 1544 479 1611 loco
502 1545 703 1611 intercidisse
724 1545 856 1630 aliquid,
879 1545 963 1630 quod
984 1545 1174 1612 monometri
1195 1567 1321 1610 mensu-

181 1674 250 1718 ram
278 1659 440 1739 aequaret.
485 1655 570 1720 Nam
599 1655 680 1740 quod
710 1655 901 1722 scholiastae
929 1655 964 1720 iu
991 1658 1132 1720 mentem
1159 1654 1249 1720 venit
1275 1655 1322 1720 sic

181 1763 365 1829 adnotanti:
397 1767 506 1851 γενεᾷ]
529 1773 568 1852 τῇ
591 1766 795 1852 ἀνθρωπίνῃ,
823 1766 856 1830 id
878 1765 1108 1830 alienissimum
1130 1768 1179 1830 est
1200 1788 1220 1830 a
1241 1766 1321 1830 veri·

182 1877 260 1938 tate.
304 1873 537 1940 Inveniendum
561 1880 609 1940 est
636 1876 736 1960 igitur
757 1874 895 1960 aliquid,
923 1896 985 1960 quo
1013 1878 1045 1939 et
1071 1875 1251 1940 sententiae
1274 1875 1321 1938 in-

180 1984 317 2069 tegritas
339 1985 528 2050 restituatur
550 1988 582 2050 et
605 1987 804 2069 corruptelae
833 1985 907 2050 fons
929 1988 1094 2070 appareat.
1135 1984 1214 2050 Eius
1235 1984 1320 2048 modi

181 2096 287 2158 autem
310 2095 403 2160 credo
425 2095 511 2162 hanc
533 2117 602 2160 esse
624 2095 831 2178 scripturam:

329 2232 418 2310 ἡμεῑε
439 2232 497 2310 μὲν
519 2231 589 2312 ἴμεν
612 2233 662 2297 καὶ
683 2233 890 2312 ευνθὰψομεν

333 2339 402 2406 αἰδε
423 2343 627 2423 προπομποί·
654 2342 704 2408 καὶ
725 2341 788 2420 γὰρ
809 2345 926 2424 γενεᾷ

423 2457 466 2536 τῇ
491 2451 771 2536 trucutanae)

330 2561 443 2627 κοινὸν
463 2562 536 2628 τόδ’
557 2561 647 2646 ἄχοε,
670 2563 721 2628 καὶ
743 2562 835 2627 πόλιε
857 2561 966 2629 clauc

381 2670 497 2737 ἄλλοτ’
518 2672 644 2739 ἐπαινεῖ
665 2673 704 2739 τὰ
726 2672 837 2738 δίκαια

46 2809 61 2834 ’
179 2804 335 2890 Apprime
357 2805 443 2870 enim
465 2806 640 2892 respondet
660 2806 796 2871 alterum
820 2809 975 2890 systema:

328 2943 407 3022 μετὰ
428 2944 490 3024 γὰρ
512 2943 654 3023 μάκαραε
675 2945 727 3009 καὶ
748 2945 830 3009 Διὸ(
853 2941 940 3024 ἰεχὺν

331 3052 388 3119 ὅδε
413 3054 576 3134 Καδμείων
599 3053 694 3134 ἤρυξε
717 3054 813 3120 πόλιν

422 3165 463 3244 μὴ
487 3165 698 3244 ’νατραπῆναι

332 3272 407 3351 μηδ’
429 3272 627 3340 ἀλλοδαπῶν
649 3274 760 3353 κύματι
780 3276 906 3354 φωτῶν

379 3386 626 3462 κατακλυεθῆναι
646 3384 826 3464 ταμὰλιετα.

179 3531 310 3597 Etenim
333 3533 412 3598 illud
434 3533 498 3599 diei
520 3556 650 3600 necesse
673 3539 737 3618 est,
763 3556 961 3601 communem
984 3556 1052 3599 esse
1075 3533 1217 3600 omnium
1239 3533 1320 3599 The-

181 3642 338 3707 banorum
358 3643 458 3709 istum
478 3645 609 3729 luctum,
634 3645 784 3729 quoniam
800 3645 861 3710 hoc
876 3647 1066 3731 argumento
1088 3643 1203 3708 nititur
1225 3646 1320 3728 atque

180 3755 350 3818 excusatur
376 3753 464 3819 chori
492 3755 660 3820 consilium
689 3755 872 3840 sepulturae
901 3756 1021 3820 honore
1043 3753 1226 3838 Polynieem
1250 3755 1320 3818 affi-

181 3863 296 3928 ciendi.
333 3865 535 3946 Καδμογενήε
558 3865 750 3931 adieetivum
772 3866 884 3930 eadem
905 3865 936 3929 vi
959 3865 1098 3950 positum
1120 3867 1169 3929 est
1190 3863 1320 3948 Septem

176 3972 217 4037 ad
238 3972 366 4038 Thebas
388 3996 418 4039 v.
442 3975 522 4042 285:
544 3977 640 4044 πόλιν
662 3980 712 4043 καὶ
734 3979 869 4058 ετρατόν
894 3977 1079 4056 Καδμογενῆ
1103 3976 1222 4056 ῥύεεθε.
1259 3974 1320 4039 Illo

176 4085 284 4150 autem
305 4084 377 4148 lusu
398 4085 604 4171 syllabarum,
628 4086 682 4170 qui
704 4086 847 4152 cernitur
869 4086 903 4152 in
925 4085 1031 4150 verbis
1052 4091 1174 4168 γενεᾷ
1197 4086 1320 4165 Καδμο-

242 4329 268 4398 *)
293 4329 366 4399 [Non
388 4332 515 4400 prolecto
538 4349 584 4386 me
611 4329 740 4401 fugiebat
763 4329 848 4387 etiam
877 4337 912 4401 τᾷ
937 4331 1083 4399 Καδμεῐων
1115 4330 1204 4388 conici
1232 4350 1316 4403 posse

176 4421 251 4490 quod
268 4439 325 4479 non
343 4422 488 4494 displicere
507 4422 560 4479 sibi
577 4425 754 4482 Hermannus
773 4425 931 4496 significat]
