3218 5094
268 377 332 442 630
652 390 792 440 naono
815 391 859 438 ar
882 389 1024 438 carone.
1137 451 1139 455 Ι

268 570 295 612 κ.
315 571 343 613 τ.
365 551 393 611 λ.
416 548 435 611 δ
458 548 494 613 δὲ
516 545 615 625 Ὠροε
643 545 662 610 δ
686 546 839 622 Μιλήαοε
867 544 919 608 διὰ
946 546 1002 622 τῆ(
1031 562 1063 607 αι
1090 541 1269 624 διφθόγγου
1295 541 1414 622 γράφει

269 659 319 723 καί
348 659 394 723 δι’
422 657 496 722 ἑνό(
527 676 559 735 ρ·
594 657 620 740 ᾧ
651 656 773 734 μᾶλλον
801 655 956 719 πειετέον.
1006 651 1075 716 Νοο
1103 673 1196 734 sane,
1226 650 1254 715 ai
1281 649 1413 735 quiade

271 767 403 833 αΙετό(
425 771 458 831 et
479 766 599 831 κλαίω
622 763 733 829 formis
755 764 790 828 in
812 784 844 828 ur
865 761 1067 847 diphthongo
1087 765 1293 848 praeceptum
1314 759 1413 827 fusse

270 880 408 960 statuat,
431 876 535 941 habeo
558 875 704 959 equidem
727 895 783 938 cur
805 893 992 958 repugnem.

353 987 384 1050 2.
418 986 493 1050 Non
515 985 623 1070 paullo
646 982 802 1066 copiosior
829 983 932 1046 altera
959 1004 1033 1067 pars
1055 982 1170 1064 fuerit,
1199 1003 1281 1067 quae
1308 1003 1412 1047 versa·

268 1100 322 1162 tur
345 1097 380 1161 in
402 1119 435 1164 ει
457 1093 707 1181 diphthongo
728 1094 795 1176 vel,
819 1092 903 1176 quod
925 1094 1035 1158 eodem
1057 1093 1156 1176 redit,
1184 1093 1219 1157 in
1241 1093 1413 1158 iudicanda

271 1229 304 1273 ει
329 1210 362 1270 et
389 1231 399 1272 ι
425 1207 646 1290 scriptura..
683 1204 731 1268 Eo
758 1203 878 1267 referre
906 1201 1062 1285 Stephani
1090 1204 1187 1268 rerba
1214 1226 1245 1287 p.
1268 1203 1348 1288 330,
1377 1205 1412 1270 6:

271 1319 430 1397 Ὀρεετία,
457 1319 497 1396 ἣν
526 1315 692 1396 Εὐδαίμων
719 1315 769 1379 καί
796 1314 895 1393 Ὠρο(
921 1314 985 1379 διὰ’
1000 1318 1056 1393 τῆ(
1084 1335 1110 1380 ει
1137 1315 1316 1395 διφθόγγου
1337 1318 1413 1396 γρά-

270 1449 367 1510 φουει
388 1430 446 1506 τὴν
469 1427 694 1506 Ὀρέετειαν
715 1461 758 1474 —-
779 1445 817 1488 eo
838 1424 944 1488 minus
966 1423 1088 1506 dubito,
1112 1446 1174 1508 quo
1197 1426 1326 1508 certius,
1349 1425 1413 1491 nisi

272 1540 487 1602 contestatum
508 1536 698 1600 haberemus
726 1535 937 1618 contrarium,
966 1534 1055 1618 prius
1081 1533 1161 1598 illud
1189 1535 1228 1599 de
1250 1536 1413 1616 Ταίναρον

269 1648 489 1732 fragmentum
517 1645 654 1710 ethnicis
682 1665 906 1728 accensurum,
941 1666 1007 1708 non
1036 1644 1287 1730 orthographiae
1314 1667 1414 1710 uuum

270 1778 426 1842 quemque
448 1757 547 1822 fuisse
571 1755 705 1821 confido.
750 1756 887 1820 Accedit
908 1755 994 1818 aliud
1015 1754 1183 1839 quiddam,
1211 1776 1311 1840 grave
1333 1778 1413 1841 pon-

270 1867 329 1931 dus
350 1868 386 1931 in
408 1866 553 1951 proxima
581 1866 776 1930 habiturum.
821 1865 952 1930 Etenim
980 1865 1061 1949 quod
1090 1865 1254 1930 Eudaemo
1281 1865 1414 1930 ortho-

271 1976 446 2060 graphus
470 1998 542 2040 cum
564 1976 629 2041 Oro
651 1976 807 2060 iungitur,
835 1975 870 2040 id
891 1975 997 2058 ipsum
1018 1974 1105 2040 haud
1127 1975 1190 2039 levi
1211 1975 1331 2040 indicio
1353 1979 1413 2059 est,

272 2086 330 2151 Ori
352 2107 475 2170 qnoque
497 2084 762 2169 orthographiam
784 2086 890 2169 potius
912 2107 1009 2170 quam
1030 2086 1095 2149 alia
1109 2085 1231 2169 scripta
1253 2085 1417 2170 quaelibet

272 2196 420 2280 spectari.
464 2195 550 2260 Hinc
571 2195 673 2280 igitur
694 2196 893 2280 proficiscor,
921 2199 959 2259 ut
981 2196 1091 2260 eodem
1112 2195 1251 2260 referam
1273 2217 1354 2280 quae
1375 2196 1416 2260 de

272 2307 353 2388 μεί(
385 2304 489 2370 forma
521 2305 701 2389 produntur
733 2306 769 2370 in
796 2305 904 2390 Etym.
934 2305 978 2370 M.
1010 2305 1098 2370 oodd.
1133 2305 1270 2389 Parias,
1307 2305 1414 2370 Harn.

272 2439 304 2501 p.
329 2415 392 2482 965
413 2437 473 2500 sq,
496 2415 590 2480 Ketis.
615 2439 646 2500 p.
673 2416 744 2498 192,
767 2415 826 2499 30,
850 2415 933 2480 Gud.
949 2438 981 2499 p.
998 2415 1071 2500 385,
1087 2415 1119 2499 2,
1136 2415 1275 2482 Bekkeri
1290 2416 1414 2480 Anced.

271 2548 304 2610 p.
324 2527 403 2592 1397
428 2529 459 2611 (e
476 2525 694 2592 Ohoerobcsco
720 2523 762 2614 [p.
779 2525 852 2609 200,
876 2525 897 2591 5
920 2524 1069 2614 Gaisf.]),
1093 2525 1161 2609 Ori,
1185 2525 1329 2610 Arcadii,
1352 2525 1416 2591 Eu-

273 2636 499 2720 daemonisque
520 2635 597 2700 fide:
625 2657 703 2699 nam
729 2635 827 2699 etiam
849 2635 981 2700 Arcadii
1003 2635 1267 2720 orthographiam
1288 2639 1418 2719 praeter

273 2744 404 2811 Suidam
426 2745 572 2810 novimus
595 2767 612 2809 e
635 2743 799 2830 Stephano
821 2768 852 2828 p.
874 2746 926 2829 41,
950 2745 1002 2810 35.
1036 2745 1149 2830 Itaque
1171 2745 1313 2810 indidem
1335 2745 1416 2810 deri-

274 2877 348 2919 vare
378 2854 478 2918 audeo
508 2854 547 2918 de
579 2875 641 2920 roc
674 2859 707 2919 et
738 2861 824 2921 ιδοε
856 2855 1014 2940 genetiuis
1050 2856 1091 2918 ab
1118 2855 1184 2920 Oro
1217 2859 1250 2920 et
1276 2855 1417 2921 mcadio

273 2968 446 3050 praecepta
472 2965 508 3028 in
529 2962 667 3028 Bekkeri
690 2964 813 3029 Anecd.
837 2987 868 3048 p.
894 2965 976 3030 1193
1001 2963 1166 3052 [Choerob.
1201 2988 1232 3048 p.
1265 2965 1341 3049 188,
1374 2965 1416 3032 28

274 3073 402 3163 Gaisf.].
446 3074 515 3138 Nec
537 3075 662 3139 diversa
683 3075 766 3139 ratio
789 3077 853 3158 est,
885 3097 940 3139 cur
969 3076 1182 3157 dpsspdcroc
1209 3077 1296 3142 vocis
1318 3076 1417 3160 expli-

274 3184 448 3268 cationem,
474 3184 538 3250 Oro
560 3183 755 3268 adscriptam
776 3185 812 3248 in
834 3184 942 3269 Etym.
966 3185 1010 3249 M.
1035 3207 1066 3268 p.
1090 3186 1148 3269 80,
1172 3185 1230 3269 35,
1254 3189 1418 3270 sumptam

223 3305 256 3354 45
275 3317 313 3360 ex
335 3296 402 3360 eius
425 3293 656 3380 orthographia
684 3295 833 3380 colligam
860 3317 878 3358 e
899 3295 1052 3379 proximis
1074 3295 1194 3360 verbis:
1222 3297 1272 3361 καὶ
1299 3295 1418 3376 ἀμβρό-

275 3426 340 3472 troc
373 3405 433 3473 οὐν
465 3407 517 3471 διὰ
551 3409 648 3471 τοῦτο
683 3407 808 3481 λέγεται
841 3405 990 3486 ὁὺγρόε.
1042 3405 1149 3471 οὕτω(
1179 3405 1288 3486 Ὦρος.
1332 3405 1351 3470 ὁ
1378 3408 1416 3471 δὲ

275 3517 410 3592 Θέογνι(
431 3517 549 3598 γράφει
570 3517 608 3579 τὸ
630 3536 672 3593 cr,
700 3515 895 3597 δίφθογγον·
923 3516 1063 3596 εημαίνει
1091 3519 1126 3583 δὲ
1148 3517 1206 3582 τὸν
1228 3515 1414 3595 εὐδαίμονα.

274 3625 314 3691 In
336 3626 450 3710 quibus
473 3628 506 3688 et
526 3623 620 3689 nihili
642 3628 692 3689 est
712 3624 875 3710 Theognis
903 3646 1019 3689 nomen
1047 3629 1080 3689 et
1106 3626 1224 3690 falsum
1246 3626 1416 3708 ἀμβρόειοε

274 3735 466 3800 tantundem
488 3735 671 3819 significare
693 3739 789 3820 atque
811 3736 979 3815 εὐδαίμων.
1020 3735 1130 3801 Scribe
1152 3736 1254 3821 igitur
1275 3756 1416 3800 mecum:

276 3844 295 3910 ὁ
318 3848 353 3911 δὲ
376 3845 585 3921 Θεόγνωετοα
606 3848 724 3926 γράφει
744 3847 783 3911 τὸ
805 3867 832 3912 cr
854 3848 906 3912 διὰ
928 3837 1123 3927 διφθόγγοα,
1152 3850 1329 3926 εημειούται
1352 3845 1418 3929 (rel

276 3958 409 4038 εημειοῖ)
437 3957 473 4020 δὲ
501 3956 580 4020 κατὰ
607 3957 665 4021 τὸν
693 3956 886 4036 Εὐδαίμονα·
919 3958 958 4021 τὰ
985 3957 1047 4036 γὰρ
1075 3957 1127 4022 διὰ
1152 3961 1212 4021 τοῦ
1243 3975 1309 4021 croc
1329 3956 1418 4033 γινό-

275 4085 355 4144 μενα
377 4086 404 4128 ο.
420 4087 451 4148 q.
468 4087 493 4128 s.
536 4065 585 4128 De
607 4065 804 4150 Theognosti
827 4065 1058 4151 orthographia
1083 4087 1155 4130 cum
1177 4087 1274 4150 supra
1295 4064 1419 4129 dichrm

277 4179 345 4238 tum
367 4197 387 4238 a
409 4173 556 4239 Bentleio
579 4174 682 4258 Epist.
707 4176 747 4238 ad
767 4176 905 4240 Millium
926 4199 957 4259 p.
974 4177 1047 4242 517.
1087 4173 1283 4240 Adiciendus
1305 4175 1419 4260 Orige-

276 4305 349 4367 nes,
379 4285 468 4349 cuius
495 4285 573 4349 item
600 4287 726 4368 oportet
746 4286 782 4349 in
803 4285 1052 4371 orthographioo
1080 4307 1198 4371 genere
1226 4307 1324 4370 opera
1348 4305 1420 4350 ver-

277 4395 348 4460 sata
371 4395 428 4482 sit,
459 4416 497 4458 ex
520 4393 627 4482 Etym.
657 4395 748 4462 Koes.
771 4417 802 4484 p.
829 4397 904 4482 191,
928 4397 985 4463 23:
1013 4398 1098 4478 λέγει
1124 4399 1160 4465 δὲ
1182 4397 1201 4464 ὁ
1224 4396 1338 4476 Ὠροε,
1368 4395 1419 4462 ὅτι
