3270 5094
663 356 785 407 oanrru
807 357 969 408 coccum.
1324 340 1388 407 403

248 531 316 574 osse
344 509 502 592 dicamus,
537 502 620 594 quod
648 513 730 594 γήρᾳ
762 512 922 591 εημαίνων
955 511 1009 574 ille
1043 533 1114 576 cum
1143 511 1287 596 Reisigio
1320 515 1388 574 tum

248 619 435 684 Hermanno
461 624 530 683 tum
559 621 673 684 ceteris
701 623 737 683 ut
764 620 890 684 videtur
922 621 1068 685 omnibus
1103 625 1152 685 est
1184 628 1299 686 ‘senex
1331 623 1387 684 im·

248 729 417 812 perator’?
450 728 567 794 Verum
589 730 643 794 vix
665 729 846 793 dubitamus
868 729 946 814 quin
967 751 1091 814 gnavus
1114 752 1131 794 e
1153 730 1247 794 sociis
1269 730 1387 794 nostris

247 837 437 902 academicis
465 839 651 906 adulescens
680 839 795 903 viderit
816 838 968 903 Alfredus
990 838 1164 904 Schoenius
1187 839 1386 923 Dresdensis,

246 949 383 1031 temperi
405 948 459 1012 ille
481 947 646 1013 Homerici
667 971 776 1013 versus
791 948 982 1012 ‚recordatus
1004 948 1042 1012 Π.
1066 948 1161 1014 XVII
1168 998 1177 1032 ,
1211 951 1270 1014 197
1293 951 1388 1029 πατρὶ

247 1059 333 1142 φίλῳ
356 1059 490 1138 ἔπορον,
514 1059 533 1124 ὁ
555 1061 589 1124 δ’
612 1059 675 1139 ἄρα
697 1061 723 1143 ᾧ
747 1061 834 1124 παιδὶ
856 1058 994 1126 ὄπαεεεν
1016 1060 1151 1140 rupte:
1177 1059 1227 1124 cui
1242 1060 1387 1143 exemplo

246 1167 383 1230 finitima
406 1166 665 1252 Etymologicum
687 1189 841 1252 magnum
863 1190 895 1251 p.
918 1168 991 1252 230,
1015 1169 1057 1234 50
1078 1167 1183 1232 iunxit
1204 1171 1387 1249 γηράντεαι

245 1281 369 1342 coaeter
394 1275 527 1341 Hesiodi
556 1278 616 1361 Op.
648 1277 725 1359 188,
758 1277 894 1342 aliorum
926 1280 1034 1342 autem
1064 1281 1102 1342 ut
1127 1277 1224 1342 facile
1253 1282 1388 1362 apparet

245 1389 412 1468 poetarum
432 1389 601 1467 γηράντων
624 1387 753 1467 ἀνδρῶν
777 1389 809 1450 et
830 1388 990 1466 γηράντοε
1011 1391 1111 1467 τιμᾶν.
1156 1387 1388 1470 Disceptarunt

246 1517 317 1559 eam
337 1496 475 1560 formam
495 1496 681 1560 Dindorfius
703 1495 737 1558 in
760 1493 916 1579 Stephani
938 1496 1101 1560 Thesauro
1122 1497 1156 1560 Π
1184 1519 1216 1580 p.
1241 1496 1303 1560 609
1325 1517 1385 1580 sq,

245 1604 423 1670 Lobeckius
451 1605 489 1669 ad
514 1605 705 1669 Buttmanni
732 1626 868 1689 gramm.
891 1604 924 1668 ΙΙ
952 1628 983 1688 p.
1010 1605 1059 1670 13.
1091 1606 1151 1670 138
1178 1609 1212 1669 et
1237 1605 1387 1670 Patholo

246 1715 318 1798 giae
334 1715 425 1779 elem.
444 1715 471 1797 I,
488 1737 519 1799 p.
536 1716 599 1780 383
614 1737 673 1798 sq,
698 1714 893 1798 eandemque
909 1713 1052 1777 Alexidis
1068 1714 1173 1778 versui
1187 1714 1387 1779 restituendo
1410 1793 1415 1827 Ι

245 1827 269 1886 t.
285 1823 335 1887 ΠΙ
356 1846 387 1907 p.
404 1824 467 1891 512
489 1823 588 1888 Mein.
611 1823 820 1907 probabiliter
842 1822 1013 1887 Elmsleius
1036 1823 1182 1892 adhibuit
1204 1824 1223 1888 ὁ
1245 1826 1302 1904 μὲν
1324 1825 1386 1904 γὰρ
1410 1886 1418 1927 Ι

246 1933 412 2013 ἀπογηρὰς
440 1935 539 2014 ἀηδὴς
565 1934 723 2012 γίγνεται,
755 1933 810 1998 ubi
844 1933 1078 2013 ἀπογηράεκων
1111 1933 1185 1998 libri
1212 1924 1419 1998 Athanasii

246 2041 308 2107 Sed
337 2041 487 2126 Sophocli
513 2047 623 2107 tamen
651 2043 713 2108 hac
741 2042 806 2106 leni
834 2063 912 2106 sane
937 2043 1115 2107 mutatione
1144 2043 1286 2108 nondum
1309 2045 1386 2107 satis

245 2151 367 2216 factum
389 2174 457 2216 esse
478 2153 710 2238 intellegimus:
739 2154 839 2233 rupte
866 2153 968 2236 enim,
1001 2153 1152 2237 quoniam
1173 2175 1239 2217 non
1262 2157 1311 2218 est
1333 2154 1386 2216 ad-

244 2262 394 2326 iectivum
416 2262 472 2327 sed
494 2263 698 2347 participium
721 2261 903 2345 praeteriti,
932 2283 999 2326 non
1021 2265 1127 2346 potest
1156 2271 1288 2327 ‘senex'
1318 2284 1386 2326 esse

245 2372 442 2455 simpliciter,
466 2372 522 2436 scd
544 2382 658 2436 ‘senex
680 2372 803 2436 factus'
826 2371 948 2454 potiuS,
977 2392 1039 2454 quo
1061 2372 1099 2434 fit
1119 2375 1156 2434 ut
1178 2375 1211 2434 et
1231 2372 1386 2436 molestis·

245 2481 325 2544 sima
358 2481 492 2565 prodeat
525 2485 558 2545 et
584 2481 804 2546 inficetissima
830 2482 930 2561 γηρὰε
957 2481 1117 2560 (ημαίνων
1144 2480 1386 2564 participiorum

245 2591 448 2654 consociatio.
489 2590 609 2654 Verum
631 2592 813 2655 enimvero
834 2611 876 2654 ne
898 2590 968 2654 sine
989 2591 1088 2670 γηράς
1111 2589 1238 2673 quidem
1259 2589 1386 2674 placere

244 2699 305 2764 hoc
332 2700 437 2784 ipsum
464 2700 625 2779 (ημαίνων
654 2701 860 2783 participium
887 2703 1003 2784 potest.
1048 2700 1112 2764 Fac
1140 2699 1226 2763 enim
1254 2702 1386 2780 γηραιός

244 2809 398 2893 scriptum
421 2831 488 2874 esse
509 2810 561 2874 rel
584 2809 681 2873 etiam
702 2811 822 2890 γέρων,
852 2811 939 2874 itane
967 2810 1100 2874 offensio
1122 2809 1269 2874 tollitur?
1311 2809 1386 2874 Non
1493 2855 1495 2858 -

244 2918 350 2983 hercle
371 2920 437 2984 ullo
458 2920 568 2984 modo:
596 2918 679 3004 quod
702 2920 788 2984 enirn
810 2919 981 3003 requiritur
1003 2919 1064 2984 hoc
1086 2923 1150 3002 est,
1173 2941 1240 2984 non
1261 2923 1297 2983 ut
1319 2919 1386 2982 sire

244 3029 367 3092 iuvenis
382 3028 448 3092 sive
463 3049 560 3093 senex
582 3028 708 3094 dicatur
729 3029 783 3112 qui
805 3029 951 3112 imperet,
976 3029 1030 3092 sed
1052 3032 1089 3092 ut
1110 3029 1295 3113 imperator,
1319 3029 1385 3093 sive

243 3137 270 3200 is
304 3137 427 3202 iuvenis
459 3141 507 3202 est
538 3142 575 3202 ut
607 3138 670 3202 fuit
702 3138 840 3220 Xerxes,
874 3138 940 3202 sive
974 3159 1071 3201 sonex
1098 3141 1135 3200 ut
1161 3137 1383 3202 Archidamus

243 3246 328 3310 Nam
350 3251 383 3311 et
404 3267 532 3312 sensum
559 3251 673 3332 poetae
702 3252 734 3312 et
762 3248 828 3311 vim
849 3248 948 3326 γηράς
970 3247 1135 3330 participii
1156 3247 1267 3312 licebit
1289 3248 1385 3311 etiam

243 3357 432 3439 explicatius
454 3356 500 3421 sic
522 3357 744 3441 interpretari:
774 3355 875 3440 ‘quod
897 3355 960 3420 dux
982 3377 1077 3422 nemo
1098 3355 1239 3438 hostilis,
1269 3357 1385 3420 sireis

243 3470 279 3530 ut
304 3465 426 3530 Xerxes
453 3463 628 3531 iuventutis
655 3468 769 3531 robore
797 3466 1000 3550 superbiens,
1032 3467 1099 3530 sive
1130 3469 1225 3529 exuta
1253 3465 1385 3529 iuvenili

243 3575 363 3640 ferocia
391 3575 554 3660 propriam
583 3577 757 3640 senectutis
785 3576 979 3660 gravitatem
1002 3575 1288 3657 auctoritatemque
1311 3596 1385 3638 cou-

243 3689 368 3750 seeutus
390 3689 426 3749 ut
447 3685 676 3768 Archidamus,
706 3706 856 3769 umquam
879 3685 1086 3768 exstinguet?
1136 3683 1174 3747 Id
1203 3683 1303 3767 igitur
1330 3705 1384 3766 ap·

242 3799 348 3878 paret,
381 3794 409 3858 si
442 3797 543 3859 semet
576 3795 676 3880 digna
707 3795 852 3859 oratione
885 3795 933 3857 uti
959 3798 1054 3877 poeta
1081 3793 1193 3876 vellet,
1227 3813 1293 3856 non
1321 3792 1384 3856 dici

242 3905 320 3968 satis
341 3903 496 3989 languido
525 3905 685 3984 (ημοίνων
714 3904 901 3988 participio,
933 3903 988 3968 sed
1015 3923 1150 3968 nervoso
1178 3902 1384 3981 (ημάντωρ

241 4014 443 4078 substantivo
476 4013 670 4098 oportuisse,
710 4014 797 4078 cuius
834 4013 912 4077 illud
945 4034 1031 4077 nunc
1063 4012 1384 4094 interpretamentum

241 4122 387 4206 habetur,
410 4128 600 4208 praestoque
621 4123 719 4187 fuisse
742 4127 855 4207 poetae
878 4123 1046 4208 φιλομήρῳ
1069 4143 1178 4186 versus
1200 4119 1383 4185 notissimos

241 4231 350 4297 Iliadis
371 4232 430 4316 IV,
453 4233 516 4298 429
538 4235 648 4299 κέλευε
670 4235 706 4298 δὲ
729 4234 809 4298 οῑειν
832 4233 961 4297 ἕκαςτοε
981 4232 1161 4310 ἡγεμόνων,
1184 4231 1215 4296 οἱ
1236 4233 1270 4295 δ’
1291 4230 1384 4294 ἄλλοι

240 4341 320 4422 ἀκὴν
342 4341 412 4408 leur
435 4393 442 4407 .
465 4394 471 4406 .
495 4393 502 4407 .
525 4349 592 4428 ειγῇ
615 4344 767 4408 δειδιότες
789 4343 992 4421 (ημάντοροε
1014 4340 1064 4404 vel
1094 4341 1121 4403 si
1143 4361 1224 4424 quae
1247 4343 1322 4403 sunt
1344 4340 1383 4402 si·

905 4442 911 4454 '
1115 4443 1180 4505 26*
