3254 5092
264 401 325 466 150
564 415 816 463 oosoaaaarvu
838 414 1106 464 msevrarroms

262 569 372 650 theca,
396 590 476 652 quae
498 568 561 631 fnit
582 567 616 632 in
640 567 794 651 Serapeo,
818 567 1048 651 disputavimus
1070 567 1109 630 de
1132 567 1209 631 bibl.
1233 567 1285 629 Al.
1309 589 1339 648 p.
1365 567 1402 630 17
1469 627 1471 632 .

265 677 329 765 [16]
353 701 400 762 sq.
422 678 464 742 29
488 676 541 764 [25
562 677 634 765 aql.
672 677 820 742 Ceterum
842 698 882 742 ne
905 678 975 760 quis
997 699 1036 741 ex
1057 699 1109 759 eo,
1134 677 1215 761 quod
1238 679 1403 756 ἡλικιωτὴ(

265 789 464 868 Καλλιμάχου
491 769 723 851 Eratosthenes
751 787 882 868 dicitur,
917 787 1050 851 nimium
1078 787 1226 871 colligat,
1258 785 1404 850 consulat

266 897 400 981 quaeda
422 897 578 961 similibus
600 896 812 960 locutionibus
835 897 1054 980 praecepimus
1077 895 1195 960 ibidem
1218 918 1248 978 p.
1266 895 1307 960 86
1325 893 1401 982 [70].

347 1006 415 1082 Quo
447 1006 576 1090 longius
609 1007 769 1090 progressi
802 1028 925 1089 sumus,
959 1028 996 1070 eo
1029 1007 1144 1070 clarius
1177 1005 1255 1070 fides
1288 1005 1404 1068 enituit
1430 1046 1440 1088 '.

213 1131 245 1179 32
264 1117 356 1181 latini
384 1116 596 1202 grammatici.
642 1121 695 1178 An
723 1137 798 1180 casu
824 1117 946 1180 factum
974 1117 1171 1199 putabimus,
1206 1114 1288 1198 quod
1316 1114 1402 1178 iden·

262 1227 360 1290 tidem
386 1225 600 1290 intelleximus
628 1247 647 1288 a
675 1225 901 1308 probabilitate
929 1226 978 1290 vel
1007 1225 1086 1289 adeo
1114 1225 1248 1289 veritate
1275 1224 1402 1290 alienis·

263 1336 359 1419 sima,
394 1357 474 1419 quae
510 1356 644 1419 graecus
677 1339 804 1416 narrat,
838 1333 1000 1399 simillima
1033 1339 1139 1400 autem
1171 1335 1237 1398 veri
1271 1356 1338 1398 esse
1371 1339 1403 1397 et
1522 1417 1526 1422 Ι

219 1513 232 1538 ,
262 1445 379 1509 rationi
407 1466 535 1528 prorsus
564 1447 795 1528 consentanea,
830 1467 910 1528 quae
938 1445 977 1508 de
1000 1445 1117 1508 eisdem
1144 1445 1238 1508 rebus
1267 1446 1402 1508 testatur

262 1555 381 1619 latinus
409 1554 543 1618 auctor?
586 1553 631 1618 Vt
659 1553 742 1618 haud
775 1555 882 1638 paullo
917 1554 1126 1619 confidentius
1159 1555 1199 1617 ad
1232 1553 1402 1618 iudicanda

262 1665 450 1730 Callimachi
487 1667 519 1728 et
551 1664 774 1728 Eratosthenis
810 1664 1044 1728 testimonia
1081 1686 1167 1728 nuno
1203 1663 1400 1746 accedamus,
1477 1709 1482 1719 .

262 1797 394 1860 quorum
421 1773 543 1838 nullum
570 1775 604 1838 in
631 1773 756 1858 graecis
779 1774 959 1858 vestigium.
1004 1773 1048 1837 Et
1076 1774 1116 1837 ab
1143 1773 1235 1837 initio
1263 1773 1400 1857 quidem,

262 1885 451 1967 simulatque
474 1883 715 1948 Cramerianmn
743 1883 962 1968 fragmentum
985 1883 1100 1947 cursim
1129 1883 1400 1966 perlustravimus,

262 2015 299 2059 eo
327 2015 451 2057 eramus
480 1993 602 2074 animo,
633 1995 668 2055 ut
689 1996 799 2075 erepta
821 1993 913 2058 nobis
940 1992 1067 2056 illorum
1094 1993 1277 2057 testimonia
1305 1993 1401 2056 ferre-

262 2125 332 2167 mus
365 2101 613 2186 patientissime:
645 2122 705 2165 nec
737 2102 823 2166 enirn
854 2103 983 2187 gravius
1016 2101 1143 2185 aliquod
1176 2102 1402 2166 detrimeutrun

263 2233 376 2297 capere
399 2212 490 2276 nobis
513 2211 712 2292 videbamur,
738 2230 798 2272 neo
819 2210 997 2275 tenaciores
1020 2233 1088 2275 esse
1103 2214 1283 2276 nostrorum
1305 2212 1401 2295 potis-

262 2322 376 2386 simum
404 2321 606 2386 inventorum
633 2320 778 2384 solemus
823 2319 918 2384 Nunc
946 2326 1053 2385 autam
1082 2344 1152 2386 eum
1179 2323 1320 2385 rationes
1343 2321 1401 2386 cir-

263 2433 485 2516 cumspicimus
508 2432 599 2496 istius
621 2430 813 2514 patientiae,
838 2430 956 2494 accidit
977 2435 1105 2514 praeter
1120 2431 1400 2516 exspectationem,

261 2548 419 2606 utrarum
434 2541 532 2622 nihil,
557 2563 618 2624 quo
640 2540 733 2604 nobis
756 2540 816 2623 ipsi
839 2539 918 2604 satis
933 2540 1103 2623 faciamus,
1128 2541 1161 2604 in
1184 2544 1334 2624 promptu
1348 2541 1400 2606 sit.

205 2691 209 2696 -
261 2651 346 2716 Nam
368 2651 504 2736 primum
526 2651 559 2714 in
583 2650 628 2714 eis
644 2653 729 2714 certe
745 2649 849 2713 verbis
871 2650 1011 2733 graecis,
1036 2671 1116 2734 quae
1139 2649 1300 2714 breviator
1314 2650 1401 2714 Pari-

261 2761 349 2825 sinus
372 2759 526 2841 servavit,
550 2759 629 2822 nihil
652 2757 857 2840 offendimus,
886 2759 968 2842 quod
991 2759 1167 2844 quomodo
1190 2761 1239 2824 vel
1262 2760 1403 2844 potuerit

261 2871 296 2934 in
327 2869 412 2933 tanti
440 2889 551 2932 caussa
578 2867 693 2932 erroris
721 2889 803 2950 esse,
833 2868 897 2931 ullo
925 2873 1019 2951 pacto
1048 2870 1232 2953 perspicias.
1278 2869 1401 2934 Deinde

261 2979 300 3042 de
328 2977 516 3044 Callimachi
545 2977 672 3060 quidem
699 2973 899 3060 testimonio,
933 2978 1015 3061 qnod
1050 2979 1209 3062 proditum
1242 2979 1339 3044 fnisse
1367 2979 1402 3042 in

261 3088 338 3172 ipsis
359 3087 471 3154 Πίναξι
499 3086 678 3150 dixeramus
701 3109 732 3170 p.
760 3087 814 3169 13,
843 3109 884 3175 ne
906 3085 1133 3172 Bernhardyus
1161 3089 1287 3174 quidem
1316 3089 1401 3173 quie·

262 3219 357 3282 quam
378 3196 588 3261 dubitationis
610 3195 719 3259 movit.
758 3195 819 3260 Sed
842 3195 1002 3260 dubitavit
1023 3197 1106 3262 idem
1130 3221 1161 3282 p.
1178 3199 1241 3262 829
1263 3198 1301 3262 de
1324 3197 1402 3262 Era·

261 3305 424 3388 tosthene,
449 3327 541 3390 quem
564 3306 799 3370 conieceramus
822 3307 857 3370 in
879 3307 1137 3388 Χρονογραφιῶν
1166 3307 1401 3372 commentariis

262 3416 456 3482 voluminruu
479 3437 625 3478 numeros
648 3418 800 3478 testatrun
823 3437 900 3479 esse.
946 3414 1015 3480 Nec
1037 3417 1122 3481 enim
1145 3417 1179 3481 in
1206 3417 1270 3481 illis
1297 3419 1402 3481 locum

262 3525 378 3590 talibus
401 3525 450 3608 (at
472 3524 617 3608 qualibus
626 3525 656 3610 2)
679 3525 777 3588 scrisse
799 3525 914 3608 videri,
944 3547 982 3590 ac
1008 3525 1122 3590 mirum
1145 3549 1213 3591 esso
1235 3527 1400 3611 siruplicis-

261 3637 360 3700 simae
382 3633 551 3698 memoriae
574 3634 653 3698 satis
675 3633 896 3698 testificandae
919 3657 1031 3700 caussa
1059 3639 1189 3721 gemina
1211 3637 1401 3702 auctoritate

261 3767 340 3830 opus
363 3765 440 3808 esse.
484 3745 683 3827 Quapropter
706 3747 888 3827 corruptum
910 3745 1010 3810 videri
1032 3757 1180 3812 asseveret
1202 3748 1399 3828 vocabulum,

262 3853 578 3938 substituendumqne
594 3855 661 3918 eius
677 3853 761 3918 modi
777 3853 937 3937 quiddam,
955 3877 1017 3938 quo
1032 3855 1263 3920 Eratosthenes
1276 3857 1401 3921 dicatur

262 3965 424 4048 inceptam
440 3987 459 4027 a
473 3963 669 4029 Callimacho
691 3963 801 4028 titulos
817 3964 1011 4029 inscribendi
1034 3987 1163 4049 operam
1185 3967 1398 4032 continuasse.

262 4073 325 4138 Hic
347 4078 453 4138 auteur
475 4073 689 4157 quaerendum
712 4077 839 4157 praetet
854 4077 976 4156 cetera,
1003 4096 1064 4158 quo
1079 4075 1172 4140 modo
1189 4075 1401 4140 construenda

212 4198 244 4245 ³3
263 4184 342 4266 sint,
366 4207 446 4268 quae
469 4187 641 4246 narrantur
663 4183 701 4246 dc
725 4183 948 4248 Eratosthene.
994 4183 1111 4259 Quodsi
1138 4186 1347 4268 appositionis
1369 4185 1401 4248 vi

264 4291 371 4356 addita
394 4293 460 4357 sint
482 4297 638 4358 extrema:
667 4315 727 4358 uon
749 4301 792 4360 ilc
815 4299 906 4360 multo
929 4301 1150 4373 posterorum
1172 4305 1271 4360 custos
1297 4301 1400 4360 biblio-

263 4407 381 4478 caecae,
416 4403 594 4486 exspectari
621 4425 698 4468 sane
726 4405 760 4469 in
788 4401 945 4487 prioribus
974 4403 1194 4469 coniunctivae
1222 4405 1401 4488 imperfecti
