3218 5094
286 325 349 388 628
669 342 716 386 na
740 341 809 388 ouo
833 341 877 386 aa
900 341 1042 387 οιιιοιιιι.

286 493 457 556 Eustathio
485 492 645 575 proditam
674 493 708 555 in
735 492 893 556 Iliadisll
922 493 985 557 514
1014 515 1044 575 p.
1070 493 1148 576 859,
1179 491 1238 556 53:
1275 493 1363 573 παρὰ
1391 496 1426 557 δὲ

286 605 355 667 τοῖς
377 605 531 682 τεχνικοίς
554 606 651 676 κεῖται
673 603 722 668 καί
745 602 795 666 ὅτι
816 603 835 666 ὁ
858 605 914 680 μὲν
932 603 1030 681 Ὦρος
1052 603 1112 683 οὐχ
1136 603 1317 680 Ἑλληνικὴν
1341 603 1425 668 λέξιν

286 715 344 791 τὴν
368 712 545 791 ἰατρίνην
569 711 651 779 είναί
674 733 785 794 φηςιν,
816 713 1024 793 Ἀλέξανδρος
1046 714 1082 776 δὲ
1105 712 1124 775 ὁ
1149 713 1326 776 Κοττυαεὺς
1349 711 1424 794 (scr.

289 822 451 907 Κοτιαεὺς)
474 824 556 903 πρὸς
579 822 738 902 ἀκρίβειαν
761 825 871 887 λαλῶν
894 824 934 901 μὴ
951 824 1089 901 Ἀττικὴν
1106 820 1188 887 είναι
1211 821 1310 900 αὐτὴν
1332 822 1425 897 λέγει.

235 944 267 992 43
286 929 484 1016 Quamquam
506 932 545 996 de
567 933 687 1012 ίατρίνη
709 931 813 996 forma
836 931 891 1014 (cf.
909 931 1060 996 Lobeckii
1082 930 1225 1016 Parerga
1246 932 1280 994 in
1303 929 1423 1014 Pmyn.

284 1064 315 1125 p.
333 1042 410 1126 651)
433 1043 468 1106 in
485 1041 696 1126 Phrynicheis
718 1041 812 1105 hodie
834 1041 968 1105 servatis
991 1040 1070 1104 nihil
1095 1044 1209 1105 exstat.
1241 1040 1422 1122 Praeterea,

284 1151 367 1234 quod
391 1151 431 1215 ad
454 1152 642 1216 Atticistam
663 1151 776 1215 referri
798 1154 916 1234 posset,
940 1151 1022 1214 nihil
1044 1151 1171 1232 inveni,
1195 1151 1258 1215 nisi
1280 1151 1363 1215 forte
1385 1149 1424 1214 de

284 1262 387 1327 αἰετός
409 1265 616 1345 praeceptum
637 1262 673 1324 in
695 1261 803 1344 Etym.
827 1260 871 1324 M.
896 1282 927 1343 p.
951 1261 1004 1343 31,
1027 1261 1084 1325 49:
1122 1261 1371 1340 άναλογιίιτερον
1395 1260 1425 1325 οἱ

284 1373 415 1436 Ἀττικοὶ
437 1372 551 1436 ἀετός
579 1372 705 1447 λέγουςι
727 1372 824 1450 χωρὶς
846 1375 905 1436 τοῦ
929 1393 954 1448 ι,
983 1371 1028 1435 ιίις
1050 1371 1149 1434 κλαίω
1173 1347 1284 1435 κλάω.
1318 1370 1423 1434 οὕτως

283 1481 384 1560 Ὦρος
407 1481 518 1566 (vulgo
536 1481 679 1566 Ὠρίων);
704 1481 742 1544 de
765 1503 826 1564 quo
849 1481 927 1544 item
949 1483 1061 1542 tacent
1082 1483 1193 1543 nostra
1208 1478 1422 1562 Phiynichea.

284 1589 516 1655 Contendenda
540 1613 611 1655 cum
634 1591 715 1673 illis,
745 1613 825 1674 quae
848 1589 887 1654 de
910 1591 1063 1654 παλαίω
1086 1591 1210 1654 πταίω
1233 1589 1337 1654 παίω
1358 1589 1423 1652 for-

283 1701 343 1763 mis
366 1722 383 1764 e
405 1700 583 1784 Philopono
606 1704 639 1765 et
653 1701 718 1766 Oro
738 1701 872 1764 tradunt
887 1699 1015 1764 Scholia
1036 1699 1072 1762 in
1092 1698 1260 1762 Theodosii
1277 1699 1423 1764 Uonones

282 1833 314 1892 p.
340 1809 545 1875 128813ekk.
591 1810 698 1874 Minus
729 1811 825 1874 etiam
848 1809 948 1873 audeo
971 1808 1015 1872 eis
1038 1809 1101 1891 uti,
1133 1830 1213 1892 quae
1237 1807 1293 1872 Ori
1317 1811 1422 1872 aucto-

282 1919 378 1982 ritate
401 1919 440 1982 de
463 1921 618 1986 ἀνθέων
642 1923 674 1983 et
696 1921 837 2006 ἀνθῶν,
849 1919 959 1982 formis
985 1922 1218 2002 praeceperunt
1241 1917 1423 1982 Gudianum

282 2051 314 2111 p.
338 2028 412 2112 364,
436 2027 488 2110 27,
512 2028 651 2112 Regium
673 2027 780 2092 Kossii
802 2051 834 2112 p.
860 2029 931 2111 191,
956 2029 1006 2110 19,
1030 2015 1171 2092 Zonaras
1193 2049 1225 2111 p.
1251 2025 1342 2092 1295.
1372 2027 1423 2092 De

283 2137 397 2220 quibus
420 2159 612 2222 quamquam
627 2138 845 2221 Phrynichum
860 2159 983 2222 quoquc
999 2137 1228 2202 commonuisse
1250 2137 1422 2221 probabili·

282 2250 332 2311 ter
356 2247 527 2312 coniecisse
543 2247 651 2311 videor
666 2246 794 2332 Proleg.
807 2247 842 2312 iu
858 2247 1012 2311 Thomam
1028 2247 1071 2310 M.
1088 2271 1120 2331 p.
1137 2245 1299 2329 LXXVII,
1312 2252 1423 2312 tamen

282 2379 348 2420 non
371 2358 521 2422 dissentit
539 2357 633 2441 OruS,
657 2357 712 2422 sed
735 2358 905 2422 consentit.
937 2356 1111 2432 Quominus
1134 2360 1241 2420 antem
1263 2357 1298 2420 in
1319 2359 1421 2438 Ἡρω-

282 2469 393 2533 διανός
407 2489 525 2532 nomen
542 2471 709 2532 convertas
724 2468 825 2548 Ὦρος
841 2467 1043 2550 scripturam,
1067 2465 1272 2530 Herodianus
1295 2471 1421 2531 secutus

282 2576 367 2660 apud
395 2577 584 2642 Piersonum
610 2577 645 2641 in
667 2577 766 2641 Moer.
791 2600 822 2661 p.
846 2577 925 2658 456,
949 2575 1093 2640 Zonaras
1122 2576 1256 2659 impedit
1278 2577 1377 2657 Ὧρος
1402 2579 1421 2642 ὁ

282 2688 443 2767 Μιλήςιος.
487 2688 557 2751 Nec
578 2687 714 2770 denique
735 2686 839 2771 magis
861 2686 923 2750 huc
946 2686 1178 2750 accommodari
1200 2708 1271 2750 mea
1293 2691 1421 2750 senten-

273 2785 328 2859 tia
350 2799 488 2880 queunt,
518 2797 689 2880 inquibus
712 2818 790 2861 sane
812 2795 996 2860 Atticorum
1027 2796 1148 2860 mentio
1169 2797 1222 2881 fit,
1252 2799 1420 2875 ςητάνειοι,

281 2908 453 2987 ςινάμωροι
481 2907 594 2991 (vulgo
621 2907 815 2990 ςινὰμοροι),
849 2908 974 2988 φάρυγξ
1003 2927 1096 2970 voces
1124 2905 1178 2970 Et.
1207 2904 1250 2970 Μ.
1284 2930 1315 2990 p.
1346 2907 1419 2988 711,

279 3015 332 3079 50.
357 3017 435 3099 713,
459 3017 510 3080 31.
534 3017 615 3098 788,
641 3016 692 3080 32.
738 3015 902 3080 Postremo
926 3017 1071 3080 conicere
1093 3016 1185 3098 licet⁷
1213 3016 1342 3099 probari
1365 3037 1419 3080 ne·

280 3125 364 3208 quit,
399 3147 437 3188 ex
471 3126 528 3189 Ori
557 3128 669 3189 contra
691 3124 909 3208 Phrynichum
938 3125 1207 3208 disputationibus
1235 3147 1301 3190 non
1329 3125 1420 3189 nulla

279 3234 433 3299 transisse
455 3235 490 3299 in
512 3235 747 3300 Attiatticistae
769 3235 912 3298 libellum
934 3235 1115 3300 chkkero
1138 3236 1268 3300 editum.
1300 3235 1420 3300 Confer

279 3345 374 3428 §23,
398 3346 429 3410 2.
834 3409 839 3428 .

362 3457 393 3520 3.
437 3458 531 3536 Περί
559 3458 756 3537 διχρόνων
790 3455 871 3520 libro
899 3459 1010 3542 apeito
1042 3457 1227 3523 testimonio
1254 3455 1334 3521 haec
1361 3455 1418 3520 tri-
1539 3501 1548 3512 -

278 3567 433 3630 buuntur:
469 3567 623 3647 γλύφω,
652 3567 719 3633 άιτὸ
747 3571 806 3633 τοῦ
834 3570 951 3649 γλὰφω
981 3569 1063 3652 (cod.
1094 3569 1240 3654 γλυφῶ),
1268 3569 1343 3633 ὅθεν
1367 3571 1418 3648 καί

278 3678 379 3758 βραχὺ
402 3677 467 3756 ἔχει
489 3677 526 3742 τὸ
548 3699 583 3754 υ,
618 3677 662 3741 ὥς
691 3698 786 3757 φηςιν
809 3678 907 3757 Ὧρος
931 3678 1036 3764 ἐντῷ
1060 3681 1131 3759 περὶ
1153 3679 1331 3758 διχρόνων,
1364 3699 1417 3740 ex-

279 3789 389 3869 cerpta
411 3786 452 3850 ab
474 3784 590 3850 Ko'e'sio
613 3808 651 3849 ex
673 3785 727 3850 Et.
752 3786 834 3872 Reg.
858 3810 889 3870 p.
916 3788 986 3870 190,
1010 3788 1062 3851 29.
1101 3787 1152 3851 Ad
1176 3809 1308 3872 quorum
1330 3787 1417 3850 simi·

276 3895 446 3960 litudinem
472 3897 614 3980 proxime
642 3897 799 3961 accedunt
821 3919 841 3961 a
863 3897 1081 3963 Choerobosco
1110 3898 1230 3961 tradita
1257 3898 1292 3960 in
1314 3896 1416 3960 Theo-

277 4005 400 4070 dosium
415 4027 446 4090 p.
465 4005 547 4072 1185
563 4005 663 4070 Bekk.
683 4005 757 4092 [115
773 4007 906 4095 Gaisf.]:
929 4011 1079 4073 τοῦτοδὲ
1095 4007 1240 4072 καθόλου
1257 4008 1417 4073 ςυςτὲλλει

276 4118 313 4181 τὸ
337 4139 355 4180 υ
378 4118 413 4182 ἐν
435 4123 472 4201 τῇ
495 4123 604 4202 δοτικῇ
627 4123 693 4182 τῶν
716 4121 944 4197 πληθυντικῶν.
990 4120 1039 4182 καὶ
1067 4119 1153 4194 λέγει
1175 4119 1194 4182 δ
1216 4119 1418 4197 Ἡρωδιανὸς

277 4227 375 4306 χωρίς
396 4230 456 4290 τοῦ
479 4231 536 4306 μῦς
564 4227 643 4306 μυός
665 4229 762 4305 μυςί·
791 4232 888 4294 τοῦτο
916 4229 978 4308 γὰρ
1006 4229 1159 4308 φυλάττει
1187 4230 1224 4292 τὸ
1247 4251 1281 4305 υ,
1308 4229 1418 4307 φηςίν,

278 4337 485 4418 ἐκτεταμένον
514 4339 549 4402 ἐν
577 4344 614 4419 τῇ
643 4343 750 4421 δοτικῇ
779 4343 844 4402 τῶν
867 4341 1096 4417 πληθυντικῶν.
1141 4339 1355 4418 λαμβάνονται
1379 4342 1417 4408 δὲ
