3254 5086
244 363 308 426 534
619 376 667 422 ns
689 375 818 423 comcs
840 373 1016 422 vnsrurrs

246 530 295 593 ed.
308 527 413 592 Bonn.
429 547 446 592 e
460 526 614 611 Dionysio
629 526 679 590 his
694 547 774 611 quae
790 527 996 591 subiecimus:
1011 527 1093 607 πρὸς
1105 526 1231 592 τούτοις
1245 527 1296 592 κοί
1308 526 1387 590 Κολ-

246 639 316 704 λίος
339 638 357 702 ὁ
379 638 435 704 τὰς
457 637 585 734 πράξεις
607 637 839 713 Ἀγαθοκλέους
860 637 998 717 γράφων
1016 625 1150 713 γυναῖκά
1170 655 1241 701 τινο
1262 636 1387 714 Ῥώμην

247 747 391 825 τοῦνομά
413 765 489 826 φηςι
512 745 651 830 Τρῳάδα
671 747 710 811 τὸ
733 747 829 822 γένος
851 747 906 812 ςὺν
929 749 996 810 τοῖς
1018 747 1141 826 Τρωςὶν
1163 745 1317 810 έλθοίιςον
1339 750 1386 828 τῷ

246 858 415 936 τηνικαῦτα
437 855 633 935 βοςιλεύοντι
655 855 780 939 Λατίνῳ
802 858 857 932 τῆς
881 855 1009 920 Ἰταλία(
1036 856 1189 935 γήμαςθοι
1215 855 1265 918 καὶ
1286 856 1388 918 τεκεῖν

156 961 160 968 ’
246 965 334 1050 αὐτῷ
349 968 465 1030 παῖδας
486 967 570 1044 τρεῖς
592 965 740 1042 Ῥῶμον
762 965 824 1028 καί
845 965 1043 1043 Ῥωμύλον
1064 965 1126 1029 καί
1147 965 1386 1042 Τηλέγονον,

247 1075 286 1140 ὃν
309 1073 428 1152 οἰκῆςαι
456 1073 491 1140 έν
514 1073 625 1138 ἄλλοις
652 1073 782 1152 χωρίοις
811 1073 955 1149 ἐλέγετο·
981 1074 1107 1151 Ῥῶμον
1134 1075 1169 1138 δὲ
1197 1073 1248 1136 καλ
1268 1071 1387 1150 Ῥωμύ-

246 1186 306 1250 λον
327 1186 444 1248 παίοας
466 1182 604 1246 Λατίνου
626 1183 676 1246 καί
697 1183 819 1262 Ῥώμης
840 1185 896 1260 τῆς
918 1184 1072 1266 Τρῳάδος
1093 1185 1153 1262 τὴν
1174 1182 1268 1248 πόλιν
1289 1181 1387 1246 κτίςαι

247 1294 296 1356 καλ
317 1293 442 1371 Ῥώμην
464 1291 592 1355 καλέςαι
613 1297 659 1375 τῷ
682 1293 819 1375 μητρῴῳ
843 1291 991 1370 ὀνόματι,
1013 1290 1089 1356 τούς
1111 1312 1146 1356 τε
1168 1291 1234 1355 άπὸ
1249 1289 1387 1355 Λατίνου

246 1402 417 1477 Λατίνους,
440 1401 517 1465 τοὺς
531 1400 581 1464 καὶ
596 1398 794 1479 Ἀβορίγινας
808 1399 968 1479 πρότερον
984 1401 1195 1479 λεγομένους,
1210 1398 1387 1477 Ῥωμαίους

246 1513 505 1591 προςογορεύςοι
551 1509 698 1590 Apparet
729 1508 928 1572 intercidisse
955 1511 991 1572 in
1020 1513 1049 1572 B
1076 1509 1303 1588 Τηλέγονον
1332 1527 1389 1570 no-

247 1641 331 1682 men.
377 1617 437 1683 Sed
472 1639 537 1680 non
569 1615 630 1681 hoc
663 1617 780 1682 solum:
810 1638 886 1681 nsnr
917 1637 977 1682 nec
1010 1617 1095 1700 apud
1122 1616 1308 1700 Dionysium
1341 1615 1389 1678 illi

248 1728 370 1792 nomini
394 1726 577 1791 continuari
598 1729 771 1810 potuerunt
786 1748 866 1810 quae
881 1729 1057 1811 sequuntur
1072 1726 1248 1792 οἰκίςαντας
1263 1727 1299 1790 δέ
1313 1727 1389 1802 κτλ,

248 1859 308 1901 που
330 1836 496 1920 Syncellus
519 1839 644 1920 partem
667 1839 752 1900 certe
775 1857 899 1920 eorum,
923 1836 1037 1920 quibus
1054 1836 1178 1900 auctior
1200 1837 1249 1898 est
1270 1834 1389 1898 nostris

200 1957 231 2004 19
249 1945 483 2028 exemplaribus
498 1944 662 2029 Dionysii,
686 1945 813 2010 aliunde
835 1946 898 2010 nisi
920 1967 959 2009 ex
981 1947 1041 2009 hoc
1063 1945 1133 2028 ipso
1147 1947 1256 2027 petere
1271 1943 1388 2026 potuit.

248 2053 346 2118 Velut
367 2053 448 2116 nibil
470 2057 548 2136 puto
570 2054 610 2117 ad
625 2053 846 2138 integritatem
867 2054 1073 2138 desiderabis,
1096 2055 1124 2118 si
1146 2054 1186 2118 ad
1208 2053 1268 2117 hoc
1284 2073 1389 2116 exem-

248 2164 337 2247 plum
359 2163 522 2245 scripsisse
544 2162 734 2246 Dionysium
756 2163 905 2228 dixerim:
927 2167 1044 2230 παῖδας
1065 2168 1165 2244 τρείε,
1192 2164 1318 2242 Ῥῶμον
1340 2163 1390 2226 καὶ

248 2273 415 2351 Ῥωμύλον
437 2273 487 2336 κοί
511 2270 768 2359 [Τηλέγονον.
811 2275 873 2339 καὶ
894 2277 1038 2340 τοῦτον
1060 2275 1129 2352 μὲν
1151 2274 1389 2352 μετοναςτῆ-

249 2403 329 2461 ναι,
361 2383 509 2461 Ῥῶμον
541 2385 582 2448 δὲ
615 2384 676 2447 καί
707 2384 906 2462 Ῥωμύλον
937 2381 1183 2470 ύπομεῑναι,]
1214 2381 1390 2447 οίκίςοντας

249 2494 285 2558 δέ
308 2513 334 2556 c.
359 2513 389 2575 q.
414 2512 439 2555 s.

774 2577 867 2657 510.

334 2708 436 2786 Quam
458 2710 492 2772 in
515 2710 644 2773 maioris
667 2711 804 2774 ambitus
832 2710 956 2774 lacunis
985 2711 1072 2773 certo
1101 2709 1307 2792 cognovimus
1329 2707 1390 2772 Vr-

250 2820 370 2883 binatis
391 2817 466 2881 libri
487 2817 599 2901 fidem,
629 2841 700 2883 eam
721 2820 786 2882 iam
807 2819 874 2882 iure
896 2821 1007 2883 nostro
1035 2817 1075 2881 sd
1098 2819 1223 2902 elapsas
1245 2817 1391 2902 singulas

250 2928 378 2992 voculas
408 2928 653 3012 transferemus,
684 2927 723 2992 de
755 2929 868 3012 quibus
901 2929 970 2992 sine
1002 2927 1058 2992 illo
1079 2931 1244 3010 tamquam
1275 2925 1390 2990 funda-

251 3040 361 3102 mento
383 3058 502 3120 anceps
525 3058 593 3102 esse
614 3037 766 3102 iudicium
788 3038 898 3120 possit.
944 3037 1049 3101 Tanta
1072 3040 1120 3100 est
1142 3038 1248 3100 autem
1273 3036 1308 3099 in
1329 3035 1391 3100 boe

146 3179 151 3192 ·
250 3168 368 3232 genere
391 3147 624 3229 accessionum,
654 3167 735 3230 quae
757 3147 808 3209 vel
830 3148 888 3211 soli
912 3151 941 3210 B
961 3146 1011 3209 vel
1039 3150 1093 3210 BC
1113 3145 1286 3227 debentur,
1310 3144 1390 3208 mul-

250 3256 369 3338 titudo,
402 3259 439 3319 ut
464 3260 595 3339 propter
623 3257 656 3318 id
690 3257 794 3338 ipsum
826 3255 861 3318 in
894 3255 1004 3337 paucis
1037 3255 1209 3319 subsistere
1236 3255 1389 3337 praestet.

250 3366 362 3450 Itaque
385 3365 460 3428 dum
481 3369 607 3449 partem
634 3365 710 3429 libri
730 3365 763 3428 Π
785 3368 819 3428 ct
843 3363 960 3428 librum
981 3364 1030 3428 Ill
1057 3365 1171 3428 leviter
1198 3363 1297 3427 oculis
1319 3384 1390 3445 per·

252 3497 359 3559 curro,
389 3478 517 3558 praeter
547 3473 611 3539 alis
639 3473 776 3556 plurima
803 3473 837 3536 in
859 3473 939 3537 haec
961 3473 1068 3537 incido
1090 3473 1236 3537 breviora
1264 3472 1390 3555 supple-

250 3587 369 3648 ments.
407 3584 455 3666 Π,
477 3583 518 3648 26
540 3583 666 3649 ἅπαντα
680 3582 876 3663 πράττοντές
898 3585 955 3666 [τε
978 3585 1040 3648 καί
1061 3583 1280 3665 λέγοντες]
1305 3603 1331 3644 c.
1348 3579 1392 3645 30

251 3695 390 3773 ἀλκίμων
414 3693 554 3776 [λίον,]
582 3691 646 3771 ών,
674 3691 715 3756 35
736 3696 844 3768 γονεῖς
871 3714 905 3758 τε
928 3693 1073 3776 [ὑμῶν]
1096 3693 1272 3772 έςώθηςον,
1294 3691 1336 3755 43
1356 3691 1392 3756 ἐκ

251 3807 310 3868 τοῦ
337 3803 580 3881 άπροςδοκήτου
608 3800 825 3887 [φανέντα]
854 3802 960 3878 εἶδον,
992 3801 1034 3866 45
1066 3800 1271 3880 ἀμφοτέρους
1306 3799 1390 3882 [οὐ-

250 3911 331 3994 τοί]
354 3911 478 3988 λόγων,
507 3910 549 3973 46
576 3914 643 3977 τῶν
666 3910 847 3992 ἐπιχωρίων
876 3911 996 3994 ἀριθμῷ
1024 3909 1084 3974 οὐκ
1110 3910 1261 3986 ἐλάττους
1284 3909 1390 3991 [ἑκα-

251 4021 356 4102 τόν],
384 4019 426 4082 49
453 4020 560 4083 πολλά
587 4023 653 4085 τῶν
680 4020 822 4099 νομίμων
856 4017 940 4085 εἶναι
967 4019 1181 4102 [(αβίνων]
1213 4017 1391 4095 Λακωνικά,

252 4129 294 4192 64
329 4129 427 4195 τίνων
464 4129 526 4194 ἐςτί
563 4130 805 4211 [μηνύματα]
842 4130 1054 4208 πραγμάτων,
1091 4128 1132 4190 65
1164 4128 1245 4205 παρ’
1281 4126 1392 4190 αὐτοῖς

252 4237 432 4321 [Ἑςτίος]
456 4239 537 4303 ἐςτίν
559 4238 643 4318 ίερά,
667 4238 707 4301 76
729 4245 774 4321 τῷ
797 4239 833 4302 δέ
848 4236 994 4320 [Νομᾷ]
1017 4241 1146 4316 περιῆν,
1169 4235 1228 4317 ΠΙ,
1253 4235 1272 4299 8
1295 4234 1391 4298 ἀκου-

253 4348 370 4423 ςθέντι,
392 4347 573 4430 [μικρὸν]
597 4347 750 4426 ἐπιςχών,
779 4345 798 4408 9
825 4347 940 4412 πόνων
969 4342 1167 4429 [πολλῶν]
1196 4344 1279 4426 αὐτὰ
1299 4343 1335 4406 ¹et
1354 4344 1391 4412 ἓν
