3254 5086
544 393 703 442 morvrsu
724 391 1077 442 morcarusssurvsrs.
1319 378 1382 442 537

245 547 295 611 vel
323 544 549 631 neglegentiae
576 544 700 608 librarii
726 544 777 608 vel
805 543 991 608 correctoris
1019 544 1168 608 licentiae
1196 545 1383 630 tribuamus,

246 655 302 720 sed
324 675 363 719 ex
384 653 548 738 archetypi
564 653 709 718 bonitate
725 675 857 718 manare
872 653 1012 736 potuisse
1029 654 1265 737 ratiocinemur,
1287 655 1385 720 etiam

246 764 275 828 si
289 767 402 846 suapte
424 766 540 827 natura
562 784 629 826 non
650 763 769 828 babeat
791 784 852 846 quo
874 784 951 846 prae
973 763 1104 848 vulgato
1119 763 1286 830 Vrbinatis
1308 764 1385 829 ordo

247 871 494 937 commendetur.
529 871 672 956 Eamque
687 871 967 938 ratiocinationem
983 873 1063 936 talia
1078 873 1280 956 confirmant,
1304 895 1384 957 quae

247 1004 319 1046 eum
346 982 381 1046 in
409 986 436 1044 A
462 1001 630 1065 perperam
654 981 799 1046 traiectis
827 982 977 1046 membris
1004 1004 1064 1046 nec
1087 982 1228 1046 construi
1254 1003 1315 1046 neo
1337 982 1385 1046 in-

246 1091 357 1177 tellegi
379 1094 514 1176 queant,
544 1095 669 1156 mutata
695 1093 729 1155 in
752 1095 781 1154 B
803 1090 1012 1156 collocatione
1038 1092 1206 1156 verborum
1232 1091 1331 1175 plana
1353 1094 1386 1154 et

247 1201 396 1285 expedita
418 1200 568 1265 evadunt.
605 1199 651 1264 Vt
669 1199 711 1284 V,
736 1201 787 1284 73,
810 1201 865 1264 ubi
885 1223 944 1285 pro
967 1200 1033 1266 his:
1055 1201 1117 1266 εἴτε
1140 1202 1192 1266 διὰ
1214 1203 1272 1280 τὴν
1295 1201 1386 1267 ἐξου-

246 1311 315 1378 τίαν
343 1315 401 1376 τοῦ
427 1311 568 1376 κελεύειν
595 1311 656 1374 καὶ
683 1310 906 1377 διατάττειν
934 1311 994 1376 ὅτι
1021 1312 1133 1376 θέλοι
1160 1312 1200 1375 τά
1227 1330 1261 1376 τε
1283 1311 1387 1375 δίκαια
1426 1359 1430 1366 .
1549 1345 1557 1364 ·

246 1419 357 1486 καὶτὰ
384 1420 559 1510 καλὰιτοῑτ
586 1418 696 1484 ἄλλοι(
724 1423 787 1484 κτλ.
810 1419 1027 1502 reponendum
1049 1441 1067 1482 e
1089 1424 1132 1483 B:
1165 1423 1223 1485 τοῦ
1245 1420 1386 1485 κελεύειν

247 1528 311 1593 ὅτι
339 1530 449 1594 θέλοι
481 1529 543 1593 καὶ
569 1529 809 1612 [δια]τὰττειν
840 1549 867 1590 e.
897 1550 928 1612 q.
959 1551 984 1592 s.
1035 1527 1155 1604 Quibus
1188 1528 1385 1612 argumentis

247 1635 327 1700 adde
355 1636 545 1720 scriptorum
573 1637 771 1714 testimonia,
803 1635 930 1701 Nicolai
956 1637 1155 1720 potissimum
1181 1637 1385 1720 Damasceni,

247 1747 275 1810 si
296 1746 345 1810 dis
367 1746 484 1830 placat,
508 1746 564 1809 illa
586 1766 667 1830 quae
690 1750 710 1827 ξ
733 1746 753 1810 9
776 1747 1099 1812 commemoravimus.
1122 1747 1386 1831 -Quamquam

248 1877 320 1920 cum
341 1876 407 1919 non
428 1876 501 1920 raro
523 1855 647 1920 hiatum
667 1856 702 1920 in
725 1861 754 1920 B
776 1855 948 1920 admissum
970 1856 1067 1920 etiam
1089 1862 1116 1920 A
1137 1857 1246 1939 tollat,
1269 1860 1306 1920 ut
1325 1856 1383 1939 IV,

249 1964 289 2028 16
310 1966 349 2030 τὰ
370 1967 428 2044 μὲν
456 1965 540 2030 ἄλλα
566 1968 682 2046 φορεῖν
709 1964 796 2030 ὅπλα
822 1967 1036 2048 transponens
1062 1986 1121 2050 pro
1150 1967 1190 2032 τὰ
1217 1969 1274 2046 μὲν
1304 1966 1388 2031 ἄλλα

248 2073 334 2139 ὅπλα
349 2077 480 2155 φορεῖν,
503 2077 638 2160 apparet
659 2095 755 2159 quam
775 2096 842 2140 non
856 2075 958 2159 possit
972 2095 1039 2139 non
1053 2075 1207 2140 fluctuare
1222 2075 1383 2141 iudicium.

779 2270 800 2350 s
825 2269 875 2333 13.

333 2403 533 2486 Omninoque
561 2401 622 2467 hoc
649 2401 747 2467 etiam
778 2402 812 2466 in
843 2401 965 2486 reliqua
997 2425 1118 2489 genera
1145 2403 1232 2468 cadit
1257 2407 1386 2487 praeter

248 2535 347 2578 unum
369 2512 463 2596 illud,
493 2511 577 2596 quod
599 2512 781 2577 contuetur
802 2512 986 2597 graviorum
1007 2512 1195 2578 lacunamm
1222 2513 1387 2597 aliquanto
1404 2531 1437 2580 aa

248 2622 446 2687 uberioribus
474 2621 714 2704 supplementis.
763 2620 849 2686 Nam
881 2643 959 2686 sane
992 2622 1046 2706 qui
1080 2623 1131 2686 vel
1159 2622 1303 2688 Chisiani
1336 2622 1386 2686 vel

248 2730 416 2796 Vrbinatis
437 2729 578 2794 indolem
600 2751 638 2794 ex
661 2731 706 2794 eis
728 2752 808 2815 quae
830 2731 892 2796 hac
915 2732 1183 2796 commentatione
1197 2731 1387 2815 protulimus

248 2840 446 2906 documentis
468 2840 637 2905 aestimare
658 2841 840 2904 universam
862 2841 1004 2904 animum
1031 2841 1208 2924 induxerit,
1237 2861 1309 2906 eum
1335 2842 1388 2905 vix

248 2949 465 3014 dubitaturum
488 2950 647 3034 suspicor,
672 2950 749 3033 quin
771 2951 821 3014 vel
843 2951 1015 3036 integritas
1037 2951 1088 3015 vel
1110 2950 1291 3015 emendatio
1312 2950 1386 3016 Dio·

248 3060 333 3142 nysii
354 3060 457 3124 omnis
485 3081 524 3123 ex
545 3081 610 3124 uno
632 3065 661 3124 B
682 3080 837 3144 suspensa
858 3060 901 3123 sit
928 3081 967 3124 ao
988 3060 1215 3144 propemodum
1241 3061 1330 3126 nullo
1352 3060 1388 3124 in

249 3170 352 3252 pretio
380 3175 406 3232 A
432 3168 608 3234 habendus.
653 3168 880 3252 Reputandum
908 3173 958 3233 est
984 3172 1091 3233 autern
1117 3191 1184 3233 non
1211 3169 1272 3234 hoo
1293 3170 1386 3234 nobis

249 3301 336 3344 nunc
367 3277 527 3363 agendum
559 3278 672 3357 fuisse,
705 3281 741 3342 ut
773 3278 823 3342 vel
857 3277 1003 3344 Ohisiani
1036 3278 1071 3342 in
1102 3279 1211 3342 multis
1241 3279 1386 3360 partibus

249 3387 479 3471 praestantiam
507 3388 557 3450 vel
584 3387 752 3451 Vrbinatis
779 3387 814 3450 in
841 3387 913 3451 aliis
941 3389 1132 3471 pravitatem
1161 3390 1388 3451 commonstra-

248 3517 368 3578 remus,
397 3497 513 3580 quippe
541 3496 580 3560 de
607 3517 669 3579 qua
690 3501 724 3560 et
744 3497 944 3580 praestantia
971 3501 1004 3560 et
1030 3495 1190 3580 pravitate
1217 3516 1310 3560 nemo
1333 3496 1388 3560 du·

249 3604 399 3687 bitasset,
427 3605 483 3669 sed
510 3605 570 3670 hoc
591 3606 713 3689 potius,
740 3609 777 3670 ut
798 3604 965 3670 Vrbinatis
993 3628 1049 3670 suo
1078 3605 1113 3669 in
1139 3625 1258 3690 genere
1287 3607 1387 3670 excel-

249 3713 383 3777 lentiam
406 3717 517 3778 eontra
539 3715 691 3798 iniustas,
722 3718 758 3778 ut
784 3715 877 3779 nobis
899 3714 1026 3798 quidem
1048 3715 1165 3797 visum,
1195 3736 1293 3778 unum
1315 3714 1387 3780 Chi-

249 3821 375 3888 sianum
407 3823 633 3888 admirantium
666 3823 915 3890 obtrectationes
948 3823 1204 3888 defenderemus:
1240 3823 1273 3887 id
1305 3824 1388 3907 quod

249 3953 316 3995 non
337 3932 407 3996 sine
430 3932 536 4016 aliqua
558 3933 734 4018 legentium
756 3936 789 3997 et
811 3933 846 3996 in
867 3932 917 3996 his
938 3933 1056 3998 litteris
1078 3934 1179 4020 vitam
1202 3954 1387 3997 consumen-

249 4041 330 4106 tium
351 4041 491 4106 utilitato
512 4042 581 4106 fieri
603 4063 695 4125 posse
715 4043 908 4125 putavimus.
952 4042 1057 4127 Igitur
1083 4042 1229 4126 quotiens
1251 4042 1302 4106 vel
1324 4042 1388 4106 sin-

250 4149 342 4232 gulas
365 4171 458 4215 voces
480 4151 515 4215 in
537 4157 566 4216 B
593 4151 676 4217 forte
697 4152 939 4235 praetermissas
967 4152 1008 4215 ab
1036 4151 1169 4216 interitu
1192 4157 1218 4215 A
1240 4153 1386 4235 servarit,

250 4257 301 4320 vel
323 4257 389 4322 illic
412 4281 487 4323 casu
514 4263 678 4344 corruptas
706 4262 872 4326 emendate
900 4261 951 4325 vel
973 4261 1106 4325 consilio
1134 4259 1291 4326 correctas
1313 4261 1388 4326 fide-

251 4365 325 4430 liter
356 4366 547 4450 prodiderit,
585 4389 770 4433 enumerare
804 4369 1046 4453 supersedimus.
1096 4370 1294 4454 Quamquam
1329 4369 1388 4434 has
