3184 5100
587 383 746 430 sennenn
770 381 943 430 cranone.
1118 415 1125 429 .
1276 363 1336 430 737

195 539 303 599 lamen
320 537 426 598 bintus
449 535 492 598 sit
507 535 655 600 vitandus
678 535 731 619 qui
755 535 800 598 sic
823 536 938 616 oritur,
963 539 998 598 ut
1020 535 1113 597 unius
1137 535 1338 620 eiusdemque

196 667 351 728 personae
373 667 426 710 ore
449 645 510 708 duo
534 646 760 709 continuentur
776 623 1182 728 anapaestica'systcmata
1206 668 1338 730 quorum

196 755 283 838 prius
309 755 397 819 brevi
425 756 615 819 terminetur
642 755 761 836 vocali,
793 755 870 819 item
899 777 918 818 a
945 755 1048 819 vocali
1077 756 1233 838 posterius
1261 757 1338 820 inci-

196 865 273 948 piat.
297 864 340 928 Et
362 867 422 930 hoe
438 865 564 948 quidem
580 867 786 949 praeceptum
809 865 849 928 ab
868 865 1027 949 Aeschylo
1049 864 1158 929 videor
1179 867 1339 930 invenisse

196 997 294 1058 usque
317 997 440 1059 quaque
461 975 633 1060 diligenter
655 976 871 1038 observatum:
894 974 1048 1059 siquidem
1071 976 1156 1039 inter
1178 979 1229 1039 sat
1249 999 1339 1062 niag-

197 1105 271 1148 nam
294 1085 531 1149 multitudinem
552 1106 633 1168 quae
655 1087 722 1148 sola
743 1107 923 1170 repugnare
946 1085 1093 1149 videntur
1107 1087 1204 1150 verba
1221 1088 1336 1171 Agam.

196 1195 386 1280 347134112
414 1197 562 1275 μεγάλων
592 1197 717 1274 κόεμων
740 1197 917 1275 κτεάτειρα,
946 1198 1020 1261 Ἣτ’
1048 1197 1099 1262 ἐπὶ
1122 1197 1237 1275 Τροία(
1259 1199 1338 1277 πύρ·

195 1325 264 1382 γοιε
287 1306 415 1385 ἔβαλες,
438 1305 523 1368 inter
544 1305 698 1388 proodum
721 1309 753 1368 et
774 1306 939 1388 stropham
962 1305 1181 1369 distribuenda
1204 1312 1278 1370 scint
1300 1307 1339 1370 dc

197 1414 332 1498 Reisigii
354 1415 515 1479 sententia
539 1413 725 1480 Coniectan.
751 1415 784 1479 in
807 1415 972 1499 Aristoph.
996 1438 1027 1498 p.
1044 1415 1117 1480 269.
1144 1415 1237 1500 [Vide
1253 1417 1338 1481 intra

196 1547 227 1607 p.
244 1524 286 1587 4⁶2
306 1524 422 1610 (740).]
453 1525 566 1609 ltaque
588 1525 795 1589 emendandis
812 1525 997 1609 Aeschyleis
1021 1526 1156 1590 adhibeo
1179 1527 1339 1590 scribendi

195 1635 429 1714 diversitatem,
451 1657 532 1718 quae
555 1657 592 1698 ex
615 1639 666 1699 sat
690 1625 798 1700 multis
822 1635 982 1700 codicibus
1005 1639 1135 1700 enotata
1158 1641 1216 1712 est,
1241 1659 1339 1718 curq-

196 1747 263 1826 piq:
292 1767 374 1829 quae
403 1745 499 1809 etiam
528 1744 718 1824 scholiastae
748 1749 827 1826 [non
856 1745 1003 1830 Medicei]
1039 1749 1145 1810 aetate
1176 1748 1340 1812 ferebatur

196 1855 241 1917 sic
269 1854 471 1918 adnotantis:
500 1855 563 1934 ἆρα
593 1857 694 1935 χαίρω
722 1857 771 1920 καὶ
799 1857 927 1935 ὑμνήεω
955 1859 1005 1921 καὶ
1039 1858 1193 1922 παιανὶεω
1223 1859 1274 1922 ἐπὶ
1301 1865 1338 1940 τῇ

195 1965 324 2029 πόλεως
346 1966 492 2049 (ωτηρίᾳ.
533 1963 704 2029 Enimvero
726 1987 792 2029 non
814 1969 920 2050 potest
942 1966 1079 2050 ambigi,
1103 1967 1181 2050 quin
1203 1971 1340 2048 rumpia

196 2074 282 2138 vocis
304 2075 429 2158 vulgari
453 2075 681 2140 consuetudine
704 2075 863 2139 illustrata
892 2077 967 2140 olim
996 2077 1039 2141 sit
1069 2077 1149 2140 alius
1178 2077 1339 2141 cuiusdam

197 2184 312 2247 raritas
336 2185 491 2248 vocabuli.
522 2184 574 2248 Sic
598 2186 682 2249 enirn
706 2185 829 2249 exstitit
851 2186 926 2250 olim
948 2188 1113 2270 scriptum,
1137 2191 1173 2250 ut
1195 2188 1337 2271 equidem

197 2293 350 2358 arbitror:

349 2457 488 2536 πότερον
511 2459 612 2538 χαίρω
636 2460 847 2526 κάπολολύξω
899 2527 901 2532 ,

400 2569 527 2632 πόλεως
551 2569 685 2646 ἀεινὴ(
708 2570 894 2654 εὐ(οίᾳ;*)

198 2726 303 2809 Atque
332 2725 415 2788 lnmd
449 2727 513 2790 scio
548 2749 589 2790 an
619 2728 656 2790 ad
688 2729 880 2812 Aeschylum
907 2729 1011 2812 potius
1039 2735 1163 2813 spectet
1185 2731 1338 2815 Hesychii
1356 2741 1390 2789 40

196 2835 304 2916 glossa
327 2835 387 2898 vol.
403 2836 417 2899 l
434 2858 466 2918 p.
486 2837 567 2899 1530
590 2837 627 2920 [L
652 2838 671 2899 ἱ)
695 2862 725 2920 p.
743 2839 815 2920 233,
834 2840 851 2902 'i
869 2837 1006 2923 Schml:
1030 2841 1174 2905 εὔεοια·
1197 2843 1340 2920 εὐθηνία,

196 2947 343 3024 (ωτηρία,
368 2967 462 3029 quam
486 2945 525 3009 ad
549 2945 737 3029 Sophoclem
761 2949 863 3032 [cuius
887 2949 964 3013 Oed.
987 2949 1053 3014 (lol.
1070 2950 1134 3014 390
1155 2951 1339 3035 genetivum

197 3055 295 3118 habes
319 3055 467 3139 εὐ(οίαε].
515 3056 623 3138 Auget
650 3057 840 3121 emendandi
864 3059 1090 3124 confidentiam
1120 3083 1190 3124 cnm
1213 3065 1340 3125 senten-

196 3165 261 3227 tiae
304 3164 506 3228 concinnitas
539 3169 606 3228 tum
639 3166 870 3232 immutationis
908 3170 1035 3234 lenitas.
1080 3169 1227 3254 Namque
1259 3194 1340 3255 quae

196 3294 307 3337 recens
330 3279 504 3338 evenerant
531 3275 593 3339 duo
615 3276 867 3342 luculentissima
888 3279 1044 3351 facinora,
1074 3281 1222 3344 liberatio
1252 3282 1339 3345 urbis

197 3386 229 3445 et
250 3382 387 3446 fratrum
411 3385 531 3467 caedes.
556 3385 601 3449 eis
624 3389 907 3453 commemorandis
923 3393 1172 3456 consentaneum
1195 3395 1243 3454 est
1259 3391 1340 3454 The-

197 3492 298 3556 banas
320 3493 463 3577 virgines
485 3516 557 3558 suos
586 3499 618 3558 et
640 3497 782 3561 laetitiae
810 3503 843 3562 et
872 3501 1023 3564 maeroris
1051 3521 1162 3564 sensus
1190 3502 1339 3584 prodere:

197 3623 278 3685 cquae
300 3604 480 3667 sententiae
495 3605 633 3669 invicem
656 3607 716 3671 sihi
740 3609 904 3691 oppositae
928 3611 1025 3675 etiam
1048 3633 1065 3673 a
1089 3611 1203 3674 nuntio
1225 3634 1255 3675 v.
1279 3611 1340 3674 80⁶.)

196 3712 286 3796 [785]
310 3712 496 3778 ferebantur
517 3715 551 3778 in
574 3716 658 3780 hune
681 3715 823 3780 modum:

263 4027 288 4094 *J
313 4027 353 4094 [ln
377 4027 409 4082 (t.
436 4025 571 4082 Dindorfii
594 4032 627 4094 (v.
648 4033 709 4098 825)
736 4029 1009 4100 scriptura-adleusc
1033 4035 1118 4088 dcrvei
1141 4040 1246 4104 (ωτῆρι
1269 4037 1339 4104 τύχᾳ

196 4119 289 4172 risseio
313 4120 378 4186 quid
401 4120 512 4174 molesti
531 4123 616 4188 atque
634 4123 705 4176 adeo
727 4123 826 4176 tumidi
848 4124 1048 4180 attributorum
1071 4128 1221 4182 cumulatio
1243 4128 1338 4182 habet.

196 4210 433 4266 Hermannianam
455 4215 562 4278 autem,
584 4231 655 4282 quae
678 4215 747 4270 haee
771 4218 814 4270 cst
836 4223 940 4285 εωτῆρι
968 4221 1080 4273 πόλεως
1103 4221 1222 4290 demeto,
1249 4221 1340 4275 fateor

196 4321 246 4356 nrm
265 4303 354 4372 ipsam
372 4323 416 4360 me
434 4307 597 4376 intellegere
616 4325 667 4362 neo
685 4307 841 4364 adhibitam
859 4310 884 4363 ei
903 4311 1129 4380 explicationem:
1149 4317 1266 4382 vcwrbp
1285 4315 1339 4368 ecr-

197 4413 256 4450 lfffl
275 4398 318 4450 Νι
336 4401 495 4466 cornacus:
514 4401 584 4455 nihil
601 4405 633 4456 ut
651 4401 685 4456 de
703 4400 765 4473 ipso
783 4387 887 4458 trivero
905 4405 1040 4460 vocabulo
1059 4405 1169 4474 dicam]

248 4503 289 4538 en.
309 4503 473 4539 arraonanrr
494 4505 639 4540 oeuscuaa
659 4509 677 4541 r.
1092 4495 1132 4556 47
