<?xml version="1.0" encoding="UTF-8"?>
<!DOCTYPE html PUBLIC "-//W3C//DTD XHTML 1.0 Transitional//EN"
    "http://www.w3.org/TR/xhtml1/DTD/xhtml1-transitional.dtd">
<html xmlns="http://www.w3.org/1999/xhtml" xml:lang="en" lang="en">
 <head>
  <title>
</title>
<meta http-equiv="Content-Type" content="text/html;charset=utf-8" />
  <meta name='ocr-system' content='tesseract 3.04.00' />
  <meta name='ocr-capabilities' content='ocr_page ocr_carea ocr_par ocr_line ocrx_word'/>
</head>
<body>
  <div class='ocr_page' id='page_1' title='image "./fridericiritsch11wachgoog_0647.png"; bbox 0 0 3218 5094; ppageno 0'>
   <div class='ocr_carea' id='block_1_1' title="bbox 258 317 1014 381">
    <p class='ocr_par' dir='ltr' id='par_1_1' title="bbox 258 317 1014 381">
     <span class='ocr_line' id='line_1_1' title="bbox 258 317 1014 381; baseline -0.003 0"><span class='ocrx_word' id='word_1_1' title='bbox 258 317 322 381; x_wconf 86' lang='grc'>624</span> <span class='ocrx_word' id='word_1_2' title='bbox 640 335 687 380; x_wconf 83' lang='lat' dir='ltr'>un</span> <span class='ocrx_word' id='word_1_3' title='bbox 711 333 780 380; x_wconf 82' lang='grc' dir='ltr'>οιιο</span> <span class='ocrx_word' id='word_1_4' title='bbox 804 335 848 380; x_wconf 82' lang='lat' dir='ltr'>nr</span> <span class='ocrx_word' id='word_1_5' title='bbox 871 334 1014 381; x_wconf 80' lang='lat' dir='ltr'>curcua.</span> 
     </span>
    </p>
   </div>
   <div class='ocr_carea' id='block_1_2' title="bbox 253 485 1460 3426">
    <p class='ocr_par' dir='ltr' id='par_1_2' title="bbox 255 485 1460 1556">
     <span class='ocr_line' id='line_1_2' title="bbox 258 485 1401 569; baseline 0.001 -22"><span class='ocrx_word' id='word_1_6' title='bbox 258 485 402 568; x_wconf 89' lang='lat' dir='ltr'>ruptelae</span> <span class='ocrx_word' id='word_1_7' title='bbox 424 485 597 568; x_wconf 86' lang='lat' dir='ltr'>generibus</span> <span class='ocrx_word' id='word_1_8' title='bbox 613 485 648 548; x_wconf 92' lang='lat' dir='ltr'>in</span> <span class='ocrx_word' id='word_1_9' title='bbox 668 485 784 569; x_wconf 83' lang='lat' dir='ltr'>vulgus</span> <span class='ocrx_word' id='word_1_10' title='bbox 801 487 937 548; x_wconf 87' lang='lat' dir='ltr'>constat.</span> <span class='ocrx_word' id='word_1_11' title='bbox 970 485 1183 567; x_wconf 84' lang='lat' dir='ltr'>Omninoque,</span> <span class='ocrx_word' id='word_1_12' title='bbox 1208 485 1401 548; x_wconf 87' lang='lat' dir='ltr'>utbreviter</span> 
     </span>
     <span class='ocr_line' id='line_1_3' title="bbox 257 593 1400 677; baseline 0.001 -20"><span class='ocrx_word' id='word_1_13' title='bbox 257 594 373 676; x_wconf 84' lang='lat' dir='ltr'>dicam,</span> <span class='ocrx_word' id='word_1_14' title='bbox 397 617 463 658; x_wconf 94' lang='lat' dir='ltr'>non</span> <span class='ocrx_word' id='word_1_15' title='bbox 484 597 591 677; x_wconf 89' lang='lat' dir='ltr'>potest</span> <span class='ocrx_word' id='word_1_16' title='bbox 612 595 653 657; x_wconf 93' lang='lat' dir='ltr'>ab</span> <span class='ocrx_word' id='word_1_17' title='bbox 676 595 789 658; x_wconf 88' lang='lat' dir='ltr'>harum</span> <span class='ocrx_word' id='word_1_18' title='bbox 805 617 910 658; x_wconf 89' lang='lat' dir='ltr'>rerum</span> <span class='ocrx_word' id='word_1_19' title='bbox 932 594 1035 677; x_wconf 81' lang='lat' dir='ltr'>perito</span> <span class='ocrx_word' id='word_1_20' title='bbox 1058 595 1108 657; x_wconf 87' lang='lat' dir='ltr'>vel</span> <span class='ocrx_word' id='word_1_21' title='bbox 1123 593 1287 657; x_wconf 88' lang='lat' dir='ltr'>tantillum</span> <span class='ocrx_word' id='word_1_22' title='bbox 1309 595 1400 658; x_wconf 91' lang='lat' dir='ltr'>dubi-</span> 
     </span>
     <span class='ocr_line' id='line_1_4' title="bbox 257 703 1400 789; baseline 0.001 -22"><span class='ocrx_word' id='word_1_23' title='bbox 257 705 337 787; x_wconf 85' lang='lat' dir='ltr'>tari,</span> <span class='ocrx_word' id='word_1_24' title='bbox 366 704 444 787; x_wconf 90' lang='lat' dir='ltr'>quin</span> <span class='ocrx_word' id='word_1_25' title='bbox 473 704 678 768; x_wconf 87' lang='lat' dir='ltr'>celeberrima</span> <span class='ocrx_word' id='word_1_26' title='bbox 707 703 885 768; x_wconf 70' lang='lat' dir='ltr'>Heracliani</span> <span class='ocrx_word' id='word_1_27' title='bbox 913 706 1060 784; x_wconf 88' lang='grc' dir='ltr'>Ὁμηρικὴ</span> <span class='ocrx_word' id='word_1_28' title='bbox 1095 705 1277 789; x_wconf 86' lang='grc' dir='ltr'>προςῳδία,</span> <span class='ocrx_word' id='word_1_29' title='bbox 1310 705 1400 768; x_wconf 87' lang='lat' dir='ltr'>cuius</span> 
     </span>
     <span class='ocr_line' id='line_1_5' title="bbox 257 805 1450 898; baseline 0.003 -22"><span class='ocrx_word' id='word_1_30' title='bbox 257 835 331 896; x_wconf 85' lang='lat' dir='ltr'>pars</span> <span class='ocrx_word' id='word_1_31' title='bbox 353 813 417 877; x_wconf 85' lang='lat' dir='ltr'>fuit</span> <span class='ocrx_word' id='word_1_32' title='bbox 438 815 564 892; x_wconf 89' lang='grc' dir='ltr'>Ἰλιακή,</span> <span class='ocrx_word' id='word_1_33' title='bbox 591 814 626 878; x_wconf 90' lang='lat' dir='ltr'>in</span> <span class='ocrx_word' id='word_1_34' title='bbox 649 813 881 898; x_wconf 81' lang='lat' dir='ltr'>Etymologicis</span> <span class='ocrx_word' id='word_1_35' title='bbox 910 813 1111 898; x_wconf 82' lang='lat' dir='ltr'>significetur</span> <span class='ocrx_word' id='word_1_36' title='bbox 1133 815 1222 878; x_wconf 90' lang='lat' dir='ltr'>etin</span> <span class='ocrx_word' id='word_1_37' title='bbox 1245 817 1400 894; x_wconf 88' lang='grc' dir='ltr'>Ἡρωδια-</span> <span class='ocrx_word' id='word_1_38' title='bbox 1444 805 1450 814; x_wconf 66' lang='grc'><strong>’</strong></span> 
     </span>
     <span class='ocr_line' id='line_1_6' title="bbox 257 923 1397 1008; baseline 0 -20"><span class='ocrx_word' id='word_1_39' title='bbox 257 925 314 988; x_wconf 92' lang='grc' dir='ltr'>νός</span> <span class='ocrx_word' id='word_1_40' title='bbox 343 946 494 988; x_wconf 89' lang='lat' dir='ltr'>converso</span> <span class='ocrx_word' id='word_1_41' title='bbox 521 925 620 1005; x_wconf 88' lang='grc' dir='ltr'>Ὧρος</span> <span class='ocrx_word' id='word_1_42' title='bbox 653 924 782 988; x_wconf 90' lang='lat' dir='ltr'>nomine</span> <span class='ocrx_word' id='word_1_43' title='bbox 810 924 866 986; x_wconf 89' lang='lat' dir='ltr'>illa</span> <span class='ocrx_word' id='word_1_44' title='bbox 899 923 1169 1008; x_wconf 66' lang='lat' dir='ltr'>redintegrentur.</span> <span class='ocrx_word' id='word_1_45' title='bbox 1222 925 1270 989; x_wconf 81' lang='lat' dir='ltr'>Of.</span> <span class='ocrx_word' id='word_1_46' title='bbox 1301 929 1321 1004; x_wconf 66' lang='grc' dir='ltr'><strong>ξ</strong></span> <span class='ocrx_word' id='word_1_47' title='bbox 1349 925 1397 988; x_wconf 85' lang='lat'>14.</span> 
     </span>
     <span class='ocr_line' id='line_1_7' title="bbox 257 1033 1399 1117; baseline 0 -20"><span class='ocrx_word' id='word_1_48' title='bbox 257 1033 346 1108; x_wconf 84' lang='lat' dir='ltr'>Quod</span> <span class='ocrx_word' id='word_1_49' title='bbox 369 1034 497 1117; x_wconf 88' lang='lat' dir='ltr'>quidem</span> <span class='ocrx_word' id='word_1_50' title='bbox 521 1033 732 1097; x_wconf 87' lang='lat' dir='ltr'>certissimum</span> <span class='ocrx_word' id='word_1_51' title='bbox 760 1037 860 1117; x_wconf 81' lang='lat' dir='ltr'>esset,</span> <span class='ocrx_word' id='word_1_52' title='bbox 895 1034 1040 1097; x_wconf 87' lang='lat' dir='ltr'>etiamsi</span> <span class='ocrx_word' id='word_1_53' title='bbox 1063 1034 1242 1097; x_wconf 89' lang='lat' dir='ltr'>evidentius</span> <span class='ocrx_word' id='word_1_54' title='bbox 1270 1034 1399 1098; x_wconf 89' lang='lat' dir='ltr'>demon-</span> 
     </span>
     <span class='ocr_line' id='line_1_8' title="bbox 256 1141 1399 1237; baseline 0.002 -31"><span class='ocrx_word' id='word_1_55' title='bbox 256 1143 351 1206; x_wconf 90' lang='lat' dir='ltr'>strari</span> <span class='ocrx_word' id='word_1_56' title='bbox 379 1165 444 1208; x_wconf 93' lang='lat' dir='ltr'>non</span> <span class='ocrx_word' id='word_1_57' title='bbox 479 1147 587 1237; x_wconf 71' lang='lat' dir='ltr'>ppsset</span> <span class='ocrx_word' id='word_1_58' title='bbox 620 1164 637 1206; x_wconf 89' lang='lat' dir='ltr'>e</span> <span class='ocrx_word' id='word_1_59' title='bbox 665 1141 799 1206; x_wconf 90' lang='lat' dir='ltr'>Venetis</span> <span class='ocrx_word' id='word_1_60' title='bbox 827 1143 862 1207; x_wconf 90' lang='lat' dir='ltr'>in</span> <span class='ocrx_word' id='word_1_61' title='bbox 890 1142 1000 1206; x_wconf 85' lang='lat' dir='ltr'>Iliadis</span> <span class='ocrx_word' id='word_1_62' title='bbox 1031 1146 1037 1207; x_wconf 92' lang='lat' dir='ltr'>l</span> <span class='ocrx_word' id='word_1_63' title='bbox 1068 1144 1131 1208; x_wconf 89' lang='grc'>206</span> <span class='ocrx_word' id='word_1_64' title='bbox 1163 1143 1308 1226; x_wconf 80' lang='lat' dir='ltr'>scholiis,</span> <span class='ocrx_word' id='word_1_65' title='bbox 1344 1145 1399 1208; x_wconf 92' lang='lat' dir='ltr'>ubi</span> 
     </span>
     <span class='ocr_line' id='line_1_9' title="bbox 257 1252 1398 1337; baseline 0.002 -21"><span class='ocrx_word' id='word_1_66' title='bbox 257 1258 473 1337; x_wconf 76' lang='lat' dir='ltr'><strong>posteaquam,</strong></span> <span class='ocrx_word' id='word_1_67' title='bbox 498 1255 669 1330; x_wconf 73' lang='lat' dir='ltr'>curtiali]</span> <span class='ocrx_word' id='word_1_68' title='bbox 694 1252 840 1335; x_wconf 88' lang='lat' dir='ltr'>apposita</span> <span class='ocrx_word' id='word_1_69' title='bbox 865 1255 958 1332; x_wconf 88' lang='lat' dir='ltr'>esset,</span> <span class='ocrx_word' id='word_1_70' title='bbox 983 1253 1176 1336; x_wconf 83' lang='lat' dir='ltr'>explicatum</span> <span class='ocrx_word' id='word_1_71' title='bbox 1197 1253 1259 1316; x_wconf 88' lang='lat' dir='ltr'>fuit</span> <span class='ocrx_word' id='word_1_72' title='bbox 1275 1254 1398 1318; x_wconf 80' lang='lat' dir='ltr'>Aristo-</span> 
     </span>
     <span class='ocr_line' id='line_1_10' title="bbox 256 1361 1460 1450; baseline 0.002 -23"><span class='ocrx_word' id='word_1_73' title='bbox 256 1364 322 1427; x_wconf 89' lang='lat' dir='ltr'>nici</span> <span class='ocrx_word' id='word_1_74' title='bbox 349 1364 470 1443; x_wconf 85' lang='lat' dir='ltr'>verbis,</span> <span class='ocrx_word' id='word_1_75' title='bbox 499 1362 675 1426; x_wconf 88' lang='lat' dir='ltr'>Herodiani</span> <span class='ocrx_word' id='word_1_76' title='bbox 699 1385 767 1426; x_wconf 89' lang='lat' dir='ltr'>esse</span> <span class='ocrx_word' id='word_1_77' title='bbox 800 1384 881 1445; x_wconf 85' lang='lat' dir='ltr'>quae</span> <span class='ocrx_word' id='word_1_78' title='bbox 910 1361 1124 1426; x_wconf 87' lang='lat' dir='ltr'>adnectuntur</span> <span class='ocrx_word' id='word_1_79' title='bbox 1151 1367 1259 1442; x_wconf 85' lang='grc' dir='ltr'>κρεῖον</span> <span class='ocrx_word' id='word_1_80' title='bbox 1286 1367 1321 1428; x_wconf 83' lang='grc' dir='ltr'>δὲ</span> <span class='ocrx_word' id='word_1_81' title='bbox 1352 1365 1399 1430; x_wconf 83' lang='grc' dir='ltr'>ὡς</span> <span class='ocrx_word' id='word_1_82' title='bbox 1454 1443 1460 1450; x_wconf 35' lang='lat'><strong><em>‚</em></strong></span> 
     </span>
     <span class='ocr_line' id='line_1_11' title="bbox 255 1471 1196 1556; baseline -0.001 -19"><span class='ocrx_word' id='word_1_83' title='bbox 255 1478 343 1538; x_wconf 81' lang='grc' dir='ltr'>θεῖον</span> <span class='ocrx_word' id='word_1_84' title='bbox 366 1497 392 1537; x_wconf 88' lang='grc' dir='ltr'>κ.</span> <span class='ocrx_word' id='word_1_85' title='bbox 414 1496 439 1538; x_wconf 88' lang='grc' dir='ltr'>τ.</span> <span class='ocrx_word' id='word_1_86' title='bbox 464 1475 489 1535; x_wconf 96' lang='grc' dir='ltr'>λ.</span> <span class='ocrx_word' id='word_1_87' title='bbox 513 1474 582 1556; x_wconf 88' lang='lat' dir='ltr'>ipsa</span> <span class='ocrx_word' id='word_1_88' title='bbox 604 1474 640 1537; x_wconf 89' lang='grc' dir='ltr'>δέ</span> <span class='ocrx_word' id='word_1_89' title='bbox 667 1472 825 1554; x_wconf 87' lang='lat' dir='ltr'>particula</span> <span class='ocrx_word' id='word_1_90' title='bbox 848 1472 994 1556; x_wconf 76' lang='lat' dir='ltr'>arguitur</span> <span class='ocrx_word' id='word_1_91' title='bbox 1015 1471 1196 1536; x_wconf 88' lang='lat' dir='ltr'>manifesto.</span> 
     </span>
    </p>

    <p class='ocr_par' dir='ltr' id='par_1_3' title="bbox 253 1582 1397 2874">
     <span class='ocr_line' id='line_1_12' title="bbox 342 1582 1397 1666; baseline 0.002 -22"><span class='ocrx_word' id='word_1_92' title='bbox 342 1582 443 1646; x_wconf 84' lang='lat' dir='ltr'>Multo</span> <span class='ocrx_word' id='word_1_93' title='bbox 476 1582 574 1646; x_wconf 89' lang='lat' dir='ltr'>etiam</span> <span class='ocrx_word' id='word_1_94' title='bbox 605 1583 761 1646; x_wconf 86' lang='lat' dir='ltr'>minorem</span> <span class='ocrx_word' id='word_1_95' title='bbox 795 1582 859 1644; x_wconf 88' lang='lat' dir='ltr'>vim</span> <span class='ocrx_word' id='word_1_96' title='bbox 891 1582 1004 1664; x_wconf 81' lang='lat' dir='ltr'>habet,</span> <span class='ocrx_word' id='word_1_97' title='bbox 1037 1582 1119 1666; x_wconf 92' lang='lat' dir='ltr'>quod</span> <span class='ocrx_word' id='word_1_98' title='bbox 1154 1583 1189 1646; x_wconf 93' lang='lat' dir='ltr'>in</span> <span class='ocrx_word' id='word_1_99' title='bbox 1217 1583 1335 1646; x_wconf 91' lang='lat' dir='ltr'>eisdem</span> <span class='ocrx_word' id='word_1_100' title='bbox 1357 1583 1397 1646; x_wconf 91' lang='lat' dir='ltr'>iu</span> 
     </span>
     <span class='ocr_line' id='line_1_13' title="bbox 256 1692 1396 1778; baseline -0.001 -19"><span class='ocrx_word' id='word_1_101' title='bbox 256 1693 365 1759; x_wconf 81' lang='lat' dir='ltr'>Iliadis</span> <span class='ocrx_word' id='word_1_102' title='bbox 387 1695 412 1757; x_wconf 88' lang='grc' dir='ltr'>Α</span> <span class='ocrx_word' id='word_1_103' title='bbox 438 1693 500 1757; x_wconf 82' lang='grc'>508</span> <span class='ocrx_word' id='word_1_104' title='bbox 526 1693 655 1757; x_wconf 85' lang='lat' dir='ltr'>scholiis</span> <span class='ocrx_word' id='word_1_105' title='bbox 684 1693 825 1756; x_wconf 74' lang='lat' dir='ltr'>citantur</span> <span class='ocrx_word' id='word_1_106' title='bbox 846 1692 945 1771; x_wconf 89' lang='grc' dir='ltr'>Ὠρος</span> <span class='ocrx_word' id='word_1_107' title='bbox 973 1693 1022 1756; x_wconf 89' lang='grc' dir='ltr'>καὶ</span> <span class='ocrx_word' id='word_1_108' title='bbox 1045 1694 1263 1759; x_wconf 87' lang='grc' dir='ltr'>Ἀπολλώνιος</span> <span class='ocrx_word' id='word_1_109' title='bbox 1285 1694 1320 1758; x_wconf 87' lang='grc' dir='ltr'>ἐν</span> <span class='ocrx_word' id='word_1_110' title='bbox 1344 1702 1396 1778; x_wconf 82' lang='grc' dir='ltr'>τῷ</span> 
     </span>
     <span class='ocr_line' id='line_1_14' title="bbox 255 1802 1397 1886; baseline -0.003 -19"><span class='ocrx_word' id='word_1_111' title='bbox 255 1804 344 1883; x_wconf 85' lang='grc' dir='ltr'>περὶ</span> <span class='ocrx_word' id='word_1_112' title='bbox 366 1804 632 1882; x_wconf 85' lang='grc' dir='ltr'>παρωνύμων;</span> <span class='ocrx_word' id='word_1_113' title='bbox 670 1825 750 1884; x_wconf 88' lang='lat' dir='ltr'>quae</span> <span class='ocrx_word' id='word_1_114' title='bbox 778 1805 897 1884; x_wconf 87' lang='lat' dir='ltr'>puncto</span> <span class='ocrx_word' id='word_1_115' title='bbox 925 1805 998 1885; x_wconf 89' lang='lat' dir='ltr'>post</span> <span class='ocrx_word' id='word_1_116' title='bbox 1020 1803 1119 1882; x_wconf 86' lang='grc' dir='ltr'>Ὦρος</span> <span class='ocrx_word' id='word_1_117' title='bbox 1146 1802 1250 1886; x_wconf 87' lang='lat' dir='ltr'>posito</span> <span class='ocrx_word' id='word_1_118' title='bbox 1277 1802 1397 1866; x_wconf 88' lang='lat' dir='ltr'>discer-</span> 
     </span>
     <span class='ocr_line' id='line_1_15' title="bbox 256 1911 1395 1994; baseline -0.001 -19"><span class='ocrx_word' id='word_1_119' title='bbox 256 1912 362 1975; x_wconf 85' lang='lat' dir='ltr'>nenda</span> <span class='ocrx_word' id='word_1_120' title='bbox 395 1934 463 1975; x_wconf 89' lang='lat' dir='ltr'>esse</span> <span class='ocrx_word' id='word_1_121' title='bbox 490 1911 639 1975; x_wconf 89' lang='lat' dir='ltr'>Lehrsius</span> <span class='ocrx_word' id='word_1_122' title='bbox 672 1912 752 1974; x_wconf 83' lang='lat' dir='ltr'>vidit</span> <span class='ocrx_word' id='word_1_123' title='bbox 784 1933 816 1994; x_wconf 86' lang='lat' dir='ltr'>p.</span> <span class='ocrx_word' id='word_1_124' title='bbox 840 1911 892 1976; x_wconf 84' lang='grc'>36.</span> <span class='ocrx_word' id='word_1_125' title='bbox 930 1951 973 1961; x_wconf 91' lang='grc'>-</span> <span class='ocrx_word' id='word_1_126' title='bbox 1009 1911 1125 1974; x_wconf 82' lang='lat' dir='ltr'>Errare</span> <span class='ocrx_word' id='word_1_127' title='bbox 1158 1911 1235 1974; x_wconf 88' lang='lat' dir='ltr'>item</span> <span class='ocrx_word' id='word_1_128' title='bbox 1268 1911 1395 1994; x_wconf 87' lang='lat' dir='ltr'>nititur,</span> 
     </span>
     <span class='ocr_line' id='line_1_16' title="bbox 256 2020 1397 2105; baseline 0 -21"><span class='ocrx_word' id='word_1_129' title='bbox 256 2022 399 2105; x_wconf 88' lang='lat' dir='ltr'>quamvis</span> <span class='ocrx_word' id='word_1_130' title='bbox 422 2022 560 2084; x_wconf 88' lang='lat' dir='ltr'>securius</span> <span class='ocrx_word' id='word_1_131' title='bbox 584 2043 603 2084; x_wconf 88' lang='lat' dir='ltr'>a</span> <span class='ocrx_word' id='word_1_132' title='bbox 623 2020 769 2084; x_wconf 78' lang='lat' dir='ltr'>Fabricio</span> <span class='ocrx_word' id='word_1_133' title='bbox 792 2025 974 2105; x_wconf 89' lang='lat' dir='ltr'>susceptum</span> <span class='ocrx_word' id='word_1_134' title='bbox 995 2023 1030 2086; x_wconf 90' lang='lat' dir='ltr'>in</span> <span class='ocrx_word' id='word_1_135' title='bbox 1046 2021 1130 2084; x_wconf 92' lang='lat' dir='ltr'>Bibl.</span> <span class='ocrx_word' id='word_1_136' title='bbox 1154 2043 1203 2105; x_wconf 84' lang='lat' dir='ltr'>gr.</span> <span class='ocrx_word' id='word_1_137' title='bbox 1220 2020 1268 2084; x_wconf 89' lang='lat' dir='ltr'>III</span> <span class='ocrx_word' id='word_1_138' title='bbox 1284 2045 1315 2104; x_wconf 93' lang='lat' dir='ltr'>p.</span> <span class='ocrx_word' id='word_1_139' title='bbox 1333 2022 1397 2086; x_wconf 77' lang='grc'>752</span> 
     </span>
     <span class='ocr_line' id='line_1_17' title="bbox 256 2129 1396 2214; baseline 0 -20"><span class='ocrx_word' id='word_1_140' title='bbox 256 2131 359 2214; x_wconf 87' lang='lat' dir='ltr'>Harl,</span> <span class='ocrx_word' id='word_1_141' title='bbox 390 2131 446 2196; x_wconf 91' lang='lat' dir='ltr'>Ori</span> <span class='ocrx_word' id='word_1_142' title='bbox 473 2132 680 2210; x_wconf 86' lang='grc' dir='ltr'>ὑπόμνημα</span> <span class='ocrx_word' id='word_1_143' title='bbox 708 2132 982 2212; x_wconf 84' lang='grc' dir='ltr'>Λυκόφρονος,</span> <span class='ocrx_word' id='word_1_144' title='bbox 1016 2131 1152 2214; x_wconf 88' lang='lat' dir='ltr'>petitum</span> <span class='ocrx_word' id='word_1_145' title='bbox 1178 2129 1328 2194; x_wconf 85' lang='lat' dir='ltr'>videlicet</span> <span class='ocrx_word' id='word_1_146' title='bbox 1356 2153 1396 2194; x_wconf 84' lang='lat' dir='ltr'>ex</span> 
     </span>
     <span class='ocr_line' id='line_1_18' title="bbox 255 2240 1396 2324; baseline 0.004 -21"><span class='ocrx_word' id='word_1_147' title='bbox 255 2241 362 2324; x_wconf 79' lang='lat' dir='ltr'>Etym.</span> <span class='ocrx_word' id='word_1_148' title='bbox 380 2240 424 2303; x_wconf 89' lang='lat' dir='ltr'>M.</span> <span class='ocrx_word' id='word_1_149' title='bbox 441 2263 473 2324; x_wconf 90' lang='lat' dir='ltr'>p.</span> <span class='ocrx_word' id='word_1_150' title='bbox 490 2241 563 2322; x_wconf 88' lang='grc'><strong>298,</strong></span> <span class='ocrx_word' id='word_1_151' title='bbox 580 2242 622 2304; x_wconf 89' lang='grc'>30</span> <span class='ocrx_word' id='word_1_152' title='bbox 637 2241 741 2304; x_wconf 87' lang='lat' dir='ltr'>verbis</span> <span class='ocrx_word' id='word_1_153' title='bbox 757 2241 879 2307; x_wconf 82' lang='grc' dir='ltr'>Εἰλενία</span> <span class='ocrx_word' id='word_1_154' title='bbox 901 2242 970 2306; x_wconf 88' lang='lat' dir='ltr'>voci</span> <span class='ocrx_word' id='word_1_155' title='bbox 992 2242 1026 2308; x_wconf 89' lang='lat' dir='ltr'>in</span> <span class='ocrx_word' id='word_1_156' title='bbox 1049 2241 1113 2304; x_wconf 88' lang='lat' dir='ltr'>fine</span> <span class='ocrx_word' id='word_1_157' title='bbox 1133 2240 1335 2323; x_wconf 87' lang='lat' dir='ltr'>subscriptis:</span> <span class='ocrx_word' id='word_1_158' title='bbox 1358 2242 1396 2307; x_wconf 86' lang='grc' dir='ltr'>ἐν</span> 
     </span>
     <span class='ocr_line' id='line_1_19' title="bbox 255 2350 1396 2434; baseline -0.001 -19"><span class='ocrx_word' id='word_1_159' title='bbox 255 2352 454 2431; x_wconf 76' lang='grc' dir='ltr'>ὑποιίνήματι</span> <span class='ocrx_word' id='word_1_160' title='bbox 477 2352 697 2432; x_wconf 88' lang='grc' dir='ltr'>Λυκόφρονος.</span> <span class='ocrx_word' id='word_1_161' title='bbox 719 2352 827 2431; x_wconf 84' lang='grc' dir='ltr'>Ὦρος.</span> <span class='ocrx_word' id='word_1_162' title='bbox 860 2351 1018 2415; x_wconf 86' lang='lat' dir='ltr'>Fraudem</span> <span class='ocrx_word' id='word_1_163' title='bbox 1040 2351 1165 2434; x_wconf 86' lang='lat' dir='ltr'>apemit</span> <span class='ocrx_word' id='word_1_164' title='bbox 1187 2350 1396 2415; x_wconf 87' lang='lat' dir='ltr'>Valckenari-</span> 
     </span>
     <span class='ocr_line' id='line_1_20' title="bbox 254 2461 1397 2546; baseline 0.001 -21"><span class='ocrx_word' id='word_1_165' title='bbox 254 2485 291 2526; x_wconf 91' lang='lat' dir='ltr'>us</span> <span class='ocrx_word' id='word_1_166' title='bbox 312 2462 474 2526; x_wconf 88' lang='lat' dir='ltr'>Diatribes</span> <span class='ocrx_word' id='word_1_167' title='bbox 495 2462 529 2524; x_wconf 90' lang='lat' dir='ltr'>in</span> <span class='ocrx_word' id='word_1_168' title='bbox 550 2461 662 2544; x_wconf 85' lang='lat' dir='ltr'>Eurip.</span> <span class='ocrx_word' id='word_1_169' title='bbox 685 2485 717 2546; x_wconf 90' lang='lat' dir='ltr'>p.</span> <span class='ocrx_word' id='word_1_170' title='bbox 733 2462 806 2544; x_wconf 88' lang='grc'><strong>291,</strong></span> <span class='ocrx_word' id='word_1_171' title='bbox 831 2484 1022 2546; x_wconf 90' lang='lat' dir='ltr'>quamquam</span> <span class='ocrx_word' id='word_1_172' title='bbox 1044 2483 1086 2525; x_wconf 90' lang='lat' dir='ltr'>ne</span> <span class='ocrx_word' id='word_1_173' title='bbox 1106 2462 1174 2544; x_wconf 89' lang='lat' dir='ltr'>ipse</span> <span class='ocrx_word' id='word_1_174' title='bbox 1197 2461 1334 2544; x_wconf 86' lang='lat' dir='ltr'>quidem,</span> <span class='ocrx_word' id='word_1_175' title='bbox 1358 2465 1397 2526; x_wconf 92' lang='lat' dir='ltr'>ut</span> 
     </span>
     <span class='ocr_line' id='line_1_21' title="bbox 255 2571 1396 2654; baseline 0.002 -20"><span class='ocrx_word' id='word_1_176' title='bbox 255 2577 274 2652; x_wconf 66' lang='grc' dir='ltr'>ξ</span> <span class='ocrx_word' id='word_1_177' title='bbox 300 2572 338 2634; x_wconf 88' lang='grc'>12</span> <span class='ocrx_word' id='word_1_178' title='bbox 367 2573 491 2654; x_wconf 89' lang='lat' dir='ltr'>monui,</span> <span class='ocrx_word' id='word_1_179' title='bbox 520 2595 637 2650; x_wconf 84' lang='lat' dir='ltr'>vacuus</span> <span class='ocrx_word' id='word_1_180' title='bbox 660 2593 775 2636; x_wconf 86' lang='lat' dir='ltr'>errore.</span> <span class='ocrx_word' id='word_1_181' title='bbox 805 2611 847 2622; x_wconf 83' lang='lat'><em>-</em></span> <span class='ocrx_word' id='word_1_182' title='bbox 881 2571 1003 2636; x_wconf 84' lang='lat' dir='ltr'>Eodem</span> <span class='ocrx_word' id='word_1_183' title='bbox 1024 2571 1175 2634; x_wconf 90' lang='lat' dir='ltr'>nimirum</span> <span class='ocrx_word' id='word_1_184' title='bbox 1198 2571 1265 2634; x_wconf 87' lang='lat' dir='ltr'>iure</span> <span class='ocrx_word' id='word_1_185' title='bbox 1288 2572 1396 2650; x_wconf 86' lang='grc' dir='ltr'>ἐπιμε-</span> 
     </span>
     <span class='ocr_line' id='line_1_22' title="bbox 254 2681 1395 2766; baseline -0.003 -19"><span class='ocrx_word' id='word_1_186' title='bbox 254 2683 381 2762; x_wconf 87' lang='grc' dir='ltr'>ριςμούς</span> <span class='ocrx_word' id='word_1_187' title='bbox 403 2683 444 2745; x_wconf 88' lang='lat' dir='ltr'>ab</span> <span class='ocrx_word' id='word_1_188' title='bbox 465 2683 529 2746; x_wconf 91' lang='lat' dir='ltr'>Oro</span> <span class='ocrx_word' id='word_1_189' title='bbox 552 2683 687 2766; x_wconf 87' lang='lat' dir='ltr'>scriptos</span> <span class='ocrx_word' id='word_1_190' title='bbox 709 2683 841 2766; x_wconf 85' lang='lat' dir='ltr'>colligas</span> <span class='ocrx_word' id='word_1_191' title='bbox 864 2704 902 2746; x_wconf 84' lang='lat' dir='ltr'>ex</span> <span class='ocrx_word' id='word_1_192' title='bbox 923 2682 1030 2764; x_wconf 82' lang='lat' dir='ltr'>Etym.</span> <span class='ocrx_word' id='word_1_193' title='bbox 1053 2682 1097 2744; x_wconf 89' lang='lat' dir='ltr'>M.</span> <span class='ocrx_word' id='word_1_194' title='bbox 1116 2704 1148 2764; x_wconf 89' lang='lat' dir='ltr'>p.</span> <span class='ocrx_word' id='word_1_195' title='bbox 1163 2681 1236 2760; x_wconf 79' lang='grc'><strong>523,</strong></span> <span class='ocrx_word' id='word_1_196' title='bbox 1254 2681 1306 2762; x_wconf 89' lang='grc'>24,</span> <span class='ocrx_word' id='word_1_197' title='bbox 1328 2703 1395 2744; x_wconf 91' lang='lat' dir='ltr'>ma·</span> 
     </span>
     <span class='ocr_line' id='line_1_23' title="bbox 253 2791 1393 2874; baseline 0.001 -20"><span class='ocrx_word' id='word_1_198' title='bbox 253 2793 319 2856; x_wconf 89' lang='lat' dir='ltr'>iore</span> <span class='ocrx_word' id='word_1_199' title='bbox 342 2792 440 2855; x_wconf 89' lang='lat' dir='ltr'>etiarn</span> <span class='ocrx_word' id='word_1_200' title='bbox 462 2792 497 2861; x_wconf 89' lang='lat' dir='ltr'>in</span> <span class='ocrx_word' id='word_1_201' title='bbox 519 2791 684 2856; x_wconf 86' lang='lat' dir='ltr'>Hecubam</span> <span class='ocrx_word' id='word_1_202' title='bbox 708 2791 870 2874; x_wconf 83' lang='lat' dir='ltr'>Euripidis</span> <span class='ocrx_word' id='word_1_203' title='bbox 894 2792 1169 2856; x_wconf 89' lang='lat' dir='ltr'>commentariose</span> <span class='ocrx_word' id='word_1_204' title='bbox 1191 2814 1224 2874; x_wconf 90' lang='lat' dir='ltr'>p.</span> <span class='ocrx_word' id='word_1_205' title='bbox 1248 2791 1321 2872; x_wconf 87' lang='grc'><strong>293,</strong></span> <span class='ocrx_word' id='word_1_206' title='bbox 1338 2792 1393 2856; x_wconf 78' lang='grc'>47.</span> 
     </span>
    </p>

    <p class='ocr_par' dir='ltr' id='par_1_4' title="bbox 253 2901 1395 3426">
     <span class='ocr_line' id='line_1_24' title="bbox 339 2901 1394 2986; baseline 0 -22"><span class='ocrx_word' id='word_1_207' title='bbox 339 2901 546 2966; x_wconf 86' lang='lat' dir='ltr'>Reconditius</span> <span class='ocrx_word' id='word_1_208' title='bbox 569 2906 627 2984; x_wconf 84' lang='lat' dir='ltr'>est,</span> <span class='ocrx_word' id='word_1_209' title='bbox 651 2902 734 2986; x_wconf 86' lang='lat' dir='ltr'>quod</span> <span class='ocrx_word' id='word_1_210' title='bbox 757 2903 790 2966; x_wconf 91' lang='lat' dir='ltr'>in</span> <span class='ocrx_word' id='word_1_211' title='bbox 813 2903 880 2967; x_wconf 90' lang='lat' dir='ltr'>solo</span> <span class='ocrx_word' id='word_1_212' title='bbox 895 2902 1042 2966; x_wconf 86' lang='lat' dir='ltr'>Gudiano</span> <span class='ocrx_word' id='word_1_213' title='bbox 1065 2905 1168 2966; x_wconf 87' lang='lat' dir='ltr'>exstat</span> <span class='ocrx_word' id='word_1_214' title='bbox 1190 2924 1222 2984; x_wconf 92' lang='lat' dir='ltr'>p.</span> <span class='ocrx_word' id='word_1_215' title='bbox 1239 2901 1312 2983; x_wconf 83' lang='lat'><strong>342,</strong></span> <span class='ocrx_word' id='word_1_216' title='bbox 1335 2902 1394 2966; x_wconf 81' lang='lat'>35:</span> 
     </span>
     <span class='ocr_line' id='line_1_25' title="bbox 255 3012 1395 3094; baseline -0.002 -18"><span class='ocrx_word' id='word_1_217' title='bbox 255 3014 370 3093; x_wconf 90' lang='grc' dir='ltr'>Κράδη,</span> <span class='ocrx_word' id='word_1_218' title='bbox 393 3012 412 3090; x_wconf 88' lang='grc' dir='ltr'>ἡ</span> <span class='ocrx_word' id='word_1_219' title='bbox 435 3017 520 3090; x_wconf 85' lang='grc' dir='ltr'>ςυκῆ,</span> <span class='ocrx_word' id='word_1_220' title='bbox 543 3015 595 3077; x_wconf 88' lang='grc' dir='ltr'>διὰ</span> <span class='ocrx_word' id='word_1_221' title='bbox 616 3015 656 3077; x_wconf 88' lang='grc' dir='ltr'>τὸ</span> <span class='ocrx_word' id='word_1_222' title='bbox 678 3017 819 3093; x_wconf 85' lang='grc' dir='ltr'>ςυνεχῶς</span> <span class='ocrx_word' id='word_1_223' title='bbox 841 3013 1067 3092; x_wconf 86' lang='grc' dir='ltr'>κραδαίνεςθαι.</span> <span class='ocrx_word' id='word_1_224' title='bbox 1113 3012 1227 3091; x_wconf 88' lang='grc' dir='ltr'>Ὦρος</span> <span class='ocrx_word' id='word_1_225' title='bbox 1249 3017 1300 3094; x_wconf 83' lang='grc' dir='ltr'>τῷ</span> <span class='ocrx_word' id='word_1_226' title='bbox 1325 3012 1395 3090; x_wconf 87' lang='grc' dir='ltr'>Θη-</span> 
     </span>
     <span class='ocr_line' id='line_1_26' title="bbox 255 3121 1395 3206; baseline 0 -20"><span class='ocrx_word' id='word_1_227' title='bbox 255 3123 432 3206; x_wconf 81' lang='grc' dir='ltr'>ριππίδῃ·</span> <span class='ocrx_word' id='word_1_228' title='bbox 455 3123 517 3187; x_wconf 83' lang='grc' dir='ltr'>ἔςτι</span> <span class='ocrx_word' id='word_1_229' title='bbox 540 3125 644 3203; x_wconf 86' lang='grc' dir='ltr'>πατὴρ</span> <span class='ocrx_word' id='word_1_230' title='bbox 666 3124 807 3202; x_wconf 86' lang='grc' dir='ltr'>κύμηνον</span> <span class='ocrx_word' id='word_1_231' title='bbox 830 3125 880 3188; x_wconf 86' lang='grc' dir='ltr'>καὶ</span> <span class='ocrx_word' id='word_1_232' title='bbox 901 3123 1003 3202; x_wconf 89' lang='grc' dir='ltr'>μόνον</span> <span class='ocrx_word' id='word_1_233' title='bbox 1027 3123 1098 3187; x_wconf 83' lang='grc' dir='ltr'>οὐτ’</span> <span class='ocrx_word' id='word_1_234' title='bbox 1126 3121 1294 3202; x_wconf 85' lang='grc' dir='ltr'>ἀρηχεύων</span> <span class='ocrx_word' id='word_1_235' title='bbox 1316 3121 1395 3186; x_wconf 88' lang='grc' dir='ltr'>τοὺς</span> 
     </span>
     <span class='ocr_line' id='line_1_27' title="bbox 253 3231 1395 3316; baseline -0.004 -18"><span class='ocrx_word' id='word_1_236' title='bbox 253 3234 392 3298; x_wconf 90' lang='grc' dir='ltr'>θαλλοὺς</span> <span class='ocrx_word' id='word_1_237' title='bbox 413 3236 479 3298; x_wconf 84' lang='grc' dir='ltr'>τῶν</span> <span class='ocrx_word' id='word_1_238' title='bbox 501 3237 638 3313; x_wconf 85' lang='grc' dir='ltr'>κραδῶν.</span> <span class='ocrx_word' id='word_1_239' title='bbox 674 3231 718 3296; x_wconf 87' lang='lat' dir='ltr'>Vt</span> <span class='ocrx_word' id='word_1_240' title='bbox 740 3232 877 3314; x_wconf 88' lang='lat' dir='ltr'>mittam,</span> <span class='ocrx_word' id='word_1_241' title='bbox 902 3253 982 3316; x_wconf 88' lang='lat' dir='ltr'>quae</span> <span class='ocrx_word' id='word_1_242' title='bbox 1004 3232 1155 3296; x_wconf 87' lang='lat' dir='ltr'>hariolari</span> <span class='ocrx_word' id='word_1_243' title='bbox 1177 3231 1279 3314; x_wconf 86' lang='lat' dir='ltr'>possis</span> <span class='ocrx_word' id='word_1_244' title='bbox 1302 3253 1395 3314; x_wconf 86' lang='lat' dir='ltr'>prae-</span> 
     </span>
     <span class='ocr_line' id='line_1_28' title="bbox 254 3341 1293 3426; baseline 0.002 -22"><span class='ocrx_word' id='word_1_245' title='bbox 254 3347 403 3425; x_wconf 87' lang='lat' dir='ltr'>terrem,</span> <span class='ocrx_word' id='word_1_246' title='bbox 427 3342 462 3407; x_wconf 93' lang='lat' dir='ltr'>in</span> <span class='ocrx_word' id='word_1_247' title='bbox 485 3343 634 3406; x_wconf 83' lang='lat' dir='ltr'>extremis</span> <span class='ocrx_word' id='word_1_248' title='bbox 657 3364 804 3406; x_wconf 88' lang='lat' dir='ltr'>versuum</span> <span class='ocrx_word' id='word_1_249' title='bbox 826 3342 964 3426; x_wconf 83' lang='lat' dir='ltr'>vestigia</span> <span class='ocrx_word' id='word_1_250' title='bbox 986 3341 1084 3406; x_wconf 88' lang='lat' dir='ltr'>habes</span> <span class='ocrx_word' id='word_1_251' title='bbox 1106 3343 1293 3406; x_wconf 83' lang='lat' dir='ltr'>manifesta:</span> 
     </span>
    </p>
   </div>
   <div class='ocr_carea' id='block_1_3' title="bbox 405 3505 1292 3695">
    <p class='ocr_par' dir='ltr' id='par_1_5' title="bbox 405 3505 1292 3695">
     <span class='ocr_line' id='line_1_29' title="bbox 405 3505 1292 3584; baseline 0 -16"><span class='ocrx_word' id='word_1_252' title='bbox 405 3505 486 3570; x_wconf 82' lang='grc' dir='ltr'>ἔςτιν</span> <span class='ocrx_word' id='word_1_253' title='bbox 509 3506 613 3584; x_wconf 86' lang='grc' dir='ltr'>πατὴρ</span> <span class='ocrx_word' id='word_1_254' title='bbox 634 3506 765 3584; x_wconf 84' lang='grc' dir='ltr'>κύμινον</span> <span class='ocrx_word' id='word_1_255' title='bbox 789 3553 1214 3568; x_wconf 89' lang='lat'><strong>...............</strong></span> <span class='ocrx_word' id='word_1_256' title='bbox 1285 3551 1292 3568; x_wconf 94' lang='lat'><strong>.</strong></span> 
     </span>
     <span class='ocr_line' id='line_1_30' title="bbox 405 3615 1217 3695; baseline -0.001 -17"><span class='ocrx_word' id='word_1_257' title='bbox 405 3617 550 3693; x_wconf 92' lang='grc' dir='ltr'>μονονοὺ</span> <span class='ocrx_word' id='word_1_258' title='bbox 571 3617 749 3695; x_wconf 85' lang='grc' dir='ltr'>ταριχεύων</span> <span class='ocrx_word' id='word_1_259' title='bbox 777 3635 811 3680; x_wconf 90' lang='grc' dir='ltr'>τε</span> <span class='ocrx_word' id='word_1_260' title='bbox 833 3615 972 3680; x_wconf 79' lang='grc' dir='ltr'>θαλλοῦ(</span> <span class='ocrx_word' id='word_1_261' title='bbox 994 3619 1060 3680; x_wconf 84' lang='grc' dir='ltr'>τῶν</span> <span class='ocrx_word' id='word_1_262' title='bbox 1081 3619 1217 3694; x_wconf 88' lang='grc' dir='ltr'>κραδῶν.</span> 
     </span>
    </p>
   </div>
   <div class='ocr_carea' id='block_1_4' title="bbox 200 3751 1393 4418">
    <p class='ocr_par' dir='ltr' id='par_1_6' title="bbox 200 3751 1393 4418">
     <span class='ocr_line' id='line_1_31' title="bbox 253 3751 1393 3868; baseline 0 -22"><span class='ocrx_word' id='word_1_263' title='bbox 253 3783 457 3847; x_wconf 80' lang='lat' dir='ltr'>Comoediam</span> <span class='ocrx_word' id='word_1_264' title='bbox 489 3751 664 3868; x_wconf 84' lang='lat' dir='ltr'>significari</span> <span class='ocrx_word' id='word_1_265' title='bbox 699 3784 896 3864; x_wconf 82' lang='grc' dir='ltr'>Θηριππίδης</span> <span class='ocrx_word' id='word_1_266' title='bbox 928 3783 1117 3865; x_wconf 87' lang='lat' dir='ltr'>inscriptam</span> <span class='ocrx_word' id='word_1_267' title='bbox 1150 3783 1184 3845; x_wconf 92' lang='lat' dir='ltr'>in</span> <span class='ocrx_word' id='word_1_268' title='bbox 1221 3783 1393 3864; x_wconf 84' lang='lat' dir='ltr'>propatulo</span> 
     </span>
     <span class='ocr_line' id='line_1_32' title="bbox 252 3891 1393 3974; baseline -0.001 -18"><span class='ocrx_word' id='word_1_269' title='bbox 252 3897 311 3956; x_wconf 89' lang='lat' dir='ltr'>est.</span> <span class='ocrx_word' id='word_1_270' title='bbox 357 3892 490 3968; x_wconf 81' lang='lat' dir='ltr'>Qualem</span> <span class='ocrx_word' id='word_1_271' title='bbox 514 3914 585 3957; x_wconf 90' lang='lat' dir='ltr'>cum</span> <span class='ocrx_word' id='word_1_272' title='bbox 607 3893 735 3957; x_wconf 87' lang='lat' dir='ltr'>aliunde</span> <span class='ocrx_word' id='word_1_273' title='bbox 758 3894 900 3958; x_wconf 88' lang='lat' dir='ltr'>norimus</span> <span class='ocrx_word' id='word_1_274' title='bbox 922 3893 1055 3974; x_wconf 84' lang='lat' dir='ltr'>nullam,</span> <span class='ocrx_word' id='word_1_275' title='bbox 1084 3891 1165 3956; x_wconf 90' lang='lat' dir='ltr'>nihil</span> <span class='ocrx_word' id='word_1_276' title='bbox 1188 3895 1297 3955; x_wconf 88' lang='lat' dir='ltr'>tamen</span> <span class='ocrx_word' id='word_1_277' title='bbox 1320 3913 1393 3974; x_wconf 90' lang='lat' dir='ltr'>pro-</span> 
     </span>
     <span class='ocr_line' id='line_1_33' title="bbox 251 4003 1392 4088; baseline -0.002 -22"><span class='ocrx_word' id='word_1_278' title='bbox 251 4004 322 4086; x_wconf 90' lang='lat' dir='ltr'>pius</span> <span class='ocrx_word' id='word_1_279' title='bbox 356 4003 466 4066; x_wconf 88' lang='lat' dir='ltr'>abesse</span> <span class='ocrx_word' id='word_1_280' title='bbox 500 4027 518 4066; x_wconf 85' lang='lat' dir='ltr'>a</span> <span class='ocrx_word' id='word_1_281' title='bbox 547 4003 775 4086; x_wconf 86' lang='lat' dir='ltr'>probabilitate</span> <span class='ocrx_word' id='word_1_282' title='bbox 803 4004 943 4086; x_wconf 84' lang='lat' dir='ltr'>videtur,</span> <span class='ocrx_word' id='word_1_283' title='bbox 978 4026 1072 4088; x_wconf 89' lang='lat' dir='ltr'>quam</span> <span class='ocrx_word' id='word_1_284' title='bbox 1106 4003 1145 4066; x_wconf 89' lang='lat' dir='ltr'>de</span> <span class='ocrx_word' id='word_1_285' title='bbox 1177 4005 1271 4086; x_wconf 91' lang='lat' dir='ltr'>poeta</span> <span class='ocrx_word' id='word_1_286' title='bbox 1305 4003 1392 4086; x_wconf 82' lang='lat' dir='ltr'>cogi-</span> 
     </span>
     <span class='ocr_line' id='line_1_34' title="bbox 200 4112 1392 4197; baseline 0.004 -25"><span class='ocrx_word' id='word_1_287' title='bbox 200 4125 233 4172; x_wconf 79' lang='grc' dir='ltr'>ιο</span> <span class='ocrx_word' id='word_1_288' title='bbox 251 4117 335 4194; x_wconf 84' lang='lat' dir='ltr'>tare,</span> <span class='ocrx_word' id='word_1_289' title='bbox 374 4113 462 4176; x_wconf 88' lang='lat' dir='ltr'>cuius</span> <span class='ocrx_word' id='word_1_290' title='bbox 490 4135 545 4177; x_wconf 90' lang='lat' dir='ltr'>cur</span> <span class='ocrx_word' id='word_1_291' title='bbox 572 4135 689 4177; x_wconf 89' lang='lat' dir='ltr'>nomen</span> <span class='ocrx_word' id='word_1_292' title='bbox 717 4114 932 4196; x_wconf 86' lang='lat' dir='ltr'>interciderit,</span> <span class='ocrx_word' id='word_1_293' title='bbox 964 4114 999 4176; x_wconf 91' lang='lat' dir='ltr'>in</span> <span class='ocrx_word' id='word_1_294' title='bbox 1026 4115 1096 4197; x_wconf 90' lang='lat' dir='ltr'>ipsa</span> <span class='ocrx_word' id='word_1_295' title='bbox 1123 4113 1221 4193; x_wconf 88' lang='grc' dir='ltr'>Ὦρος</span> <span class='ocrx_word' id='word_1_296' title='bbox 1249 4112 1392 4176; x_wconf 89' lang='lat' dir='ltr'>nominis</span> 
     </span>
     <span class='ocr_line' id='line_1_35' title="bbox 251 4221 1393 4308; baseline 0.002 -23"><span class='ocrx_word' id='word_1_297' title='bbox 251 4223 369 4286; x_wconf 86' lang='lat' dir='ltr'>vicinia</span> <span class='ocrx_word' id='word_1_298' title='bbox 386 4245 497 4288; x_wconf 84' lang='lat' dir='ltr'>caussa</span> <span class='ocrx_word' id='word_1_299' title='bbox 513 4228 671 4288; x_wconf 86' lang='lat' dir='ltr'>cernatur.</span> <span class='ocrx_word' id='word_1_300' title='bbox 701 4222 748 4288; x_wconf 94' lang='lat' dir='ltr'>Vt</span> <span class='ocrx_word' id='word_1_301' title='bbox 762 4224 808 4288; x_wconf 91' lang='lat' dir='ltr'>sic</span> <span class='ocrx_word' id='word_1_302' title='bbox 830 4227 940 4308; x_wconf 91' lang='lat' dir='ltr'>putem</span> <span class='ocrx_word' id='word_1_303' title='bbox 962 4222 1174 4307; x_wconf 82' lang='lat' dir='ltr'>redintegrari</span> <span class='ocrx_word' id='word_1_304' title='bbox 1190 4221 1393 4287; x_wconf 86' lang='lat' dir='ltr'>Gudianum:</span> 
     </span>
     <span class='ocr_line' id='line_1_36' title="bbox 251 4331 1393 4418; baseline -0.001 -20"><span class='ocrx_word' id='word_1_305' title='bbox 251 4370 293 4382; x_wconf 91' lang='lat'><em>-</em></span> <span class='ocrx_word' id='word_1_306' title='bbox 323 4334 549 4413; x_wconf 85' lang='grc' dir='ltr'>κραδαίνεςθαι.</span> <span class='ocrx_word' id='word_1_307' title='bbox 581 4335 687 4414; x_wconf 91' lang='grc' dir='ltr'>Ὠρος.</span> <span class='ocrx_word' id='word_1_308' title='bbox 725 4335 1024 4414; x_wconf 87' lang='grc' dir='ltr'>Ἀπολλόδωρος</span> <span class='ocrx_word' id='word_1_309' title='bbox 1053 4335 1088 4399; x_wconf 82' lang='grc' dir='ltr'>ἐν</span> <span class='ocrx_word' id='word_1_310' title='bbox 1116 4339 1161 4418; x_wconf 83' lang='grc' dir='ltr'>τῷ</span> <span class='ocrx_word' id='word_1_311' title='bbox 1191 4331 1393 4418; x_wconf 84' lang='grc' dir='ltr'>Θηριππίδῃ·</span> 
     </span>
    </p>
   </div>
   <div class='ocr_carea' id='block_1_5' title="bbox 1577 4921 1583 5060">
    <p class='ocr_par' dir='ltr' id='par_1_7' title="bbox 1577 4909 1583 5060">
     <span class='ocr_line' id='line_1_37' title="bbox 1577 4921 1583 5060; baseline 0 0"><span class='ocrx_word' id='word_1_312' title='bbox 1577 4921 1583 5060; x_wconf 86' lang='lat' dir='ltr'>l</span> 
     </span>
    </p>
   </div>
   <div class='ocr_carea' id='block_1_6' title="bbox 0 0 1614 5094">
    <p class='ocr_par' dir='ltr' id='par_1_8' title="bbox 0 0 1614 5094">
     <span class='ocr_line' id='line_1_38' title="bbox 0 0 1614 5094; baseline 0 2"><span class='ocrx_word' id='word_1_313' title='bbox 0 0 1614 5094; x_wconf 95' lang='lat' dir='ltr'> </span> 
     </span>
    </p>
   </div>
  </div>
 </body>
</html>
