3184 5100
586 365 746 416 sessore
770 365 943 416 carneas.
1276 349 1339 416 735

195 541 224 584 v.
257 519 318 584 746
349 515 434 607 [759]
470 521 596 587 πίπτειν
628 521 766 602 βαρείαις
794 522 877 600 πρὸ(
904 522 1116 605 δυεπραξίαπ,
1152 523 1184 584 et
1201 542 1340 584 ,rursum

194 630 385 694 Prometheo
407 653 436 694 v.
467 631 528 694 928
553 629 638 717 [930]
668 633 800 696 πταίεαε
826 637 910 716 τῷδε
937 634 1018 713 πρὸ(
1041 640 1127 716 κακῷ
1151 635 1183 694 et
1211 630 1340 694 Electra

80 787 82 791 -
195 739 361 823 Sophoclis
384 762 414 804 v.
441 740 523 804 1029
545 739 655 804 Herm.
682 738 788 828 [1040]
815 742 994 821 πρόεκειεαι
1021 749 1125 826 κακῷ,
1152 741 1230 806 item
1257 741 1340 824 apud

194 849 370 915 Pindarum
395 848 446 937 [fr.
473 851 534 916 188
554 849 688 939 Bergk]
713 851 796 932 ἀρχὰ
819 853 958 930 μεγάλα(
980 852 1095 932 ἀρετᾶς
1123 852 1242 918 ὤναε(’
1266 852 1341 916 ἀλά-

195 967 279 1042 dero,
303 963 343 1041 μὴ
367 961 497 1047 πταίεῃ(
520 961 599 1039 ἐμὰν
621 963 763 1028 <dudeco
784 965 895 1042 τραχεῖ
915 963 990 1027 ποτὶ
1012 962 1139 1042 ψεύδει,
1167 983 1249 1046 quae
1277 983 1340 1025 ser-

197 1071 284 1134 vavit
306 1071 461 1135 Stobaeus
484 1072 568 1135 l'lor.
592 1070 649 1153 Xl,
677 1071 714 1137 3:
742 1071 789 1135 ita
815 1071 895 1136 nihil
924 1071 1073 1155 impedit,
1098 1072 1265 1156 quominus
1288 1072 1341 1136 ho-

196 1181 313 1243 minem
336 1180 527 1244 desidiosum
550 1181 690 1244 dixerint
718 1181 808 1265 quasi
831 1181 922 1265 affigi
944 1181 1025 1262 otio²
1051 1183 1239 1261 (τηρίζεεθαι
1260 1184 1342 1263 πρὸ(

196 1290 327 1374 ἀγωνίῳ
356 1295 470 1376 (χολῇ,
503 1291 651 1356 traducta
684 1291 827 1376 imagine
860 1292 901 1354 ab
936 1313 969 1355 re
1002 1313 1082 1375 quae
1116 1291 1261 1356 sensibus
1294 1296 1343 1356 est

196 1401 388 1486 subiecta.*)
412 1401 491 1467 Cum
513 1407 626 1485 quarto
650 1424 725 1467 casu
746 1402 880 1466 eandem
896 1401 1057 1485 copulavit
1072 1402 1342 1486 praepositionem

196 1510 365 1594 Euripides
393 1511 512 1576 Bacch.
541 1535 571 1576 v.
599 1512 694 1576 1080:
723 1513 805 1594 πρὸς
832 1513 976 1592 οὐρανὸν
1004 1513 1054 1576 καί
1082 1516 1176 1588 γαῖαν
1206 1513 1341 1593 ἐπτήριῑε

196 1627 268 1702 φῶ(
297 1627 415 1701 (εμνοῦ
437 1623 540 1701 πυρόε
547 1672 556 1706 ,
591 1643 686 1706 quem
718 1643 843 1686 versum
870 1643 936 1686 non
964 1621 1181 1705 praetermisit
1206 1621 1341 1686 Valcke-

116 1719 119 1724 ’
196 1732 305 1795 narius
334 1732 375 1795 ad
405 1731 573 1816 Hippolyti
601 1755 630 1796 v.
662 1733 753 1796 1200.
778 1769 820 1780 -
842 1731 990 1797 Ceterum
1012 1732 1190 1815 Aeschylus
1219 1754 1342 1816 quoque

196 1841 259 1906 ista
285 1845 375 1908 ποτί
406 1843 510 1906 forma
546 1865 620 1906 usus
649 1845 697 1906 est
724 1842 936 1926 compluriens
966 1843 1042 1926 [sive
1070 1865 1210 1907 seorsum
1238 1844 1342 1927 posita

196 1953 263 2016 sive
295 1953 478 2036 compositis
511 1951 685 2035 adhibito,
722 1956 760 2016 ut
792 1953 927 2017 Idumen.
967 1953 1017 2017 79.
1054 1954 1114 2018 108
1147 1953 1212 2037 [82.
1252 1953 1341 2040 176];

197 2061 302 2126 Prom.
341 2063 404 2127 528
434 2061 542 2150 [531];
580 2061 690 2145 Suppl.
726 2063 787 2127 357
826 2061 937 2150 [34713
975 2062 1104 2146 Septem
1143 2063 1183 2126 ad
1215 2062 1341 2128 Thebas

92 2267 95 2274 Ι
196 2173 271 2237 277.
294 2173 367 2236 328.

748 2373 858 2380 .-—-—-

283 2544 322 2610 In
345 2545 472 2630 eadem,
504 2535 598 2630 duam
631 2545 743 2612 ultimo
777 2546 846 2610 loco
877 2547 961 2630 dixi,
1004 2547 1196 2631 Aeschyli
1232 2546 1343 2612 fabula

198 2653 404 2741 Thebana,
437 2660 474 2720 ut
502 2657 566 2720 iam
594 2649 743 2721 adalind
771 2679 872 2742 genus
895 2657 1050 2722 deducam
1072 2657 1266 2742 orationem,
1295 2656 1342 2721 sic

198 2769 293 2848 poeta
315 2766 395 2830 facit
418 2766 548 2830 chorum
571 2768 804 2832 exclamantem
825 2790 855 2832 v.
879 2768 941 2833 807
965 2790 1032 2854 sqq.
1043 2790 1056 2832 :·

350 2912 491 2994 πότερον
513 2914 614 2994 χαίρω
637 2913 849 2982 κάπολολύξω

401 3024 530 3090 πόλεως
552 3024 677 3090 &ervei
699 3027 858 3108 (ωτῆρι,

350 3133 369 3212 ἢ
391 3135 466 3199 τοὺ(
489 3135 646 3215 μογεροὺς
668 3137 718 3199 καί
739 3135 951 3213 δυεδαίμοναε

401 3244 556 3311 ἀτέκνου(
577 3245 704 3310 alodem
726 3245 962 3328 uoleudpxac3

199 3385 247 3450 sic
279 3385 365 3452 enim
397 3386 432 3452 in
465 3387 624 3473 plerisque
653 3388 744 3453 libris
776 3409 851 3452 mss.
882 3387 991 3471 [etiam
1017 3387 1174 3474 Mediceo]
1212 3388 1340 3474 legitur,

200 3500 295 3582 atque
318 3497 522 3562 adsciversurt
544 3498 690 3563 editores.
729 3497 888 3582 Aquibus
904 3502 937 3562 et
956 3519 1067 3563 sensus
1088 3521 1177 3562 meus
1199 3502 1232 3562 et
1252 3521 1343 3562 mens

199 3606 291 3671 valde
319 3607 490 3692 discrepat.
535 3607 620 3674 Nam
651 3612 688 3673 ut
717 3609 755 3672 de
784 3609 964 3672 sententiae
986 3608 1017 3672 vi
1039 3631 1237 3692 quaeramus,
1272 3609 1342 3693 quis

200 3717 330 3782 tandem
353 3721 402 3784 est
423 3719 477 3783 ille
500 3719 608 3800 ἀεινὴε
630 3717 759 3799 εωτήρῖ
780 3718 908 3802 quando
929 3740 990 3782 nec
1004 3718 1159 3784 innocens
1174 3740 1235 3783 neo
1256 3719 1342 3783 illae-

200 3849 253 3892 sus
280 3831 424 3894 seruator
452 3831 503 3893 vel
530 3829 678 3895 Eteocles
706 3831 812 3913 potest
838 3829 888 3892 vel
916 3828 1061 3914 luppiter
1088 3829 1259 3913 appellari,
1292 3831 1343 3893 uel

201 3938 284 4004 cives
306 3937 453 4004 Thebani
483 3943 619 4024 possunt
650 3939 704 4024 qui
734 3961 772 4002 ex
799 3960 909 4023 pugna
937 3939 1177 4022 superfuerunt:
1211 3939 1343 4023 pluralis

200 4049 286 4112 enim
307 4071 458 4114 numerus
479 4050 540 4114 hoc
561 4052 658 4133 pacto
679 4049 851 4134 requiritur
872 4049 1062 4112 necessario.
1108 4049 1238 4114 Scilicet
1260 4055 1343 4116 dom-

268 4303 292 4373 *)
318 4301 398 4374 [Huic
416 4302 599 4374 disputationi
621 4303 690 4360 nihil
711 4301 794 4362 hodie
812 4301 902 4362 habeo
922 4301 997 4373 quod
1015 4301 1129 4374 addam,
1154 4304 1207 4383 uisi
1232 4325 1280 4364 eos
1298 4323 1342 4362 rue

201 4413 296 4452 omnes
315 4397 446 4452 demirari
465 4399 512 4465 qui
534 4403 605 4456 ποτὲ
623 4399 819 4470 defenderint]
