3184 5100
658 377 819 426 schanan
843 379 1014 426 cultivam

418 567 449 630 εἰ
471 569 511 645 μὴ
534 567 703 646 τυράννων
725 568 865 646 δώμυςιν
887 569 1030 632 άώςειν
1052 567 1142 647 δίκην

418 679 599 757 πέποιθε,
624 677 854 744 κάποκτάςο
876 678 1050 759 κοιράνους
1072 677 1190 758 χθονός

417 789 524 872 ἀθῷος
547 788 625 868 αὐτὴ
648 792 752 855 τῶνδε
775 791 943 871 φεύξεςθάι
965 789 1083 869 δόμων.

266 959 316 1022 lta
344 959 423 1038 αὐτή
451 957 588 1020 refertur
616 957 654 1022 ad
683 958 756 1023 illa:
793 960 958 1025 ἀποκτᾶςα
984 959 1154 1039 κοιράνους
1181 960 1320 1039 χθονός,
1347 959 1412 1023 hac

266 1068 442 1132 sententia:
466 1068 493 1133 εἰ
514 1069 684 1146 πέποιθεν,
708 1069 920 1135 ἀποκτείνοςα
934 1070 1105 1150 κοιράνους
1120 1071 1251 1149 χθονὸς,
1274 1071 1352 1148 αὐτὴ
1366 1073 1409 1150 μὴ

266 1179 519 1245 ἀποκτείνεςθαι·
545 1199 621 1242 nam
647 1179 757 1264 ἀθῷος
783 1180 915 1260 φεύγειν
950 1179 1061 1244 eadem
1082 1181 1143 1243 'est
1170 1179 1201 1242 vi
1229 1177 1411 1263 praeditum

267 1295 362 1374 atquc
385 1293 424 1369 μὴ
448 1288 688 1354 άποκτείνεςθάι
710 1290 758 1353 vel
782 1293 822 1370 μὴ
845 1293 968 1362 θανεῖν;
1001 1291 1097 1374 poeta
1124 1293 1232 1353 autem
1261 1289 1409 1353 varietati

267 1399 421 1466 orationis
451 1398 584 1463 studuit.
630 1398 795 1482 Scn'ptura
826 1403 948 1483 autem,
984 1421 1064 1483 quae
1099 1402 1148 1462 cst
1176 1401 1289 1466 δώςειν
1319 1398 1409 1478 δίκην

267 1513 417 1587 πέποιθε,
446 1511 556 1594 aperte
580 1511 760 1574 contestata
783 1514 831 1574 est
855 1509 1047 1575 scholiastae
1070 1508 1289 1575 adnotatione.
1333 1508 1410 1572 Etc-

233 1637 238 1644 ·
267 1622 335 1685 nim
362 1619 460 1684 verba
487 1619 657 1700 τυράννων
681 1622 819 1700 δώμαςιν
842 1622 955 1688 δώςειν
977 1620 1066 1700 δίκην
1090 1619 1287 1704 cogitatione
1314 1619 1410 1682 simul

268 1729 565 1815 comprehendenda
588 1733 678 1813 suut,
708 1733 743 1793 ut
765 1730 895 1794 valeant
917 1753 974 1814 pro
996 1751 1061 1794 una
1082 1729 1230 1812 notione,
1254 1751 1333 1813 quac
1355 1750 1411 1792 ne-

268 1845 363 1926 gatur
385 1840 560 1925 praemissa
583 1841 623 1920 μή
646 1840 819 1924 particula3
842 1861 922 1925 quae
950 1840 977 1904 si
1000 1862 1019 1904 a
1041 1839 1200 1924 principio
1224 1839 1409 1921 collocatur,

269 1953 420 2016 maiorem
448 1950 513 2014 vim
541 1949 652 2033 habet,
684 1951 834 2036 quoniam
862 1973 958 2036 quae·
971 1953 1180 2015 consecutura
1207 1949 1275 2014 sint
1301 1948 1411 2014 statim

169 2061 176 2082 ⁸
270 2062 448 2146 cogitamus
480 2060 652 2144 negativae
688 2059 807 2126 rationi
843 2082 911 2126 csse
950 2061 1103 2126 subiecta.
1155 2060 1252 2126 Cuius
1283 2058 1412 2144 generis

271 2170 472 2236 commemini
505 2170 684 2253 exemplum
711 2171 927 2236 firmissimum
962 2193 1001 2235 ex
1025 2171 1176 2255 Aeschyli
1206 2169 1336 2254 Septem
1370 2169 1412 2234 ad

270 2281 396 2346 'l'hebus
420 2303 449 2344 v.
477 2279 551 2343 178:

422 2443 544 2521 κείμὴ
567 2463 612 2508 τις
635 2443 734 2524 ἀρχῆς
762 2447 817 2523 τῆς
840 2444 915 2522 ἐμῆς
938 2443 1146 2508 ἀκούςετοιι

273 2631 322 2718 [dc
346 2630 434 2695 cuius
461 2633 571 2694 tumen
598 2651 707 2693 versus
734 2629 921 2714 integritate
944 2651 1010 2692 non
1033 2628 1110 2692 satis
1133 2627 1210 2692 mihi
1233 2650 1321 2692 nuno
1344 2649 1415 2712 per-

272 2764 399 2806 suasum
428 2739 499 2828 estl.
523 2776 565 2787 -
593 2739 761 2822 Explicavi
789 2761 892 2804 meam
918 2739 1179 2823 qualemcumque
1207 2737 1415 2802 sententiam.

272 2853 377 2917 Aliter
399 2851 501 2914 visum
523 2853 572 2913 cst
594 2849 752 2934 Reisigio,
782 2849 820 2913 de
845 2849 931 2914 cuius
955 2847 1178 2914 emendatione
1201 2848 1338 2914 liberum
1360 2849 1417 2912 uni

273 2961 384 3045 cuique
407 2959 558 3023 iudicium
582 2963 660 3023 esto.
705 2959 765 3024 Est
794 2962 900 3023 alutem
922 2959 1017 3024 haec:

425 3139 450 3204 εἰ
472 3141 517 3218 μὴ
541 3141 710 3218 τυράννων
733 3139 872 3217 δώμαςιν
895 3138 1010 3203 δώςει
1033 3137 1132 3215 δίκην.

426 3249 607 3314 πέποιθα.
636 3253 711 3338 πρῡ
734 3248 915 3314 κτείναςα
938 3247 1108 3328 κοιράνους
1130 3247 1250 3327 χθονός

426 3359 535 3444 ἀθῷος
557 3360 635 3439 αὐτὴ
659 3362 764 3424 τῶνδε
786 3357 973 3439 φεύξεται
995 3358 1122 3438 bonav,

274 3537 328 3600 ubi
351 3535 575 3620 praestabilius
604 3539 689 3599 certe
718 3535 815 3599 fuerit
842 3539 899 3600 ποῑ
926 3535 1084 3617 φεύξεται.
1112 3570 1154 3584 »-
1182 3533 1244 3625 Sed
1267 3535 1420 3618 quoniam

275 3647 308 3710 in
324 3645 460 3730 Reisigii
475 3667 584 3710 versor
605 3647 758 3710 memoria
782 3644 971 3726 immortali,
995 3665 1061 3708 non
1076 3645 1239 3728 ingratam
1255 3643 1326 3708 iore
1341 3644 1420 3708 mul-

274 3758 316 3820 tis
345 3755 482 3820 arbitror
510 3756 590 3820 alius
614 3756 776 3820 cuiusdam
799 3753 1032 3820 emendationis
1054 3753 1267 3837 mentionem,
1297 3753 1340 3817 ab
1369 3775 1421 3818 eo-

173 3855 177 3862 ’
275 3867 347 3931 dem
362 3865 524 3930 adhibitae
541 3866 735 3951 Aeschyli
754 3866 787 3930 in
804 3865 964 3948 Septem
980 3864 1026 3928 ad
1041 3863 1197 3928 Thebas
1220 3863 1327 3928 versui
1341 3863 1421 3929 554:

464 4091 474 4115 f
544 4069 669 4083 .....
693 4021 761 4099 χεὶρ
788 4021 820 4083 δ’
844 4019 911 4100 ἐρᾷ
934 4019 971 4082 τὸ
993 4017 1162 4096 δράςιμονε

279 4196 358 4256 quae
388 4195 457 4236 meo
485 4171 612 4256 quidem
639 4171 756 4235 iudicio
788 4169 965 4234 certissima
994 4173 1052 4234 est.
1099 4167 1159 4255 [Dc
1187 4166 1247 4232 hoc
1276 4189 1365 4233 nimo
1388 4169 1426 4234 in

279 4281 474 4346 contrariam
496 4303 546 4345 me
569 4285 693 4366 partem
716 4281 835 4345 sentire
863 4279 1044 4365 significavi
1066 4299 1162 4362 supra
1185 4299 1216 4360 p.
1240 4275 1305 4341 340
1328 4276 1427 4343 huius

277 4392 463 4456 voluminis:
487 4413 678 4476 quamquam
699 4391 738 4454 de
762 4392 834 4474 ὁρᾷ
855 4391 987 4454 minime
1009 4386 1167 4473 persuasit
1188 4385 1425 4476 Hermannual
