3270 5094
665 401 786 458 111111
809 401 972 458 conarer.
1326 387 1389 460 397

257 554 317 626 Vbi
341 585 411 627 cum
426 555 595 648 Bergkius,
620 561 698 626 item
719 559 823 626 deleto
838 563 1001 645 Πέλοπος,
1025 561 1078 626 sed
1095 561 1221 627 servato
1245 585 1316 627 curn
1338 587 1390 630 πω
1410 577 1425 624 v

253 677 322 736 tum
344 674 454 752 εἰπεῖν,
482 673 521 736 de
543 695 601 736 sua
624 672 806 736 coniectura
829 677 950 751 (χῆμα
975 675 1119 751 μέγιετον
1142 673 1285 756 scripsit,
1315 674 1392 737 lecit

254 783 286 846 id
308 783 362 847 ille
384 783 512 867 quidem
539 785 575 846 ut
602 781 781 865 strophicas
809 784 940 846 πώποτε
964 783 1103 868 placeto
1132 782 1271 865 syllabas
1301 805 1391 847 exae-

255 895 385 975 quaret,
419 893 474 956 sed
502 892 639 956 fortasse
668 891 765 956 etiam
798 913 835 954 eo
862 894 967 954 motus
995 893 1043 954 est
1070 890 1152 974 quod
1179 913 1251 956 mox
1281 889 1392 955 ea'dem

254 1002 379 1081 αὔχημα
400 1023 461 1066 vox
483 1000 566 1064 redit
588 1021 617 1064 r.
642 1001 714 1066 713.
759 999 878 1064 Verum
906 1003 962 1064 aut
987 1000 1131 1064 fallimur
1152 1004 1208 1064 aut
1229 1000 1337 1064 dedita
1358 1001 1391 1065 id

254 1132 350 1193 opera
372 1114 467 1194 poeta
490 1111 536 1174 sic
558 1109 709 1192 instituit,
734 1132 795 1194 quo
818 1109 937 1174 maiore
961 1131 1032 1173 cnm
1053 1109 1085 1174 vi
1107 1109 1254 1174 beneficii
1271 1132 1291 1173 a
1306 1110 1391 1194 Nep-

253 1223 332 1283 tuno
361 1221 480 1284 conlati
508 1219 740 1303 praestantiam
769 1219 894 1283 efferret
922 1219 956 1282 in
978 1219 1064 1284 hunc
1091 1219 1235 1283 modum:
1275 1221 1391 1303 ‘splen-

254 1325 586 1394 dorem'Athenarum
607 1330 796 1411 maximum,
826 1329 879 1412 qui
902 1331 951 1393 est
973 1333 1118 1412 equester
1138 1329 1340 1413 navalisque:
1373 1350 1392 1392 0

254 1443 330 1502 nate
353 1437 503 1522 Saturno,
526 1441 595 1502 tute
610 1459 643 1502 es
659 1438 745 1501 enim
767 1438 821 1521 qui
837 1459 874 1501 eo
890 1438 959 1520 ipso
977 1438 1011 1500 in
1033 1437 1201 1520 splendore
1221 1438 1295 1503 illas
1319 1460 1392 1502 eon·

254 1548 433 1612 locaveris!
477 1547 546 1613 Nec
578 1569 636 1631 per
663 1569 696 1610 se
718 1546 796 1610 illud
818 1547 946 1630 placere
969 1552 1069 1627 (χῆμα
1091 1551 1213 1630 potest,
1245 1551 1281 1610 ut
1309 1548 1391 1632 quod

255 1661 310 1720 aut
342 1658 455 1722 misere
488 1658 643 1742 langueat
671 1660 703 1720 et
733 1677 859 1740 prosam
892 1657 997 1739 potius
1028 1657 1206 1720 orationem
1238 1657 1389 1740 redoleat,

255 1769 310 1830 ant
335 1766 376 1830 ad
397 1767 503 1850 specie
519 1767 663 1850 equinae,
688 1766 715 1829 si
734 1765 828 1849 forte,
852 1765 1045 1850 dignitatem
1059 1765 1196 1829 relatum
1219 1769 1304 1830 certe
1326 1789 1391 1831 non

255 1878 401 1957 μέγιετον
424 1877 626 1958 adiectirum,
650 1873 705 1938 sed
728 1875 893 1941 κάλλιετον
913 1875 963 1938 vel
986 1878 1325 1956 μεγαλοπρεπέετατον
1341 1876 1391 1940 vel

255 1985 382 2070 aliquod
404 1987 506 2049 simile
529 1985 589 2049 sibi
611 1984 805 2068 postulabat.
836 1983 931 2048 Fines
955 1989 1061 2049 autem
1082 1985 1256 2050 modestiae
1277 1987 1392 2050 merito

255 2094 463 2159 iudicabimus
485 2094 666 2159 Nauckium
688 2094 876 2176 excessisse,
907 2095 961 2178 qui
983 2095 1112 2178 reliquis
1134 2095 1269 2160 servatis
1292 2095 1391 2160 omni-

254 2203 313 2267 bus
346 2227 426 2288 quae
460 2204 647 2268 convellisse
678 2207 788 2268 nostra
822 2203 1039 2287 disputatione
1067 2204 1225 2287 videmur,
1262 2205 1326 2268 vim
1360 2208 1392 2269 et

253 2335 367 2377 manus
389 2313 660 2377 innocentissimis
683 2313 844 2377 vocabulis
875 2313 1054 2396 eisdemque
1083 2313 1281 2399 gravissimis
1307 2314 1391 2377 intu-

254 2422 303 2506 lit,
326 2422 387 2486 hoc
410 2423 649 2487 emendatorum
671 2422 821 2486 nimirum
836 2445 983 2486 versuum
1006 2423 1150 2505 exemplo
1172 2423 1335 2506 proposito
1357 2424 1389 2486 in

255 2531 431 2615 appendice
454 2532 602 2596 editionis
625 2530 911 2596 Schneidewiniae:

381 2703 454 2766 οὐδ’
477 2701 513 2767 ἐν
536 2701 659 2783 Δωρίδι
682 2703 769 2786 νάεψ
791 2703 943 2768 Πέλοπος
965 2703 1098 2768 πώποτε
1121 2702 1256 2782 βλαετόν

381 2857 489 2932 δῶρον
511 2854 663 2933 δαίμονα(
686 2853 796 2932 εἰπεῖν,
819 2854 1045 2934 μεγαλαύχημα
1066 2855 1220 2933 μέγιετον.

254 3019 336 3095 Quid
365 3021 450 3084 enim
478 3043 595 3105 quaeso
623 3023 729 3106 aptius
752 3022 791 3085 ad
819 3021 1015 3106 singularem
1041 3022 1167 3086 laudem
1190 3022 1390 3087 Athenarum

255 3129 495 3213 declarandam,
530 3155 625 3216 quam
652 3131 687 3194 in
715 3133 826 3194 tantae
854 3130 1086 3215 magnitudinis
1119 3135 1205 3194 terra
1235 3154 1391 3215 nusquam

255 3240 445 3303 naturaliter
472 3240 712 3325 progenitam)
741 3241 880 3305 nobilem
909 3240 1012 3304 oleam
1041 3240 1128 3304 dici?
1165 3245 1221 3304 aut
1248 3242 1320 3325 quid
1350 3242 1391 3306 ad

322 3487 347 3552 *)
359 3485 431 3538 Nam
449 3500 484 3538 ne
502 3483 568 3551 quid
586 3501 669 3551 erres,
688 3485 727 3539 111
739 3485 788 3539 illa
805 3487 835 3539 et
852 3484 1039 3539 construenda
1053 3487 1117 3538 eunt
1135 3487 1163 3539 et
1180 3485 1391 3555 interpretanda

254 3577 422 3631 necessario:
452 3577 514 3631 οἷον
538 3579 663 3642 οὐδαμοί)
693 3579 876 3647 ἀχείρητον
906 3580 1052 3644 βλαετὸν
1081 3596 1151 3632 ποτε
1175 3581 1306 3646 φύτευμα
1327 3582 1390 3634 ἐπα·

255 3672 340 3736 rodus,
367 3669 479 3723 minime
505 3670 544 3724 sic
570 3669 727 3724 divellenda
752 3669 988 3740 interpungendo:
1025 3669 1086 3723 οἷον
1113 3673 1238 3737 οὐδαμοῦ
1271 3674 1391 3738 βλαετόν

255 3767 324 3816 ποτ’
342 3763 484 3828 kunradus,
507 3765 632 3828 φύτευμ’
655 3763 804 3830 ἀχείρητον
827 3763 927 3817 ἐλαίας.
965 3762 1084 3816 Omnino
1102 3763 1176 3816 enim
1200 3765 1228 3818 et
1246 3763 1390 3833 Sophoclis

254 3856 347 3908 aetate
370 3857 399 3908 et
416 3853 464 3907 diu
481 3857 547 3908 ante
566 3855 610 3908 sat
626 3855 737 3923 largum
759 3855 883 3910 olearum
905 3858 1071 3925 proventum
1089 3853 1173 3908 etiam
1191 3861 1303 3924 praeter
1321 3858 1391 3910 Atti·

255 3963 316 4000 cam
338 3946 423 4000 irrisae
446 3947 507 4012 quis
531 3947 574 4000 est
597 3947 644 4014 qui
666 3950 768 4014 neget?
805 3947 859 4002 Sed
882 3950 1019 4002 communi
1042 3949 1131 4001 matre
1149 3947 1243 4001 Attica
1260 3948 1390 4002 oriundas

254 4040 329 4093 fama
347 4039 463 4104 terebat,
482 4057 538 4093 non
557 4041 739 4105 αὐτόχθονας.
762 4071 795 4078 --
817 4041 893 4094 Neve
912 4041 1000 4094 ‘olim’
1023 4040 1115 4110 potius
1134 4057 1216 4107 quam
1237 4049 1390 4106 ‘umquam’

254 4149 317 4184 cnm
335 4132 499 4198 quibusdam
519 4135 588 4185 ποτέ
610 4131 775 4200 particulam
797 4133 995 4202 interpretem,
1016 4133 1201 4202 reputandum
1223 4133 1316 4186 estid
1338 4133 1391 4187 hac

254 4241 321 4278 sane
340 4223 447 4278 ratione
466 4224 524 4278 fieri
541 4224 678 4292 potuisse:
706 4226 767 4278 οἷον
785 4229 881 4279 ἄλλοθι
900 4228 1033 4280 ἐπακούω
1052 4229 1086 4280 οὐ
1106 4228 1226 4292 βλαετόν
1245 4243 1327 4293 ποτε,
1352 4225 1390 4280 111

254 4317 348 4369 autem
366 4317 428 4370 οἷον
446 4319 498 4370 οὐκ
516 4319 650 4371 ἑπακούω
669 4319 766 4371 ἄλλοθί
790 4335 860 4372 ποτε
880 4322 999 4384 βλαετόν
1021 4337 1076 4373 non
1095 4337 1177 4388 posse
1195 4317 1248 4373 nisi
1266 4320 1315 4372 aut
1331 4337 1393 4390 per-

255 4425 335 4461 versa
353 4408 492 4462 sententia
514 4411 563 4463 aut
580 4427 667 4478 prava
685 4411 817 4465 oratione.
