3254 5086
250 360 313 428 518
617 371 665 418 nn
688 367 817 417 comen
838 365 1016 414 vaarurru

252 528 365 593 stratio
395 547 466 590 cum
492 524 685 608 reliquorum
712 521 882 603 librorum,
913 518 1157 585 Ooisliniani
1185 521 1242 605 (0)
1264 521 1391 605 potissi·

251 659 339 702 mum
366 639 399 700 et
419 635 536 719 Regii
564 633 637 718 (D),
670 630 848 698 rationibus
876 629 923 694 ita
951 629 1099 714 copulata
1127 632 1204 715 erIt,
1236 634 1274 695 ut
1294 633 1392 715 plane

253 747 408 830 appareat
428 745 464 808 in
484 744 543 806 hos
564 742 691 806 demum
706 739 829 805 codices
844 759 938 803 verae
953 739 1211 823 interpolationis
1226 741 1392 806 notionem

252 859 285 920 et
305 855 401 919 latius
423 852 565 937 patentis
587 850 737 916 licentiae
761 849 890 931 eadere,
919 871 996 932 prae
1024 871 1087 933 qua
1114 850 1305 916 mediocrem
1326 851 1392 915 rim

252 963 419 1028 Vrbinatis
446 961 573 1026 vitiatio
600 960 719 1024 habeat
753 959 793 1024 ad
822 958 967 1042 singulas
1001 960 1069 1023 fere
1101 981 1194 1024 voces
1226 960 1391 1043 pertinens

251 1075 399 1157 intraque
420 1071 561 1136 modicos
582 1070 663 1134 fines
686 1069 812 1134 levioris
829 1069 1033 1133 correctionis
1056 1069 1241 1134 subsistens.
1277 1068 1392 1146 Quam·

252 1205 347 1268 quam
380 1181 595 1248 Ooislinianus
628 1177 755 1263 quidem
789 1178 927 1243 medium
960 1178 1065 1262 potius
1097 1179 1201 1244 locum
1233 1179 1392 1263 quendam

251 1296 357 1358 tenet:
394 1311 529 1375 quocum
551 1309 616 1354 non
638 1289 744 1352 minua
772 1309 867 1372 saepe
890 1287 1067 1371 scripturae
1089 1289 1311 1374 integritatem
1332 1289 1393 1356 Vr-

252 1403 345 1466 binas
367 1422 463 1484 quam
489 1398 681 1483 pravitatem
703 1397 825 1482 Regius
849 1397 1071 1463 communicet.
1116 1399 1165 1463 De
1192 1399 1392 1482 praestantia

253 1515 359 1575 autem
380 1508 548 1574 Vrbinatis
577 1507 693 1572 codicis
722 1528 794 1570 cum
822 1507 947 1590 loquor,
977 1507 1084 1593 cogito
1107 1507 1145 1571 de
1167 1508 1270 1591 prima
1300 1511 1393 1591 parte

253 1620 508 1704 Antiquitatum,
542 1637 624 1701 quae
652 1615 693 1680 ad
721 1619 817 1698 caput
844 1615 924 1680 XIII
950 1617 1024 1680 libri
1053 1617 1098 1682 VI
1125 1617 1280 1700 pertinet:
1316 1616 1394 1682 hinc

188 1705 193 1714 ⁴
225 1700 230 1712 ¹
254 1730 339 1793 enim
360 1749 521 1792 unacum
543 1747 640 1791 manu
666 1725 791 1791 librarii
818 1726 888 1810 ipsc
915 1726 1037 1790 indoles
1065 1726 1241 1810 scriptruae
1268 1729 1393 1791 mutata

254 1841 397 1922 apparet.
442 1837 643 1920 Quapropter
669 1835 705 1899 in
733 1835 884 1919 exemplis
913 1835 1082 1900 afferendis
1103 1836 1188 1900 ultra
1210 1835 1299 1900 illam
1321 1857 1393 1919 par-

253 1950 318 2012 tem
341 1967 427 2011 nunc
449 1945 576 2031 quidem
598 1965 664 2008 non
689 1944 939 2030 progrediemur.

788 2113 861 2194 §a

337 2247 446 2331 Ipsum
473 2245 603 2311 initium
625 2246 865 2330 Antiquitatum
894 2269 997 2332 nuper
1024 2271 1044 2312 a
1073 2249 1167 2314 nobie
1196 2250 1395 2318 emendatius

255 2357 375 2422 editum
396 2357 474 2422 eatis
497 2378 564 2422 esee
587 2359 776 2443 argumento
798 2358 913 2441 potuit,
937 2361 1015 2442 quot
1028 2359 1152 2424 lacunis
1174 2359 1209 2424 hi
1230 2360 1304 2426 libri
1318 2362 1395 2426 Dio-

221 2483 237 2532 5
254 2468 383 2552 nysiani
398 2489 415 2532 e
431 2467 534 2552 Regio
558 2467 665 2532 codice
688 2488 745 2550 per
762 2465 918 2551 Stephani
942 2468 1103 2553 exemplar
1118 2469 1172 2555 (P)
1188 2469 1228 2534 ad
1250 2475 1395 2562 nostram

255 2581 395 2642 aetatem
418 2577 599 2662 propagati,
623 2576 730 2659 eisque
752 2598 847 2660 quam
869 2575 1021 2662 gravibus
1043 2577 1237 2645 laborarent.
1268 2580 1394 2646 Talium

154 2667 156 2672 ,
256 2691 362 2751 autem
391 2687 579 2750 lacunarum
605 2685 770 2768 aliquanto
797 2686 981 2772 graviorum
1008 2709 1080 2752 cum
1106 2709 1148 2752 ne
1175 2710 1240 2754 una
1267 2688 1395 2770 quidem

255 2796 352 2860 solius
385 2794 528 2860 Chisiani
560 2794 693 2878 virtute,
728 2795 883 2878 plurimae
916 2819 990 2861 vero
1025 2797 1196 2862 coniuncta
1225 2798 1394 2865 Vrbinatis

256 2903 461 2986 Ohisianique
487 2902 632 2968 bonitate
661 2904 865 2988 expleantur,
894 2906 944 2970 vel
971 2906 1048 2970 hinc
1074 2907 1249 2991 probabilis
1276 2909 1395 2992 poterit

255 3165 376 3229 merent,
403 3162 469 3216 mihi
492 3180 537 3217 rea
560 3164 643 3233 longe
670 3163 753 3219 aliter
781 3181 841 3220 sese
868 3165 972 3220 habere
994 3164 1111 3222 videtur.
1153 3167 1297 3223 Vrbinatis
1320 3168 1395 3224 enim

254 3255 441 3325 praestantia,
470 3256 596 3323 quamvis
625 3256 736 3311 levioris
766 3257 908 3312 cuiusdam
935 3256 1159 3328 interpolationis
1193 3263 1396 3318 commaculata

254 3348 393 3418 vestigiis,
413 3365 447 3402 ea
465 3352 508 3403 est
525 3351 556 3403 ut
574 3349 798 3404 emendationem
815 3352 906 3404 totam
924 3353 980 3405 lere
998 3351 1035 3406 ab
1053 3351 1106 3406 hoo
1123 3351 1195 3408 libro
1212 3355 1395 3424 repetendam

255 3458 316 3495 csse
334 3441 401 3495 mihi
424 3459 587 3510 persuasum
605 3441 667 3495 sit’
708 3441 825 3512 ScripsIt
847 3445 941 3496 autem
962 3442 1032 3498 haec
1049 3444 1193 3514 Adelphos
1210 3446 1395 3515 Kieselingiua

254 3551 332 3588 meus
350 3534 531 3602 praelationis
551 3551 616 3589 auae
634 3552 660 3603 p.
673 3533 720 3599 VI,
738 3534 809 3589 mita
827 3534 883 3589 sive
897 3535 1035 3590 oblivione
1054 3536 1111 3591 aive
1128 3537 1304 3606 ignoratione
1323 3557 1395 3593 com-

255 3625 434 3682 mactationis
451 3643 538 3681 meac.
558 3657 591 3664 —
615 3626 692 3680 Meas
709 3627 738 3679 in
755 3628 850 3696 partes
868 3644 925 3682 non
941 3627 1075 3683 mediocri
1098 3647 1160 3684 cum
1178 3631 1320 3700 voluptate
1339 3631 1396 3685 vidi

256 3717 385 3772 Carolum
403 3717 581 3772 Sintsnisium
600 3719 751 3772 concedere
769 3719 851 3774 editis
870 3719 1016 3775 Servestae
1034 3721 1113 3776 annis
1139 3727 1210 3778 1856.
1236 3727 1309 3777 1861.
1329 3729 1396 3778 leet

141 3859 145 3866 .
256 3811 504 3865 ‘Emendationum
521 3811 764 3880 Dionysiacarum'
784 3811 932 3886 specimine
950 3814 963 3867 I
982 3815 1018 3883 (p.
1032 3817 1070 3882 8),
1092 3813 1119 3866 II
1137 3817 1174 3884 (p.
1189 3819 1227 3884 1),
1251 3816 1289 3868 Ill
1308 3821 1345 3884 (p.
1362 3818 1396 3883 1),

256 3903 399 3957 doctrinae
417 3905 446 3958 et
463 3903 596 3956 acuminis
619 3903 717 3972 plenis.
757 3905 794 3958 lit
812 3905 961 3960 novissimo
986 3905 1098 3973 quidem
1119 3909 1180 3962 loco
1202 3909 1234 3961 ut
1250 3906 1395 3962 Vrbinatis

256 3994 415 4050 calidiorem
442 3994 639 4050 admiratorem
662 3995 872 4066 Kieselingium‚
899 3997 939 4053 ita
959 3999 1053 4068 paullo
1077 3999 1245 4055 tenaciorem
1273 4000 1395 4056 Chisiuni

256 4089 404 4155 patronum
433 4089 622 4142 Hermannum
651 4087 804 4160 Sauppium
833 4089 932 4156 (Nunt.
962 4091 1089 4160 Gotting.
1120 4110 1145 4148 a.
1172 4099 1234 4148 1861
1263 4112 1299 4147 m.
1323 4093 1392 4148 Nor.

256 4197 283 4248 p.
304 4185 367 4233 1841
387 4185 459 4248 sqq.)
477 4181 692 4250 prudentissimo
710 4185 741 4236 ut
758 4182 839 4236 nobis
856 4182 966 4238 ridetur
983 4183 1083 4240 iudicio
1101 4185 1283 4254 impugnavit.
1315 4185 1396 4240 Vnde

257 4289 426 4339 consequens
445 4275 501 4340 eet,
524 4275 555 4327 ut
572 4273 694 4329 mediam
711 4275 852 4342 quandam
869 4274 944 4330 viam
961 4276 1020 4346 ipse
1039 4277 1224 4346 amplectatur
1245 4277 1290 4332 vix
1307 4277 1396 4333 diver-

257 4379 317 4417 sam
335 4365 371 4418 ab
389 4381 423 4419 ea
441 4382 524 4434 qnam
542 4383 593 4420 nos
611 4367 923 4438 commendaveramus]
