3218 5094
264 351 327 416 592
647 368 694 414 nn
718 368 788 417 0110
811 369 856 416 nn
879 369 1021 416 01110110.

264 520 342 603 ipsis
371 521 523 605 exemplis
551 521 683 603 debere,
717 522 753 584 in
785 521 898 605 quibus
926 521 1056 605 plenam
1083 521 1238 586 babemus
1266 520 1407 584 nominis

265 627 545 714 significationem.
591 629 652 696 Sed
674 634 711 694 ut
738 631 901 715 paulisper
922 631 1113 716 largiamur,
1138 631 1241 715 ipsum
1263 631 1406 696 Alexan-

265 739 392 804 drinum
419 741 664 826 grammaticum
691 741 809 826 quippe
838 741 939 805 altero
966 743 1147 827 graviorem
1175 742 1314 826 satisque
1339 763 1406 805 om-

265 850 359 915 nibus
386 855 498 916 notum
523 873 564 916 ne
592 852 717 937 eguisse
746 851 873 935 quidem
901 851 1104 936 diligentiore
1133 851 1272 915 nominis
1294 851 1405 916 defini-
1442 843 1449 858 ¹

265 963 363 1044 tione,
388 962 523 1026 alterum
546 967 658 1026 eontra
679 965 715 1026 ut
737 961 929 1026 mediocrem
955 962 1147 1045 magistrum
1168 962 1285 1046 illoque
1306 962 1405 1048 longe

264 1071 448 1136 inferiorem
476 1075 619 1156 (propter
646 1073 707 1136 boo
733 1072 838 1156 ipsum
860 1095 879 1135 a
902 1071 999 1136 Suida
1028 1071 1176 1136 videlicet
1203 1071 1405 1156 praetermis-

264 1184 347 1267 sum)
381 1205 447 1248 non
474 1159 616 1266 potuisse
643 1182 706 1247 nisi
736 1183 860 1246 adiecto
883 1182 1013 1246 nomine
1035 1161 1151 1267 'gentili
1173 1181 1333 1246 Milesium
1356 1182 1405 1246 iu-

264 1293 389 1378 tellegi:
424 1297 535 1356 tamen
555 1293 638 1358 idem
661 1293 846 1377 priusquam
869 1293 1089 1375 concedamus,
1113 1293 1251 1377 primum
1273 1315 1404 1376 respon-

264 1402 332 1467 deri
353 1403 447 1467 nobis
470 1403 530 1467 boc
551 1403 711 1484 iubemus,
741 1403 794 1487 qui
816 1403 946 1468 tandem
974 1403 1097 1468 factum
1119 1405 1171 1486 sit,
1195 1402 1278 1487 quod
1301 1424 1405 1492 exem-

264 1513 325 1596 plis
347 1513 478 1577 minime
501 1513 610 1597 paucis
634 1514 728 1598 (quae
750 1513 837 1577 111110
861 1513 1052 1598 consignata
1073 1514 1203 1600 quaere)
1226 1514 1261 1576 in
1283 1514 1406 1599 Magno

266 1623 451 1688 Gudianove
473 1623 696 1708 Etymologico
718 1623 818 1704 Ὠροε
839 1623 977 1706 positum
1000 1628 1049 1687 est
1070 1623 1275 1707 simpliciter,
1303 1625 1405 1704 Ὦρος

266 1735 284 1799 ὁ
307 1736 459 1814 Μιλήειο(
482 1738 589 1798 autem
611 1735 660 1798 vel
685 1734 767 1819 apud
790 1733 948 1797 Zonaram
971 1733 1105 1818 legitur,
1135 1734 1184 1797 vel
1207 1735 1242 1798 in
1265 1733 1405 1798 Bekkeri

214 1859 247 1934 ¹10
265 1843 451 1928 BIoehiique
468 1843 625 1928 excerptis
641 1844 796 1908 Parisinis
812 1848 845 1908 et
856 1842 1094 1908 Havniensibus
1110 1843 1264 1908 affertur?
1279 1842 1405 1908 Deinde

265 1953 343 2017 illud
365 1955 470 2037 ipsum
492 1976 553 2037 quo
569 1954 662 2018 modo
684 1954 918 2019 demonstretur
940 1955 1021 2019 seire
1037 1954 1191 2039 cupimus,
1215 1955 1264 2018 vel
1281 1955 1406 2018 veriora

265 2063 316 2127 vel
338 2064 558 2148 graviorave]
581 2086 776 2149 quocumque
798 2065 891 2128 modo
912 2065 1156 2147 praestabiliora
1172 2085 1240 2129 esse
1260 2087 1340 2148 quae
1363 2066 1406 2130 ad

266 2175 379 2256 Orum,
409 2197 504 2258 quam
532 2196 613 2259 quae
641 2173 681 2238 ad
705 2175 803 2240 Orum
830 2165 1417 2260 Μ1101101111111111011010310101010-Ι

265 2288 394 2348 rantur:
427 2307 560 2369 quorum
582 2291 708 2349 nosmet
729 2307 883 2350 summam
905 2284 1049 2350 videmur
1072 2285 1329 2349 convenientiam
1351 2285 1406 2350 de-

265 2395 479 2479 prehendisse.
511 2397 647 2461 Accedit
669 2400 775 2461 autem
798 2397 864 2461 eius
879 2395 964 2461 modi
987 2398 1212 2481 argumentum
1233 2393 1405 2479 quoddam,

266 2507 347 2590 quod
371 2507 458 2572 vinei
479 2511 633 2592 nequeat,
662 2507 723 2571 boc
745 2507 889 2591 quidem,
919 2506 1002 2590 quod
1031 2527 1111 2590 quae
1134 2505 1261 2590 singula
1284 2505 1407 2596 scripta

266 2617 330 2682 Oro
346 2617 565 2682 Alexandrino
581 2617 694 2682 Suidas
716 2617 839 2700 tribuit,
864 2616 975 2680 cadem
997 2617 1031 2680 in
1054 2615 1285 2700 Etymologicis
1307 2615 1406 2698 plane

266 2731 298 2791 et
322 2731 507 2792 constanter
535 2728 676 2791 citantur
703 2731 867 2810 tamquam
894 2727 950 2790 Ori
981 2726 1115 2809 Milesii,
1148 2726 1209 2789 hoc
1237 2726 1406 2805 0016090-

265 2840 415 2919 γραφικά,
437 2841 510 2919 περὶ
531 2839 712 2918 διχρόνων,
735 2837 848 2920 quibus
871 2836 986 2901 addere
1009 2838 1116 2902 ἐθν1κά
1145 2858 1209 2901 000
1232 2835 1404 2918 dubitabit,

265 2948 319 3032 qui
341 2949 424 3031 quod
446 2969 496 3011 res
519 2948 590 3032 ipsa
612 2948 725 3012 suadet
746 2951 779 3012 et
801 2970 859 3011 nos
881 2947 1113 3032 disputabimus
1135 2946 1237 3030 infra,
1268 2946 1405 3030 diligen-

265 3061 314 3122 ter
336 3058 550 3142 perpenderit.

350 3167 437 3244 Quae
468 3192 539 3233 cum
568 3169 614 3234 ita
642 3171 723 3254 sint,
756 3192 821 3234 non
848 3169 1021 3233 verendum
1049 3172 1098 3232 est
1128 3190 1168 3232 ne
1202 3167 1406 3230 artificiosius

265 3279 429 3344 videamur
456 3302 551 3365 quam
580 3281 710 3344 criticae
733 3281 794 3343 arti
818 3279 1059 3343 convenientius
1082 3300 1194 3363 agere,
1225 3301 1295 3342 cum
1318 3278 1405 3360 elap-

266 3391 308 3454 sis
342 3390 463 3474 aliquot
489 3392 539 3455 vel
573 3391 677 3454 verbis
705 3391 755 3454 vel
788 3390 930 3454 versibus
959 3389 1036 3452 duas
1063 3389 1306 3472 pronuntiamus
1335 3386 1405 3450 Sui·

265 3500 324 3565 dae
352 3502 534 3566 notationes
561 3523 730 3585 perperam
759 3500 929 3582 coaluisse,
963 3499 1009 3562 sic
1036 3499 1104 3562 fere
1131 3499 1203 3562 illas
1226 3498 1405 3580 antiquitus

265 3611 417 3695 scriptas:

265 3722 363 3802 Ὠροε
392 3724 631 3802 Ἀλεξανδρεύς,
653 3723 876 3802 γραμματικός,
899 3722 1069 3786 παιδεύεαε
1097 3722 1134 3786 ἐν
1164 3720 1405 3785 Κωνεταντίνου

349 3834 442 3898 πόλει
464 3883 740 3897 ..........
764 3834 901 3916 (ἔγραψε
924 3882 1049 3895 .....
1052 3831 1064 3914 l

265 3943 363 4023 'tlpoc
387 3944 537 4022 Μιλήειο(
560 3993 836 4008 ..........
860 3943 981 4022 ἔγραψε
1010 3943 1080 4020 περὶ
1104 3942 1277 4021 διχρόνων,
1312 3939 1404 4004 ὅπως

349 4055 389 4118 τὰ
411 4055 518 4118 ἐθνικὰ
541 4056 682 4132 λεκτέον,
706 4055 807 4118 tricae
831 4075 857 4116 e.
883 4073 913 4134 q.
937 4050 1002 4136 s.*)

265 4229 467 4238 ...κ-Μ.-

351 4311 375 4379 *)
403 4309 490 4380 [Hanc
512 4308 680 4365 sententiam
707 4325 762 4377 qua
783 4304 1023 4376 Bernhardyue
1045 4303 1146 4361 fiducia
1171 4303 1200 4360 in
1228 4303 1406 4362 enarratione

267 4400 368 4460 Strictae
379 4412 401 4460 t.
415 4405 448 4472 H,
463 4412 516 4475 lp.
531 4409 596 4460 1285
614 4403 736 4460 ‘omuino
755 4417 849 4458 carere
867 4401 1077 4472 probabilitate’
1090 4397 1287 4470 pronuntiavit,
1305 4399 1406 4453 eadem
