3254 5092
261 339 321 403 178
667 357 715 404 nn
738 355 998 405 srrcnouarnra

258 508 472 588 διεμαρίαιν
500 507 607 571 ἐπῶν
634 509 710 572 τοὺ(
737 509 960 573 ἐπιδεικτικοὺς
989 511 1054 571 τῶν
1082 505 1190 581 λόγων
1219 526 1401 586 ευγγραψα-

258 619 361 698 μένῳ,
384 617 514 681 πλείου(
537 617 573 680 δὲ
594 618 614 695 ἢ
636 615 677 681 ιε’
704 619 915 698 μυριάδας,
942 618 978 681 ἐν
1003 617 1051 680 οἱ(
1072 617 1130 680 τά(
1151 637 1184 681 τε
1208 620 1273 680 τῶν
1295 617 1400 692 Ἑλλή-

258 749 326 792 νων
360 728 410 790 καὶ
443 727 613 807 βαρβάρων
647 727 775 805 πράξειε
808 729 897 807 μέχρι
931 731 991 792 νῦν
1025 725 1309 804 ἀπαγγελλομένα(
1337 725 1400 788 ἐετι

259 839 382 916 λαβεῑν;
405 836 518 918 quihus
541 838 614 919 post
635 835 826 918 interposita
849 835 913 899 alia
935 835 1090 918 quaedam
1111 855 1236 898 rursum
1264 834 1344 897 haec
1365 833 1398 896 in

257 946 321 1009 fine
341 945 555 1008 subiciuntur:
578 949 678 1010 ταῦτα
693 945 789 1010 αὐτὸ(
805 947 877 1025 περὶ
902 945 1002 1010 αὑτοῦ
1025 947 1139 1020 λέγων.
1170 943 1400 1008 Gravissimum

258 1054 318 1118 hoc
339 1055 438 1137 ipsius
460 1053 659 1137 Theopompi
680 1054 899 1118 testimonium
921 1057 969 1118 est
990 1057 1159 1137 propterea
1187 1053 1270 1136 quod
1291 1073 1399 1116 nume-

258 1164 429 1227 randorum
451 1185 598 1227 versuum
619 1185 739 1227 morem
762 1185 801 1227 ex
822 1163 878 1227 illo
906 1163 1056 1226 discimus
1080 1185 1145 1226 non
1173 1162 1215 1226 ab
1242 1161 1320 1246 ipsis
1347 1161 1399 1224 de·

257 1294 343 1336 mum
365 1271 593 1336 Alexandrinis
617 1274 848 1356 excogitatum,
873 1273 928 1336 sed
947 1293 985 1336 ex
1007 1272 1185 1356 antiquiore
1201 1275 1306 1335 aetate
1329 1293 1398 1355 pro·

257 1385 428 1466 pagatum,
452 1405 471 1444 u
494 1404 556 1465 qua
577 1382 652 1445 talis
674 1382 858 1466 diligentia,
883 1383 1000 1466 absque
1023 1381 1078 1445 illc
1099 1380 1283 1445 testimonio
1303 1382 1397 1462 esset,

258 1513 323 1555 non
351 1494 459 1574 posset
485 1513 552 1555 non
579 1492 658 1555 satis
685 1492 791 1554 alienu
819 1491 929 1555 videri.
980 1491 1030 1554 Ne
1060 1491 1239 1575 attigcnmt
1260 1489 1397 1574 quidem,

253 1601 312 1684 'qui
334 1602 373 1664 de
395 1600 599 1684 Theopompo
621 1604 733 1665 nostra
754 1601 907 1682 memoria
922 1601 1129 1664 commentati
1144 1602 1228 1664 sunt.
1269 1598 1398 1686 [Quodsi

256 1713 313 1775 τά(
340 1733 374 1775 τε
396 1715 463 1776 τῶν
486 1712 645 1789 Ἑλλήνων
667 1712 717 1775 καὶ
739 1711 910 1791 βαρβάρων
938 1712 1066 1791 πράξει(
1088 1710 1160 1773 illas
1182 1710 1265 1773 solos
1287 1710 1397 1774 Φιλιπ-

256 1824 359 1885 πικῶν
381 1818 478 1883 libros
500 1819 607 1883 LVIII
634 1821 899 1904 interpretamur,
928 1819 1047 1904 singuli
1069 1818 1143 1882 libri
1166 1819 1293 1882 circiter
1314 1817 1398 1882 2586

255 1950 402 1992 versuum
428 1929 573 2010 fuerunt3
605 1927 656 1992 sin
688 1929 824 1993 sociatos
851 1932 1041 2008 ,Ἑλληνικῶν
1074 1931 1169 2012 atque
1198 1929 1397 1993 Φιλιππικῶν

256 2036 354 2100 libros
376 2035 480 2118 LXX,
504 2059 651 2100 versuum
674 2038 800 2101 circiter
821 2037 915 2102 2143.
960 2038 1032 2101 Hoc
1058 2037 1215 2121 probabat
1238 2037 1273 2101 O.
1297 2037 1396 2099 Muel-

255 2147 340 2210 lerus
362 2146 463 2229 praef.
487 2146 616 2229 h'ragm.
639 2146 714 2209 hist.
740 2146 853 2210 Graec.
876 2147 893 2211 I
920 2170 951 2231 p.
975 2146 1079 2211 LXIX
1102 2146 1176 2210 adn.
1202 2148 1236 2229 13
1258 2147 1397 2229 priorem

254 2255 413 2318 rationem
440 2254 604 2338 amplexus
638 2277 740 2339 nuper
768 2255 961 2340 Bernaysius
996 2256 1053 2319 ‘de
1081 2254 1293 2338 Theophrasti
1326 2257 1398 2336 περὶ

255 2365 412 2444 εὐεεβείαε
434 2364 533 2427 libro’
556 2387 589 2448 p.
606 2364 657 2429 69.
676 2365 817 2430 17511011
840 2387 989 2449 assequor
1011 2366 1064 2448 qui
1086 2365 1241 2448 potuerit,
1267 2355 1397 2428 calculis

254 2476 340 2536 recte
368 2473 546 2557 subductis,
581 2475 632 2537 vel
661 2475 707 2538 sic
739 2474 788 2538 bis
821 2475 968 2538 millenos
996 2495 1105 2538 versus
1137 2474 1274 2558 singulis
1307 2473 1396 2536 libris

254 2582 404 2646 tribuere.
433 2619 475 2630 —-
502 2581 650 2646 Ceterum
678 2585 882 2667 quantumvis
909 2584 943 2646 hi
969 2584 1094 2648 numeri
1123 2583 1282 2646 modicam
1310 2605 1395 2646 men·

255 2713 372 2754 suram·
389 2691 477 2754 illam
506 2693 678 2774 excedant,
713 2716 808 2778 quam
840 2694 908 2758 fere
937 2714 1089 2777 regnasse
1117 2693 1151 2756 in
1186 2691 1246 2757 hoc
1278 2713 1396 2777 genere

255 2801 400 2882 exempla
426 2800 542 2864 docent
570 2823 666 2884 supra
693 2801 745 2886 (de
772 2801 849 2864 bibl.
880 2803 931 2866 Al.
955 2825 987 2885 p.
1019 2803 1077 2866 131
1103 2800 1188 2889 [108]
1212 2804 1297 2887 sqq.)
1325 2823 1396 2885 pro-

255 2909 375 2992 posita,
410 2913 519 2972 tamen
548 2931 589 2974 ne
619 2911 694 2993 quid
721 2911 861 2994 scrupuli
895 2911 1047 2992 resideat,
1084 2911 1163 2975 satis
1192 2915 1320 2974 cautum
1348 2915 1397 2974 est

254 3017 410 3080 Herodoti
432 3021 465 3081 et
486 3019 612 3102 losephi
634 3019 786 3103 exemplis
808 3042 889 3104 quae
904 3021 990 3084 infra
1011 3020 1262 3103 perscripsimus.
1300 3019 1394 3083 Prae-

254 3129 343 3190 terea
364 3148 481 3191 novum
497 3117 715 3193 animadverte
738 3131 798 3222 ἔπη
820 3130 907 3194 vocis
923 3129 1101 3212 exemplum
1123 3149 1235 3213 prosae
1258 3129 1395 3193 orationi

255 3234 440 3324 adhibitae]
468 3273 511 3286 —-
537 3239 592 3322 96)
620 3237 801 3322 Stephanus
829 3238 965 3322 Byzant.
981 3261 1012 3302 v.
1041 3239 1177 3318 Φάεηλιε
1205 3238 1244 3301 de
1273 3237 1395 3302 Theo-

253 3344 384 3408 decta:
419 3348 456 3411 ὃ(
492 3348 620 3428 ἐποίηιε
652 3349 831 3432 τραγῳδίαι
864 3348 892 3413 ν’
924 3350 975 3412 καλ
1003 3349 1171 3428 ῥητορικὰ(
1198 3349 1313 3428 τέχνα(
1346 3351 1396 3412 καὶ

254 3455 372 3531 λόγου(
395 3455 581 3536 ῥητορικοῦ(
603 3459 710 3522 ἐπῶν
734 3483 788 3521 ιι.
827 3457 876 3520 De
898 3479 960 3541 quo
982 3455 1193 3520 Ruhnkenius
1214 3456 1300 3520 Hist.
1323 3457 1392 3520 crit.

253 3566 333 3627 orat.
351 3585 383 3646 p.
400 3565 462 3628 367
479 3565 596 3648 Opusc.
614 3565 663 3630 ed.
680 3566 781 3651 Lugd.
799 3566 872 3630 alt:
894 3573 943 3631 ‘in
958 3577 1104 3646 corrupto
1120 3566 1211 3630 ἐπῶν
1222 3573 1394 3630 orationum

252 3693 392 3737 aimerus
418 3681 517 3740 lutet?
561 3674 662 3740 Immo
685 3675 838 3739 excidisse
861 3676 1001 3758 ipsorum
1027 3697 1194 3746 numerum
1217 3677 1307 3741 ἐπῶν
1329 3675 1393 3738 iam

207 3797 234 3845 vl
254 3779 444 3865 Salmasius,
469 3781 634 3846 Berkelius
657 3788 690 3846 et
710 3783 897 3848 Holstenius
923 3787 1161 3867 perspexerant.
1206 3783 1286 3848 Cum
1307 3805 1391 3864 vero,

189 3901 195 3912 ’
253 3911 333 3972 quae
356 3890 419 3956 illis
441 3892 537 3975 v'ulgo
552 3879 803 3958 continuantur:
826 3895 924 3958 ἐπῶν.
954 3895 1094 3959 ἀπέθανε
1115 3896 1144 3958 δ’
1165 3895 1324 3974 Ἀθήνηιι,
1346 3893 1392 3955 οἱα

252 3999 372 4082 scripta
393 3999 428 4062 in
450 4000 677 4086 Rehdigerano
699 4007 839 4066 exstent:
868 4004 959 4069 ἐπῶν
981 4005 1031 4067 καὶ
1053 4004 1159 4081 auce,
1187 4003 1221 4066 in
1245 4001 1392 4067 Salmasii
1492 4035 1495 4044 ·

252 4112 359 4172 autem
374 4103 523 4172 Palatino
539 4110 617 4174 adeo
633 4112 668 4174 in
683 4111 767 4176 hanc
783 4112 936 4195 speciem:
959 4113 1049 4180 ἐπῶν
1071 4119 1121 4178 κα“ι
1143 4114 1250 4188 ἀπέθ.,
1272 4111 1391 4193 planis-

252 4216 330 4280 sime
358 4222 492 4301 apparet
518 4219 552 4282 in
578 4219 649 4303 ipso
676 4220 731 4284 illo
758 4242 808 4285 και
839 4221 1053 4306 quaerendam
1083 4241 1151 4284 esse
1184 4221 1392 4304 depravatam

252 4327 374 4388 numeri
397 4328 610 4426 notationem:
638 4329 725 4392 velut
753 4327 819 4417 flu(
846 4331 877 4394 h.
902 4351 929 4393 e.
953 4331 1072 4394 21010:
1101 4353 1175 4394 nam
1205 4331 1297 4412 ipsae
1319 4330 1393 4393 illae
