3184 5100
289 358 351 421 724
682 375 842 424 scannia
866 375 1037 427 crimme,

287 549 350 607 qao
377 535 408 591 ia
436 549 546 593 ceraso
573 536 675 595 coedis
697 539 776 596 iltius
798 536 899 608 suerit
926 541 999 608 ista,
1030 555 1121 612 potum
1150 545 1183 598 ta
1210 540 1303 612 dicis,
1329 519 1442 611 νόσοο

236 648 269 695 ‘20
286 659 369 702 mco:
405 647 547 718 quoniam
575 662 612 704 eo
639 653 722 705 certe
747 653 775 705 tc
796 651 984 713 commouisse
1005 650 1124 710 uidetur
1146 651 1189 708 ad
1209 651 1332 710 eaedem
1356 669 1425 727 per—

284 754 486 829 petrandam:
507 762 605 815 tomen
627 759 751 816 maltam
774 758 924 817 abhorrui
943 775 963 816 α
985 767 1040 818 tao
1062 763 1233 835 atrocitate,
1256 777 1336 835 quoe
1357 763 1427 837 r'psis

286 867 423 926 monibus
450 873 480 924 et
501 869 638 927 consulto
665 868 775 929 liberos
803 870 951 929 occidisti.
995 865 1047 928 Ita
1074 865 1223 930 idoneum
1250 865 1350 931 habet
1376 887 1427 929 ex·

286 970 441 1053 plicatum
463 974 523 1040 νὺν
545 973 715 1056 particula,
738 995 819 1057 quae
841 973 1005 1057 displicuit
1026 974 1224 1041 Hermanno.

370 1176 432 1241 Sed
462 1176 693 1260 displicuerunt
719 1177 907 1244 Hermanno
938 1178 1010 1266 [huc
1039 1184 1074 1244 ut
1101 1183 1266 1264 tamquam
1301 1182 1336 1248 ἐν
1368 1151 1452 1247 rto-⁶

286 1288 373 1373 ρόδῳ
397 1286 596 1372 digrediatur
617 1287 792 1371 disputatio
821 1290 929 1373 paullo
952 1311 1029 1354 saue
1052 1290 1226 1378 molestius]
1251 1293 1349 1355 ctiam
1371 1292 1425 1355 illa

285 1417 366 1479 quae
395 1396 547 1481 leguntur
576 1397 735 1462 Medeae
766 1422 796 1463 v.
829 1399 911 1464 1265
945 1397 1039 1485 [1287
1069 1399 1110 1463 K.
1144 1401 1224 1466 1298
1253 1401 1309 1488 N.]
1344 1423 1423 1486 sqq.²

285 1528 366 1590 quae
393 1506 439 1570 sie
468 1508 681 1573 conformavit
703 1509 892 1593 corrigendo
915 1532 946 1593 p.
970 1511 1033 1575 399
1056 1533 1119 1594 sq.:

437 1687 463 1751 sl
486 1689 537 1766 μὴ,
560 1688 729 1768 τυράννων
752 1689 877 1767 δώμαθ’
896 1687 951 1753 ἵνα
973 1691 1066 1754 δώεει
1088 1689 1188 1770 δίκην,

436 1799 578 1874 πέποιθ’,
601 1797 813 1863 ἀποκτείναεα
836 1799 1006 1878 κοιράνους
1028 1799 1165 1880 χθονός,

436 1908 542 1992 ἀθῷοι
565 1909 645 1988 αὐτὴ
668 1913 772 1973 τῶνδε
795 1909 964 1990 φεύξεεθαι
987 1909 1107 1988 δόμων.

285 2074 403 2139 Verum
426 2079 462 2140 ut
484 2097 503 2139 a
525 2097 559 2140 re
581 2077 770 2141 tenuissima
791 2077 850 2140 fiat
876 2077 1020 2161 initium,
1050 2097 1162 2161 parum
1184 2077 1286 2161 polita
1309 2083 1358 2143 est
1378 2101 1425 2143 so

285 2184 363 2248 lutis
390 2185 446 2249 illa
474 2186 629 2250 iambicae
657 2187 737 2251 arsis
766 2189 855 2267 -μαθ’
875 2187 948 2264 ἵνα,
978 2191 1011 2250 et
1039 2186 1146 2250 aliena
1169 2187 1209 2251 ab
1232 2209 1340 2252 earum
1363 2193 1424 2252 tru-

284 2295 470 2379 goediarum
493 2297 672 2381 elegantia,
702 2318 783 2381 quae
805 2303 881 2362 ante
903 2295 1116 2381 olympiadem
1139 2296 1306 2362 LXXXIX
1329 2300 1424 2382 serip-

284 2407 337 2470 tae
359 2410 449 2470 sunt:
472 2410 508 2470 ut
519 2415 586 2471 'suo
601 2407 700 2491 ipsius
716 2411 888 2491 praecepto
903 2406 1040 2470 illuserit
1055 2405 1272 2472 Hermannus.
1303 2407 1425 2472 Deinde

285 2520 391 2581 autem
414 2517 488 2601 quid
515 2518 585 2582 vult
612 2517 673 2580 sibi
701 2518 842 2580 futurum
871 2516 949 2580 illud
971 2517 1088 2583 tilica?
1125 2517 1327 2602 quodquam
1348 2519 1426 2582 mire

285 2627 403 2690 dietum
427 2628 484 2710 sit,
509 2629 577 2712 ipsc
599 2627 724 2692 videtur
746 2626 898 2709 sensisse3
928 2626 1058 2691 liberius
1082 2627 1167 2690 enim
1189 2649 1308 2712 graeca
1330 2629 1427 2692 verba

284 2737 331 2801 sie
345 2737 577 2821 interpretatur
591 2737 832 2802 transferendo:
855 2743 970 2816 reptem
988 2743 1107 2802 domum
1122 2743 1297 2816 preadicit
1309 2761 1427 2819 poenus

285 2853 362 2911 dare
382 2886 435 2931 -—,
461 2870 531 2912 cum
554 2848 700 2912 deberet:
720 2853 994 2928 pernoctaturum
1017 2869 1089 2912 esse.
1122 2845 1184 2910 Sed
1205 2851 1332 2912 restant
1352 2869 1427 2933 gra-

285 2957 383 3020 viora.
429 2959 575 3043 Namque
603 2958 783 3022 sententiae
811 2955 910 3042 ipsius
933 2961 966 3020 et
985 2955 1130 3040 gravitas
1151 2957 1207 3020 illo
1229 2961 1326 3040 pacto
1346 2957 1426 3021 mul-

283 3071 352 3130 tum
387 3069 552 3132 extenuari
585 3073 618 3133 et
657 3069 828 3153 integritas
862 3067 941 3132 mihi
975 3064 1101 3130 videtur
1134 3068 1285 3150 perverti.
1336 3067 1427 3142 Quod

284 3177 411 3261 quidem
435 3200 607 3264 coarguere
630 3179 762 3243 studebo
784 3177 966 3262 tripliciter.
1011 3176 1154 3242 Primum
1181 3177 1267 3240 enim
1290 3198 1354 3241 non
1378 3177 1428 3240 in-

283 3287 463 3372 tellegitur,
493 3311 642 3373 quorsum
667 3292 794 3373 spectet
821 3287 899 3351 loei
927 3286 1122 3372 significatio
1148 3287 1204 3353 ἵνα
1232 3287 1430 3370 particulae3

284 3421 360 3462 nam
388 3399 422 3463 iu
452 3421 488 3463 eo
510 3401 599 3464 nulla
626 3401 732 3483 posita
760 3402 809 3463 est
835 3398 883 3462 vis
911 3397 1174 3482 argumentandi,
1204 3397 1288 3481 quod
1316 3398 1431 3462 eodem

283 3509 319 3572 in
341 3509 426 3594 loco,
455 3511 491 3573 in
513 3531 575 3594 qno
601 3531 721 3593 poenas
744 3508 932 3572 delictorum
954 3505 1078 3571 dederit
1099 3507 1189 3592 regia
1211 3505 1339 3590 domus,
1369 3530 1431 3571 sua

284 3619 405 3682 seelera
422 3619 535 3683 Medea
551 3622 657 3703 speret
672 3619 832 3703 impunita
853 3618 937 3700 fore3
960 3617 1066 3682 ratio
1088 3617 1193 3702 potius
1211 3617 1432 3702 significanda

285 3732 355 3792 erat
370 3729 568 3813 simpliciter,
586 3733 622 3794 ut
633 3730 679 3794 sic
695 3730 876 3814 loqueretur
887 3727 959 3792 laso
975 3729 1014 3790 de
1025 3726 1205 3792 Hermanni
1217 3727 1344 3811 quidem
1355 3749 1431 3792 sen·
1553 3763 1554 3797 l

283 3829 402 3902 tentia:
425 3846 484 3904 nise·
496 3853 601 3920 sperat
622 3847 771 3904 ‘immunis
788 3860 891 3919 poeno
905 3859 945 3903 ex
960 3844 1008 3902 leis
1023 3845 1148 3902 aeditus
1161 3844 1312 3916 coaoerc,
1336 3861 1432 3918 ouum

284 3959 385 4013 tamen
400 3971 441 4013 ne
457 3950 547 4034 regia
563 3949 689 4033 quidem
705 3949 816 4012 domus
831 3971 932 4013 vacua
947 3949 990 4011 sit
1003 3970 1118 4031 poena.
1145 3947 1204 4012 Sed
1222 3948 1307 4013 hane
1322 3949 1434 4031 ipsam

285 4059 518 4123 contrariorum
533 4059 777 4144 oppositionem,
802 4082 864 4142 qua
879 4058 962 4122 nihil
977 4059 1056 4142 fingi
1079 4061 1186 4142 potest
1199 4057 1434 4141 importunius

284 4169 354 4252 quis
381 4192 447 4234 non
481 4169 676 4234 demiretur?
725 4169 809 4233 Nam
837 4168 918 4252 quod
949 4168 1046 4231 etiam
1074 4188 1166 4251 reges
1194 4189 1331 4250 poenam
1360 4191 1437 4234 nou

285 4279 481 4363 effilgemmt,
510 4301 683 4364 quemnam
712 4279 743 4342 id
772 4279 871 4343 habet
898 4279 962 4343 vim
984 4278 1024 4342 ad
1047 4278 1238 4342 inanitatem
1260 4279 1440 4346 declaran-

284 4387 356 4449 dam
386 4389 634 4471 exspectationis
662 4389 810 4466 Medeam
843 4411 911 4452 sese
948 4389 1108 4472 impunem
1139 4389 1206 4450 fore
1239 4391 1441 4471 sperantis?
1551 4418 1552 4433 ¹
