3184 5100
299 375 360 440 706
690 389 850 438 senonas
873 389 1045 436 carmena.

299 545 472 622 (ώκρατες,
497 541 644 630 οὕτως]
691 541 1106 606 Sedl1exametrumillum
1129 541 1174 604 sic
1197 541 1357 624 perpolio:

427 653 510 717 εἰδὲ
533 655 611 718 κακὰ
634 653 789 732 ςπείραις,
817 654 897 717 κακά
919 653 951 716 κ’
973 651 1086 717 ἔνθεν
1109 651 1313 730 ἀπαμήςαιο.

301 763 388 847 [Non
416 763 479 844 sic,
509 764 536 826 si
564 763 639 847 quid
666 785 753 826 nunc
775 762 867 826 video
874 811 882 843 ,
913 760 1137 846 corrigendum
1166 765 1236 825 erat
1262 762 1343 824 satis
1371 760 1434 822 lan·

299 872 405 956 guido,
430 872 484 936 sed
507 873 621 936 saltem
643 873 704 936 hoc
726 872 886 954 exemplo:
909 872 959 936 καί
980 893 1035 937 κεν
1059 872 1131 936 κάκ’
1152 871 1343 950 ἀπαμήςαιο.
1379 868 1435 934 Sed

300 1005 408 1046 verum
432 987 481 1046 est
502 983 565 1046 nisi
588 983 697 1046 fallor:

425 1096 451 1158 εί
474 1096 509 1158 δὲ
531 1095 640 1158 κακὸν
664 1093 816 1171 (πείραις,
843 1095 905 1156 καί
933 1114 1000 1158 κεν
1022 1093 1131 1157 κακὸν
1155 1093 1312 1176 ἀμήςαιο.]

383 1229 573 1293 Coniectura
596 1229 702 1292 autem
725 1227 763 1290 de
784 1227 962 1290 Pausaniae
985 1227 1090 1291 verbis
1117 1230 1227 1291 nostra
1249 1227 1322 1290 vide
1344 1248 1436 1310 quam

299 1340 427 1423 egregie
462 1339 666 1402 confirmetur
699 1359 791 1400 versu
823 1337 1096 1420 Lycophronis
1129 1337 1193 1402 850
1226 1337 1434 1419 Cassandrae,

299 1449 386 1511 ouius
419 1448 556 1531 pristina
592 1449 767 1530 scriptura,
807 1450 933 1510 servata
967 1469 986 1510 a
1019 1447 1183 1531 Stephano
1217 1447 1377 1531 Byzantio
1409 1469 1436 1509 v.

297 1559 411 1635 Αίγυς;

424 1671 473 1734 καὶ
496 1671 602 1735 πάντα
624 1670 768 1747 τλήςεςθ’
791 1669 901 1734 οὕνεκ’
923 1668 1068 1745 Αίγύας
1090 1669 1186 1734 κυνός
1208 1707 1251 1718 -

299 1807 449 1888 corrupta
472 1809 520 1868 est
541 1806 576 1866 in
599 1804 832 1886 exemplaribus
853 1805 888 1866 in
904 1806 1088 1883 Ἀργείας.
1105 1803 1208 1880 'Quod
1223 1803 1352 1887 quidem
1374 1825 1438 1867 non
1553 1787 1554 1816 ί

299 1919 531 1996 perspexenmt
552 1914 603 1978 vel
626 1914 791 1977 Berkelius
820 1914 869 1977 vel
892 1912 1040 1977 Potterus
1070 1911 1120 2000 [ac
1147 1936 1188 1978 ne
1213 1913 1438 1979 Baohmannus
1553 1910 1554 1954 ί

299 2023 427 2106 quidem
453 2023 671 2107 Lycophronis
700 2024 748 2086 sui
776 2046 807 2106 p.
831 2023 894 2088 625
922 2045 1035 2106 parum
1064 2023 1165 2106 perite
1192 2023 1271 2087 mihi
1294 2025 1439 2088 adversa-
1553 2023 1554 2104 y

299 2132 375 2220 tusl.
391 2171 433 2182 —-
448 2132 596 2197 Ceterum
610 2134 707 2210 Αίγυς
722 2135 814 2198 πόλις
837 2133 912 2196 urbs
935 2137 984 2198 est
1006 2155 1077 2196 cum
1100 2155 1178 2218 agro
1200 2155 1267 2218 suo,
1291 2156 1354 2217 qua
1379 2134 1440 2218 sig·

299 2243 487 2307 nificatione
516 2244 593 2307 adeo
622 2245 759 2324 πόλιςμα
791 2247 979 2328 usurpatum
1007 2247 1056 2308 est
1089 2245 1130 2307 ab
1163 2244 1323 2328 Aeschylo
1350 2243 1438 2308 Pers.

267 2397 270 2405 ·
299 2375 326 2419 v.
351 2354 413 2416 481
439 2352 537 2440 [leq.
575 2353 757 2437 Numquam
780 2355 865 2418 enim
889 2355 1062 2435 είςβάλλειν
1086 2354 1129 2420 είς
1151 2392 1193 2403 -
1215 2355 1254 2417 de
1275 2354 1354 2418 urbe
1378 2354 1440 2418 dic·
1553 2434 1554 2446 ἵ

264 2474 278 2520 ι
298 2466 365 2526 tum
380 2464 513 2527 memini
529 2485 548 2529 a
564 2465 757 2528 Graecorum
773 2465 979 2548 quoquam.*)
992 2501 1034 2510 -·
1049 2464 1109 2527 lllo
1125 2467 1231 2528 autem
1246 2469 1342 2548 pacto
1357 2463 1440 2548 quod

299 2573 481 2637 continetur
510 2573 605 2638 οὗτος
632 2573 821 2657 pronomine
849 2574 1056 2658 attributum,
1086 2596 1150 2637 non
1181 2576 1229 2636 est
1252 2595 1269 2638 e
1292 2573 1442 2657 capite?

297 2683 537 2766 arcessendum,
568 2684 623 2747 sed
651 2684 751 2747 multo
779 2684 954 2766 simplicius
983 2687 1015 2746 et
1043 2684 1105 2748 arti
1134 2685 1381 2748 convenientius
1405 2705 1441 2746 ex
1553 2702 1554 2753 ι

296 2794 449 2876 proximis
472 2794 577 2857 verbis
600 2792 823 2877 repetendum:
860 2799 926 2871 luc,
961 2815 1048 2872 quem
1075 2799 1164 2858 modo
1191 2799 1327 2858 dicebam
1350 2799 1441 2872 Aryi-

298 2924 401 2967 uarum
424 2924 531 2980 aarum
554 2915 699 2969 vastasse.
728 2903 899 2967 Praeterea
916 2903 934 2968 ὁ
952 2904 1097 2986 articulo,
1122 2925 1215 2988 quem
1237 2925 1325 2968 nunc
1347 2904 1442 2968 video
1553 2955 1554 2980 y

297 3012 395 3075 etiarm
423 3012 457 3075 in
483 3012 618 3076 Bekken'
642 3013 749 3076 codice
771 3012 934 3096 Parisino,
964 3013 1041 3076 licet
1063 3034 1210 3096 perverse
1236 3013 1440 3095 collocatum,

297 3122 361 3205 legi
392 3119 481 3208 [item
509 3124 543 3186 in
566 3123 784 3206 Angelieano,
814 3122 1020 3207 Lugdunensi
1049 3124 1165 3208 altero,
1194 3123 1442 3188 Vindobonensi

297 3231 398 3294 altero
422 3231 505 3315 apud
528 3231 741 3296 Schubartum
764 3232 1001 3316 Walziumque,
1026 3233 1196 3317 inquibus
1219 3233 1368 3298 omnibus
1394 3238 1445 3297 est

296 3344 346 3406 καὶ
370 3343 389 3405 ὁ
412 3343 445 3407 ἐς
467 3344 549 3426 thul,
573 3365 640 3407 non
662 3342 806 3406 videmur
829 3364 936 3406 carere
958 3365 1067 3426 posse:
1091 3366 1168 3408 nam
1190 3344 1256 3407 sive
1278 3343 1318 3423 ἦν
1341 3345 1444 3408 verbo

297 3452 463 3535 suppletur
484 3453 689 3536 participium
711 3453 777 3516 sive
800 3455 930 3535 aptatur
952 3474 990 3516 ex
1013 3455 1153 3539 ἐδῄωςεν
1176 3454 1273 3518 verbo
1280 3503 1289 3536 ,
1311 3457 1445 3518 senten·
1553 3509 1554 3520 ,

296 3562 343 3624 tia
367 3563 495 3625 effertur
516 3567 679 3646 tamquam
695 3563 858 3626 narrantis
881 3584 931 3626 res
954 3564 1155 3646 praeteritas,
1179 3585 1239 3626 nec
1254 3585 1316 3648 quo
1332 3563 1446 3627 valeat

296 3674 357 3753 γάρ
380 3673 538 3756 particula
561 3673 768 3756 perspicitur3
797 3677 909 3736 contra
938 3671 1034 3738 οὗτος
1056 3676 1117 3754 γὰρ
1140 3675 1159 3737 ὁ
1182 3675 1328 3754 ἐςβαλών
1352 3673 1447 3738 (licta

297 3786 373 3846 sunt
394 3783 510 3846 omisso
533 3783 611 3864 ἐςτί,
635 3785 846 3866 spectantque
874 3781 913 3845 ad
936 3803 1087 3866 praesens
1110 3805 1175 3846 uon
1197 3784 1362 3846 narrantis
1388 3783 1446 3847 sed

297 3892 510 3956 existimantis
538 3891 706 3976 iudicium,
739 3896 833 3976 atque
861 3893 921 3971 γάρ
949 3893 1108 3974 particula
1131 3892 1313 3956 declaratur
1336 3896 1447 3960 consi—

297 4003 374 4066 lium
403 4003 567 4085 scriptoris
596 4024 701 4066 rerum
723 4003 757 4065 in
780 4001 911 4066 diversis
934 4003 1012 4066 locis
1036 4007 1352 4066 commemoratarum
1378 4027 1448 4070 me·

364 4223 388 4290 ²¹¹)
403 4223 522 4292 [Fel‘ollit
540 4223 682 4276 anemoria.
707 4221 790 4276 Velut
808 4223 883 4292 apud
900 4221 1052 4278 Diodorum
1069 4219 1116 4288 IV,
1133 4229 1164 4276 ol
1183 4223 1274 4291 ipsum
1291 4221 1385 4278 habes
1407 4229 1449 4282 εἰς

297 4319 351 4382 τὴν
364 4319 447 4370 πόλιν
461 4319 596 4380 εἰςβαλεῖν
615 4317 793 4382 (quamquam
811 4315 850 4368 ibi
862 4332 934 4369 nunc
947 4315 1038 4368 editur
1057 4317 1205 4384 ἐμβαλεῖν),
1225 4315 1334 4382 chaque
1347 4334 1449 4372 exem·

1553 3732 1554 3769 l

1553 3864 1554 3930 l

1553 4127 1554 4160 l

1553 4259 1554 4308 l

297 4405 344 4474 pla
363 4407 437 4475 apud
455 4407 590 4461 Thesauri
608 4407 790 4475 Stephauiani
813 4407 934 4461 editores
952 4410 971 4461 t.
992 4409 1031 4461 lll
1048 4427 1075 4477 p.
1096 4410 1165 4476 310.]
1551 4391 1554 4504 ί

1551 4511 1554 4552 ί
