3218 5094
309 353 372 417 658
695 371 742 420 nn
766 373 835 420 ono
860 373 905 418 nr
928 372 1070 422 orrens.

310 522 418 604 Etym.
448 521 491 586 M.
521 545 553 606 p.
577 523 655 605 601,
678 523 735 605 32,
769 525 1040 605 ὀβολοετάτηε
1068 548 1100 608 p.
1125 526 1203 606 613,
1230 526 1286 608 19,
1316 546 1455 608 quocum

310 631 454 716 proximo
475 631 602 697 vinculo
631 633 880 698 consociandum
902 636 1054 714 (τοτήρ
1076 659 1107 719 p.
1133 635 1211 718 725,
1235 635 1278 698 22
1306 635 1377 717 (ubi
1402 639 1455 697 aut
1530 639 1533 650 ‘

310 742 357 806 sic
379 743 497 808 scribe:
525 745 591 808 ἀπὸ
613 749 672 809 τοῦ
694 744 795 824 ἵετημι
817 749 876 810 τοῦ
898 747 937 810 τὸ
959 747 1152 813 οανείζεεθαι
1174 750 1398 827 παριετῶντοε
1420 745 1457 809 τό

309 873 343 917 τε
371 853 504 932 νόμτεμα
531 855 571 920 ἂν
599 855 705 934 ῥηθείη
734 856 783 919 καί
806 855 825 919 ὁ
848 857 929 936 πρὸ(
951 879 976 920 κ.
998 878 1023 920 τ.
1048 860 1085 934 λ.,
1114 859 1171 919 aut
1198 857 1236 920 τό
1259 877 1293 921 τε
1317 856 1457 934 νόμιεμα

310 963 401 1027 καὶὸ
424 964 506 1044 ἀνὴρ
530 965 645 1044 ἐρρήθη
669 965 687 1030 ὁ
710 965 792 1043 πρὸ(
815 987 840 1028 κ.
862 987 889 1029 τ.
912 966 968 1050 λ),
991 965 1081 1044 οίμη
1103 989 1136 1049 p.
1153 966 1227 1047 618,
1250 966 1286 1048 5,
1309 966 1456 1031 οἴνοπε

310 1096 341 1156 p.
366 1073 443 1155 618,
477 1075 535 1156 33,
569 1073 683 1139 οίτοε
716 1097 747 1158 ρ.
772 1074 853 1156 619,
882 1075 939 1157 28,
972 1075 1153 1154 ὀλαιτόε,
1186 1076 1321 1155 ὀλεμεύε
1357 1074 1455 1159 (corr.

311 1183 497 1262 diomede
520 1205 558 1246 ex
580 1183 756 1266 Hesychio)
773 1205 805 1266 p.
822 1184 895 1266 622,
916 1185 969 1267 10,
993 1185 1225 1265 ὀλιγαίμουε
1249 1208 1280 1269 p.
1298 1185 1374 1267 62],
1399 1183 1456 1261 48,

310 1293 501 1374 ὀλιγωρία
536 1316 567 1376 p.
596 1293 674 1375 621,
707 1293 765 1375 46,
803 1295 915 1360 πεζοί
947 1316 979 1377 p.
1010 1295 1088 1378 658,
1123 1296 1180 1376 37,
1214 1294 1456 1375 περιρρηδήε

309 1426 341 1486 ρ.
365 1403 442 1485 664,
466 1403 525 1484 40,
553 1403 729 1481 Περεεύε
757 1426 788 1486 ρ.
812 1403 892 1486 665,
920 1404 977 1486 46,
1006 1406 1201 1483 Πολέμων
1229 1427 1261 1488 p.
1286 1405 1367 1484 679,
1398 1403 1455 1482 52,

310 1513 534 1592 ῥαδανίζειν
562 1536 594 1595 p.
619 1512 697 1595 702,
723 1513 778 1594 10,
806 1519 1043 1592 ειναμωρεῖν
1066 1537 1098 1596 ρ.
1119 1515 1200 1596 713,
1230 1515 1287 1597 31,
1316 1514 1456 1578 εκόλιο

309 1645 340 1706 p.
365 1623 438 1704 718,
462 1624 519 1706 37,
542 1623 727 1703 εοφιετήε
749 1645 780 1705 ρ.
799 1623 871 1705 722,
895 1623 954 1705 22,
977 1626 1117 1702 τελετή
1140 1645 1172 1706 p.
1197 1624 1271 1706 751,
1297 1626 1348 1706 11,
1375 1621 1454 1685 Zon.

309 1755 340 1815 p.
367 1734 462 1816 1718,
486 1734 614 1813 Φάνηε
637 1732 745 1816 Etym.
770 1733 814 1794 M.
838 1756 869 1816 p.
895 1733 967 1815 787,
990 1734 1048 1814 30,
1073 1734 1221 1814 Χείρων
1244 1756 1276 1817 p.
1301 1734 1377 1816 810,
1401 1730 1451 1796 35.

309 1843 445 1906 Accedit
471 1843 608 1908 Λάδων
640 1841 779 1905 Βολλεενί
801 1841 923 1905 Anecd.
947 1865 980 1926 p.
1007 1843 1098 1926 1459,
1124 1843 1162 1906 dc
1184 1864 1247 1927 quo
1269 1843 1346 1926 quid
1371 1843 1453 1906 Orus

309 1952 460 2033 narrarit,
484 1951 648 2016 Bekkerus
671 1952 825 2015 adnotare
847 1974 879 2035 p.
907 1952 989 2016 1393
1012 1974 1059 2036 sq.
1083 1953 1200 2016 oblitus
1222 1973 1291 2016 esse
1314 1953 1451 2016 videtur.

310 2061 361 2124 Ex
382 2062 432 2124 hie
453 2062 508 2124 ubi
531 2083 569 2124 ea
590 2061 790 2144 potissimum
811 2061 975 2144 exemeris
998 2062 1129 2144 quaein
1145 2061 1213 2126 sola
1234 2062 1452 2146 originatione

310 2173 479 2235 versantur
506 2171 736 2255 etymologica,
766 2173 803 2234 ut
824 2171 1015 2249 ἀγάλακτεε,
1039 2172 1214 2252 ἀεείφρων,
1237 2173 1354 2252 ἀεικής,
1378 2173 1451 2236 ἄλο·
1496 2211 1499 2222 ·

310 2302 383 2362 χοε,
414 2285 511 2362 βορᾶε
539 2285 571 2344 et
599 2280 736 2362 similia,
765 2281 883 2344 bonam
912 2281 1171 2346 observationum
1198 2285 1324 2364 partem
1352 2281 1451 2345 habes

309 2390 413 2454 bonae
440 2391 544 2476 frugis
571 2391 838 2475 plerrissimarum.
883 2390 984 2472 Vide,
1016 2394 1052 2454 ut
1078 2391 1171 2454 huius
1192 2412 1317 2474 quoqne
1340 2392 1388 2454 rei
1411 2407 1450 2452 ne

309 2501 528 2566 desiderentur
549 2502 705 2584 exempla,
729 2501 816 2564 velut
837 2501 1003 2580 ἀθλῆεαι
1024 2523 1080 2549 -·
1104 2501 1153 2566 ὅτι
1174 2503 1252 2581 μετὰ
1273 2503 1333 2567 τὸν
1355 2519 1449 2566 κατο-

309 2603 446 2690 κλυτμὸν
476 2612 696 2692 ἐξηργηκότων
729 2612 787 2691 ἤδη
821 2615 889 2677 τῶν
918 2611 1060 2686 ἀγώνων
1088 2612 1132 2676 ὼε
1166 2613 1308 2676 καὶτῶν
1337 2611 1447 2676 ἄλλων

310 2723 443 2788 πάντων
465 2727 531 2786 τῶν
553 2723 589 2786 ἐν
604 2723 730 2799 ’Έλληει
752 2724 860 2785 καλῶν
882 2722 1015 2800 ὕετερον
1032 2722 1171 2786 Ἀέθλιοε
1193 2721 1213 2784 ὁ
1235 2720 1448 2799 Ἐνλυμίωνοε

310 2835 413 2912 πατὴρ
440 2833 618 2910 ἐπιμέλειαν
648 2833 820 2911 ἐποιήεατο
851 2835 906 2911 τῆ(
927 2836 985 2896 τοῦ
1009 2832 1223 2910 Ὀλυμπιακοῦ
1247 2830 1377 2907 ἀγῶνοε
1401 2849 1449 2892 ευ-

260 2960 292 3008 το
310 2941 461 3006 ετὰεεωε·
483 2940 550 3005 ἀπὸ
572 2941 690 3006 τούτου
712 2941 773 3006 οὖν
795 2939 914 3018 γίνεται
941 2940 1029 3006 ἀθλῶ
1053 2963 1080 3004 e.
1104 2963 1135 3024 q.
1159 2963 1184 3003 s.
1215 2940 1321 3005 etrusc
1350 2941 1447 3018 Ὠροε

310 3050 421 3134 (vulgo
438 3051 575 3132 Ὠρίων).
605 3049 676 3133 Vel,
700 3051 783 3135 quod
805 3073 840 3115 re
863 3054 912 3114 est
934 3051 1157 3128 coniunctum,
1179 3052 1393 3129 γυμνάεια,
1417 3046 1446 3112 ol

309 3161 405 3225 τόποι
427 3160 513 3226 ὅπου
536 3161 769 3239 ἐγυμνάζοντο·
790 3161 907 3241 ruptore
921 3159 981 3227 οὖν
996 3161 1048 3225 ἐπὶ
1064 3166 1131 3228 τῶν
1154 3161 1313 3239 ἀθλητῶν,
1337 3159 1445 3234 ἐπειδὴ

309 3272 423 3349 γυμνοὶ
444 3271 659 3349 ἠγωνίζοντο·
686 3273 794 3350 ἐπειδὴ
818 3275 950 3350 πρῶτον
973 3272 1093 3349 γυμνὸε
1115 3271 1134 3334 ὁ
1156 3272 1335 3350 Ὄρειπποε
1357 3271 1447 3350 ἔδρα-

193 3417 196 3421 ·
309 3402 367 3459 μεν
396 3382 431 3447 ἐν
455 3383 628 3465 Ὀλυμπίᾳ,
657 3381 702 3445 ὥ(
731 3401 826 3462 φηειν
855 3379 962 3459 Ὠροε.
1006 3380 1070 3444 Vbi
1098 3403 1179 3465 quae
1207 3383 1385 3464 sequuntur
1410 3377 1447 3440 dc

310 3489 441 3574 Orsippi
469 3492 554 3554 illius
583 3491 763 3574 olympiade
785 3489 927 3573 XXXII,
944 3490 1004 3554 'eie
1029 3489 1110 3554 nihil
1137 3513 1208 3554 cum
1234 3490 1292 3556 Ori
1319 3489 1446 3553 nomine

309 3601 472 3665 societatis
501 3605 565 3684 est,
593 3602 787 3684 permultum
815 3605 922 3664 antem
950 3623 1022 3664 cum
1049 3600 1177 3664 scholiis
1207 3599 1387 3664 Homericis
1414 3597 1446 3660 in

309 3711 419 3776 Iliadis
441 3713 470 3776 Ψ
492 3712 571 3793 683,
594 3711 677 3774 unde
700 3711 827 3775 fluxisse
851 3711 970 3795 poteris
993 3731 1031 3773 ex
1054 3709 1209 3774 Boeckhii
1230 3709 1446 3793 disputatione

309 3822 497 3907 intellegere
520 3821 614 3904 Corp.
638 3821 734 3885 inser.
758 3843 807 3905 gr.
831 3821 848 3884 Ι
868 3843 901 3904 p.
924 3820 988 3885 554
1003 3842 1049 3904 sq.
1088 3819 1227 3883 Omnino
1250 3823 1356 3883 autern
1379 3837 1445 3902 per¹

309 3933 411 3996 multe
433 3932 490 3995 Ori
512 3931 574 3994 fide
596 3931 722 4014 prodita
741 3933 827 4012 sunt,
851 3951 917 3994 non
940 3931 995 3994 illa
1019 3929 1059 3993 ad
1076 3928 1217 3993 Ethnica
1239 3928 1444 4012 pertinentia,

308 4042 344 4106 in
374 4043 487 4127 quibus
519 4040 619 4104 multo
652 4042 756 4126 magis
789 4041 1003 4124 antiquarium
1036 4040 1224 4122 scriptorem
1257 4040 1384 4103 videare
1415 4037 1446 4099 et

308 4174 414 4217 rerum
442 4156 660 4217 enarratorem
687 4174 782 4236 quam
810 4151 1057 4236 grammaticum
1086 4171 1260 4235 agnoscere
1283 4153 1317 4212 et
1339 4149 1445 4212 verbo·

309 4284 380 4328 rum
406 4264 624 4350 interpretem.
669 4262 759 4337 Quod
788 4265 824 4324 ur
850 4283 891 4326 ne
919 4283 1009 4326 secus
1031 4261 1187 4346 accipias,
1216 4257 1444 4324 recordandum

310 4379 373 4458 est,
409 4375 463 4462 qui
491 4375 622 4440 tandem
650 4373 705 4437 illa
733 4374 840 4437 aetate
867 4374 1072 4455 γραμματικοί
1101 4371 1207 4438 vocati
1235 4369 1317 4456 sint,
1352 4385 1442 4456 quam
