3272 5088
539 369 694 418 moursn
718 367 1070 415 uamcnnnassnams.
1312 345 1374 410 481

239 523 346 588 codice
369 519 425 586 'suo
448 545 506 586 ms.
531 521 735 606 pependerit,
766 521 834 603 ipse
856 523 993 584 testatur
1015 517 1049 581 iu
1072 517 1200 601 epilogo
1229 515 1377 579 editionis

238 657 269 716 p.
293 635 371 698 539:
406 635 469 698 ἔετι
491 635 540 696 καὶ
562 633 645 696 ἄλλα
667 632 920 709 ἐπανορθώεεωε
942 629 1099 708 δεόμενα,
1128 628 1192 692 ὑπὸ
1215 631 1280 691 τῶν
1304 626 1377 704 ἀμε-

239 746 390 822 λεέτερον
417 745 468 807 καὶ
496 743 713 824 ῥᾳθυμότερον
742 741 1010 820 ἀναγραψάντων
1038 739 1083 802 ὡ(
1105 738 1187 802 εἰκόε
1210 742 1378 818 παραφθα-

240 856 352 933 ρέντα,
381 854 463 932 ἅπερ
492 853 672 932 ἀετερίεκοο
700 853 868 930 παραθέεει
897 849 1166 929 ἐεημειωεὰμεθα,
1198 849 1285 928 παρὰ
1312 850 1378 912 τῶν

239 964 442 1044 ἀκριβέετερα
471 963 615 1042 ἐχόντων
637 963 677 1027 τὰ
699 961 880 1041 ἀντίγραφα
909 959 1078 1039 θεραπεία(
1100 959 1175 1025 leuc
1197 958 1378 1035 τευξόμενα.

240 1081 276 1159 τῇ
304 1075 366 1153 γὰρ
394 1074 502 1138 αὐτῶν
535 1073 752 1151 ἐπανορθώεει
785 1071 1043 1150 ἑπιχειρήεανταε
1075 1069 1155 1148 ἡμόιε
1184 1068 1258 1132 oto<
1286 1066 1378 1150 εἰεῄει

240 1185 280 1261 μὴ
304 1186 361 1262 τὴν
384 1184 443 1262 ἤδη
471 1185 735 1262 παραφθαρεῑεαν
763 1183 892 1261 γραφὴν
922 1181 974 1244 ἐπὶ
1001 1181 1039 1244 τό
1067 1182 1176 1258 χεῖρον
1205 1178 1379 1254 κινήεωμεν

241 1293 315 1376 (sie)
338 1295 388 1356 καὶ
405 1294 442 1357 τό
459 1295 570 1358 κοινὸν
585 1292 744 1358 παθόντε(
760 1292 862 1356 adeor
885 1292 1032 1369 λάθωμεν
1056 1288 1131 1373 (sic)
1153 1288 1287 1352 ἑαυτοῦ(
1310 1285 1380 1352 ἀντὶ

241 1407 427 1482 διορθωτῶν
451 1403 708 1482 παραδιορθωταὶ
730 1402 912 1478 γεγονότεε.

327 1513 432 1594 Atque
454 1512 534 1575 haee
556 1511 721 1575 hactenua
761 1511 845 1574 Nam
868 1511 895 1573 si
917 1530 980 1594 qua
1002 1509 1179 1574 obscuritas
1203 1508 1315 1588 relicta
1338 1507 1380 1569 sit

241 1622 279 1684 de
296 1622 523 1704 ltomanorum,
547 1620 753 1702 Venetorum,
777 1619 994 1684 Parisinorum
1016 1618 1168 1682 librorum
1189 1617 1379 1697 rationibus,

242 1753 308 1794 non
336 1735 384 1794 est
411 1732 443 1795 id
470 1735 581 1795 nostra
609 1731 703 1813 culpa
730 1729 861 1794 factum.
908 1730 956 1793 Ac
985 1728 1095 1792 licebit
1122 1727 1308 1810 aliquando,
1346 1728 1382 1788 nt

243 1862 421 1923 operamne,
450 1840 510 1905 hoc
533 1839 684 1924 quidquid
707 1843 755 1902 est
777 1839 961 1902 detrimenti
983 1859 1040 1922 per
1062 1838 1186 1902 litteras
1209 1842 1242 1900 et
1263 1837 1382 1900 amicos

243 1950 435 2014 sciscitando
448 1972 663 2034 compensare.
692 1949 802 2033 Neque
818 1949 914 2032 enim,
927 1953 963 2012 ut
978 1949 1038 2012 hoc
1053 1947 1179 2031 addam,
1197 1969 1235 2011 cx
1247 1967 1284 2010 eo
1295 1947 1381 2031 quie-

243 2083 338 2144 quam
351 2060 500 2144 colligere
512 2061 599 2143 licet,
615 2059 698 2143 qnod
710 2039 910 2123 trescodices
926 2058 1102 2122 Vaticanus
1112 2059 1229 2122 libmm
1242 2057 1379 2140 primum

243 2170 390 2252 Dionysii
423 2170 670 2253 complectentes
698 2168 892 2233 Niebuhrius
926 2171 1152 2232 commemorat
1173 2167 1259 2231 Hiat.
1289 2167 1380 2231 Itoni.

244 2280 258 2342 Ι
285 2303 316 2363 p.
338 2279 402 2342 269
428 2279 477 2342 ed.
499 2279 535 2344 3:
570 2301 631 2362 quo
653 2278 782 2342 nomine
805 2278 879 2362 quid
907 2277 1040 2360 impedit
1064 2299 1125 2360 quo
1151 2278 1256 2341 minua
1287 2277 1382 2340 etiam

245 2389 417 2453 Vrbinatea
446 2387 746 2472 comprehenderit?
784 2387 1009 2472 Progredimur
1042 2387 1141 2470 igitur
1174 2387 1215 2450 ad
1245 2387 1379 2450 altorum

245 2501 341 2582 caput
363 2503 492 2562 nostrae
514 2497 751 2580 disputatione,
774 2500 811 2560 ut
833 2498 998 2580 explorata
1018 2497 1227 2580 singulonun,
1251 2518 1382 2578 quorum

246 2609 355 2691 copiae
370 2611 498 2691 praesto
511 2610 604 2689 ¹sunt,
630 2607 774 2671 codicum
796 2607 999 2688 condicione,
1023 2627 1084 2689 quo
1099 2605 1192 2669 modo
1215 2605 1253 2668 ad
1279 2626 1382 2668 emen-

244 2717 367 2780 dandas
389 2717 536 2800 Dionysii
557 2717 776 2800 Antiquitatee
799 2717 845 2780 eis
867 2717 910 2780 sit
931 2716 1095 2798 utendum,
1119 2714 1381 2778 demonstremus,

245 2817 332 2900 Quae
355 2825 481 2910 quidem
504 2826 735 2890 demonstratio
758 2827 792 2890 in
815 2825 976 2909 (lhisiani,
1000 2825 1167 2889 Vrbinatia
1190 2825 1271 2908 (sive
1293 2823 1383 2887 Vati-

246 2937 319 3000 cani
341 2937 569 3022 lludsoniani),
593 2936 804 3018 Venetorum,
828 2935 968 3000 Parisini
992 2934 1219 3019 Stephaniani,
1244 2956 1282 2998 ac
1304 2933 1384 3016 Lapi

246 3045 439 3110 iudicatione
469 3047 694 3111 continebitur.
740 3047 790 3109 Ac
818 3047 928 3108 atatim
956 3046 997 3108 ab
1025 3045 1118 3107 initio
1146 3043 1222 3108 licet
1250 3045 1291 3108 ab
1313 3045 1383 3107 reli-

246 3177 379 3238 quarum
401 3157 623 3240 quaestionum
645 3156 798 3221 societate
827 3156 994 3239 seiungere
1016 3153 1213 3218 Venetomm
1236 3154 1383 3218 aestima-

246 3265 376 3328 tionem.
422 3265 483 3340 eui
511 3287 672 3349 perpauca
699 3266 821 3329 habent
848 3264 994 3348 propria,
1024 3264 1174 3347 pleraque
1205 3264 1384 3328 eommunia

247 3397 318 3438 cum
339 3374 507 3439 Vrbinate.
553 3375 666 3458 Itaque
694 3375 755 3438 etei
777 3373 948 3458 Sylburgio
976 3396 1042 3436 non
1069 3395 1141 3436 raro
1168 3394 1287 3456 magno
1314 3373 1384 3436 risui

246 3505 320 3548 suus
342 3484 397 3547 ille
415 3484 557 3548 Venetus
580 3485 620 3547 ad
645 3483 867 3568 corrigendum
889 3483 1212 3566 redintegrandumvo
1228 3482 1383 3566 Stephani

247 3594 409 3676 exemplar
435 3594 512 3677 fuit,
548 3593 630 3677 quod
652 3597 813 3657 testantur
841 3594 882 3657 ab
910 3592 964 3656 illo
987 3592 1135 3656 restituta
1158 3615 1189 3675 p.
1213 3591 1244 3674 2,
1270 3592 1320 3655 17.
1346 3593 1385 3654 19

248 3703 312 3790 [K]
329 3705 385 3768 τὰ(
453 3705 740 3786 ἀναγραφομέναε,
764 3705 793 3786 7,
810 3703 853 3769 30
874 3704 1069 3783 ἀνέγραψεν,
1092 3703 1122 3786 9,
1142 3704 1157 3764 1
1181 3703 1272 3782 ὑπὲρ,
1297 3701 1327 3784 9,
1344 3702 1385 3764 32

245 3834 279 3878 τε
302 3813 401 3891 αὐτὴν
425 3815 661 3895 περιλαμβάνω,
684 3819 716 3876 et
738 3814 889 3894 fortasse,
919 3835 1110 3896 quamquam
1132 3834 1198 3876 non
1220 3811 1385 3874 nominato

247 3921 388 4006 Veneto,
413 3925 443 3988 ol
464 3926 499 3989 δὲ
516 3925 546 4007 7,
565 3925 615 4007 13,
640 3925 778 4002 εἰκοετῆε
797 3923 845 4004 10,
863 3923 899 3987 8:
921 3925 1031 3986 tamon
1046 3925 1119 4005 post
1136 3943 1283 3986 excussos
1305 3919 1384 3984 alios

248 4190 426 4245 entecheiden
444 4193 548 4258 laesen3
568 4192 603 4247 ob
622 4193 689 4246 aber
708 4191 752 4246 die
764 4191 985 4246 Emendationen
1004 4193 1076 4258 (fast
1091 4191 1136 4244 nie
1155 4191 1206 4244 mit
1223 4192 1278 4258 γρ.)
1297 4207 1329 4244 ex
1348 4191 1386 4243 in·

248 4282 330 4350 genio
358 4284 424 4337 oder
447 4303 497 4340 aue
520 4284 597 4340 einer
619 4286 725 4340 andern
747 4284 929 4338 Handeclrrilt
952 4285 1025 4351 sind,
1053 4283 1103 4337 dae
1123 4285 1197 4337 kann
1220 4284 1270 4337 der
1292 4284 1384 4338 blosee

248 4376 441 4443 Augenschcin
459 4378 536 4431 nieht
553 4378 767 4447 enteoheiden.’]

299 4479 342 4512 ra.
363 4479 529 4515 araecnunrr
549 4481 695 4515 oruecumi
715 4483 734 4521 τ,
1143 4464 1182 4526 31
