3272 5088
673 370 815 418 salsior
837 371 987 418 ssrsrs.
1336 354 1400 420 425

181 609 185 616 Ι
345 522 436 598 Quod
458 524 610 588 relicuum
633 527 697 606 est,
727 527 764 587 ut
785 522 1023 588 Platonicorum
1046 522 1167 607 aliquot
1188 523 1398 608 dialogorum,

261 633 373 717 quibus
396 633 517 698 mentio
539 632 690 698 Archelai
711 633 799 698 facta
822 637 886 716 est,
914 637 950 698 ut
972 632 1150 697 Alcibiadis
1171 633 1214 716 II,
1249 633 1398 720 Gorgiae,

261 743 437 828 Thcagis*)
465 747 610 830 tempora
637 764 703 808 non
729 765 910 828 repugnare
938 744 967 806 ei
995 743 1114 806 rationi
1136 742 1398 826 demonstremus,

261 875 357 937 quam
379 853 479 916 solam
501 854 720 937 probavimus:
747 853 778 916 id
803 853 939 938 quidem,
964 853 1114 936 quoniam
1136 854 1233 935 spatii
1256 853 1400 937 aliquan·

261 967 330 1028 tum
351 985 482 1046 poscere
503 963 645 1046 ridetur,
675 963 730 1030 alii
757 963 849 1028 huius
878 961 1061 1050 scriptionis
1084 961 1152 1028 loco
1175 963 1400 1028 reservandum

262 1094 330 1138 esse
351 1073 507 1142 duximus.

710 1227 872 1282 CAPV'I'
896 1227 942 1280 VI.
1420 1221 1452 1272 14

346 1345 503 1410 Revertor
524 1347 564 1410 ad
579 1347 709 1411 Aeliani
732 1347 949 1411 narrationem
973 1369 1042 1430 cap.
1059 1347 1090 1410 V
1112 1349 1260 1431 positam.
1293 1347 1400 1410 Euri-

263 1455 373 1540 pides
395 1457 504 1541 igitur,
529 1457 589 1520 etsi
611 1478 683 1541 quo
707 1479 810 1521 anno
833 1457 878 1520 ad
901 1457 1143 1521 Archelaum
1166 1479 1204 1521 se
1228 1457 1400 1521 contule-

263 1565 318 1629 rit
337 1566 545 1630 Macedoniae
565 1588 685 1652 regem,
703 1569 850 1630 accurate
873 1567 1032 1650 proditum
1054 1571 1103 1630 est
1123 1590 1142 1630 a
1163 1567 1267 1648 nullo,
1291 1569 1401 1630 tamen

264 1675 381 1759 olymp.
405 1674 495 1741 XCII
518 1698 604 1740 anno
625 1677 646 1740 4
668 1676 834 1740 etiamtum
857 1676 994 1740 Athenis
1017 1677 1114 1740 fuerit
1137 1678 1283 1760 oportet,
1315 1679 1400 1739 certe

263 1808 360 1869 usque
388 1786 428 1848 ad
457 1786 676 1850 Gamelionem
702 1808 858 1864 mensem,
887 1787 914 1850 si
943 1808 1007 1850 non
1036 1786 1077 1849 ad
1104 1785 1398 1869 Elaphebolionem.

263 1893 311 1958 Eo
333 1896 419 1958 enim
442 1918 538 1977 anno,
561 1895 673 1960 Diocle
696 1897 859 1978 archonte,
884 1895 1029 1960 Orestam
1051 1896 1169 1978 docuit,
1192 1899 1229 1959 ut
1251 1916 1289 1958 cx
1311 1895 1400 1959 scho-

263 2005 358 2068 liasta
387 2003 426 2068 ad
450 2005 554 2070 Orest.
579 2029 608 2070 v.
633 2007 693 2071 371
723 2007 786 2069 iam
809 2005 1011 2090 Musgravius
1040 2006 1206 2070 adnotavit
1228 2004 1400 2070 Chronolo-

263 2115 336 2198 giae
358 2115 505 2180 scenicae
526 2137 558 2198 p.
576 2117 596 2179 9
619 2115 681 2200 (ed.
699 2115 812 2200 Beck.)
836 2119 868 2179 et
883 2115 1048 2179 Fabricius
1071 2115 1156 2179 Bibl.
1175 2114 1402 2199 gr.11p.240

264 2223 364 2305 Harl,
389 2225 466 2288 item
488 2223 669 2288 Dodwellus
692 2227 779 2289 Ann.
804 2225 903 2288 'I'huc
928 2248 959 2308 p.
987 2226 1035 2289 18.
1079 2224 1127 2288 De
1149 2229 1271 2288 morte
1295 2227 1402 2287 autem

265 2332 485 2418 Euripidis,
521 2357 582 2419 quo
608 2335 665 2398 illa
693 2357 778 2398 anno
806 2335 973 2417 acciderit,
1008 2357 1088 2418 quae
1116 2334 1192 2397 olim
1226 2333 1402 2418 disputarit

265 2442 443 2508 Boeckhius
470 2444 509 2538 de
537 2467 586 2530 gr.
610 2449 694 2530 trag.
718 2445 917 2529 principibus
941 2445 1045 2528 capite
1071 2445 1125 2526 16,
1157 2465 1195 2507 ea
1216 2443 1310 2506 hodie
1333 2444 1401 2527 ipse

264 2537 424 2637 improbet
449 2575 578 2618 necesse
610 2559 660 2619 est
692 2559 823 2638 propter
856 2559 1031 2619 correctam
1060 2557 1201 2617 asemet
1233 2553 1402 2636 pristinam

265 2662 303 2725 dc
325 2663 460 2727 Lenaeis
489 2665 698 2728 sententiam:
729 2668 824 2748 atque
851 2664 1045 2748 improbavit
1073 2662 1341 2728 commentatione
1364 2662 1403 2726 de

264 2773 355 2836 festis
387 2771 554 2838 Bacchicis
588 2796 619 2856 p.
650 2774 689 2837 97
725 2772 833 2837 adnot.
869 2774 939 2838 120.
989 2774 1100 2858 ltaque
1130 2775 1273 2856 quamvis
1301 2793 1402 2836 vacua

265 2881 464 2947 dubitatione
486 2884 552 2947 sint
573 2883 634 2946 duo
656 2883 722 2965 illa,
752 2883 900 2966 primum,
929 2887 1069 2947 mortuos
1095 2883 1193 2946 fuisse
1223 2887 1255 2946 ct
1282 2881 1401 2965 Sopho-

266 2991 345 3054 clem
382 2996 414 3056 et
450 2993 635 3078 Euripidem
669 3015 707 3056 eo
739 2997 897 3076 tempore,
936 3015 997 3076 quo
1027 2992 1139 3056 Ranae
1175 2992 1402 3076 Aristophanis

266 3105 339 3164 acta
367 3105 430 3185 est,
460 3103 491 3166 h.
516 3125 543 3166 e.
573 3101 709 3167 Iienaeis
737 3103 815 3166 anni
841 3103 929 3166 tertii
957 3102 1146 3185 olympiadis
1173 3101 1295 3184 XCIII,
1325 3102 1401 3166 alte·
1527 3173 1531 3182 ¹

266 3231 350 3292 rum,
384 3216 542 3276 mortuum
575 3233 643 3276 esse
678 3212 866 3298 Sophoclem
902 3216 975 3295 post
1011 3211 1213 3296 Euripidem,
1251 3212 1283 3275 id
1320 3212 1401 3295 quod

266 3319 434 3384 Marmoris
460 3321 564 3404 Parii,
598 3322 729 3404 Suidae,
762 3323 904 3386 Thomas
926 3320 1092 3405 Magistri,
1127 3321 1257 3405 Apuleii
1290 3320 1402 3403 ipsius-

266 3451 326 3512 que
354 3431 581 3514 Aristophanis
610 3433 653 3516 (v.
678 3433 740 3497 802
763 3431 846 3518 sqq.)
874 3430 936 3494 fide
959 3433 1173 3494 contestatum
1196 3433 1259 3494 est:
1292 3432 1402 3492 tamen

266 3560 466 3624 nequaquam
487 3541 584 3604 facile
607 3542 711 3606 obitus
734 3541 897 3625 Euripidis
919 3540 1045 3605 definiri
1073 3544 1188 3622 potest.
1241 3539 1302 3614 Qui
1331 3560 1402 3602 oum

267 3671 285 3712 a
316 3649 383 3713 solo
415 3649 583 3715 Marmoris
617 3649 705 3715 Parii
743 3654 871 3715 auctore
905 3651 1055 3736 (quocum
1087 3653 1197 3714 tamen
1228 3670 1402 3734 congruere

266 3757 398 3823 Diodori
425 3761 522 3823 verba
550 3761 699 3825 videntur
727 3764 831 3827 τινὲς
858 3762 898 3826 δὲ
925 3763 1052 3836 heroon
1075 3809 1082 3822 .
1107 3809 1113 3823 .
1137 3809 1143 3822 .
1166 3765 1288 3842 μικρῷ
1312 3760 1402 3838 πρό-

267 3875 355 3934 εθεν
378 3871 504 3935 τούτων
531 3875 596 3935 τῶν
626 3873 769 3956 χρόνων)
798 3870 976 3952 adscriptus
1010 3869 1054 3932 sit
1080 3868 1269 3951 olympiadis
1297 3867 1403 3933 XCIII

267 4000 352 4042 anno
382 3979 490 4060 altari,
522 4001 540 4043 a
568 3980 728 4064 plerisque
755 3983 865 4044 tamen
888 3979 1028 4043 eiusdem
1049 3977 1145 4040 tertio
1167 3977 1328 4040 tribuitur.
1374 3977 1402 4040 E

267 4088 380 4170 quibus
408 4089 492 4152 solos
520 4090 651 4154 nomino
673 4090 883 4172 peritissimos
904 4092 1084 4172 temporum
1106 4088 1251 4150 auctores
1273 4086 1403 4169 Apollo-

265 4225 467 4238 a·-...--·-—---

333 4291 358 4358 *l
382 4289 489 4359 [Paucis
506 4291 572 4356 hoc,
595 4290 645 4344 sed
665 4290 829 4360 prudenter,
852 4290 935 4358 quale
958 4290 994 4344 sit
1012 4286 1219 4345 Gutschmidius
1238 4285 1404 4356 significavit

266 4381 283 4434 l.
305 4400 325 4436 s.
346 4400 367 4435 s.
386 4399 413 4451 p.
434 4382 575 4454 losada]
