3270 5094
658 387 778 433 ousian
803 387 966 434 oouourn.
1318 371 1383 436 405

241 537 276 601 δέ
303 537 479 619 particulae
507 537 613 601 sedem
641 538 782 622 vulgaris
810 540 871 619 γάρ
906 543 1109 624 occupasset,
1143 543 1179 604 ut
1211 539 1257 604 sic
1291 517 1381 604 erae-

241 667 355 731 quasse
377 668 486 711 versus
508 651 636 731 poetam
658 647 906 733 perspiceretur:

392 825 559 906 ιημάντωρ
588 827 715 892 ἁλιώιει
743 828 812 906 χερὶ
840 827 971 906 πέρκαι·
1007 827 1026 892 ὁ
1061 827 1096 892 δ’
1128 827 1258 892 ἐιαιὲν
1291 828 1380 906 ὁρῶν

643 937 758 1001 κύκλοι
780 963 814 973 ·-

240 1071 273 1135 et
401 1070 442 1135 tul
474 1072 508 1135 δ’
546 1071 719 1151 εὐήρετμο(
753 1071 889 1148 ἔκπαγλ’
925 1069 998 1138 ἁλία
1031 1071 1116 1172 χεριί
1148 1071 1380 1151 παραπτομένα

643 1181 749 1246 πλάτα
770 1207 812 1246 ··.

239 1357 277 1421 In
299 1379 362 1442 qua
384 1358 543 1441 scriptura
565 1381 664 1422 unum
685 1361 787 1422 restat
808 1359 891 1442 quod
914 1357 1120 1440 defendatur,
1148 1379 1215 1423 non
1243 1360 1279 1422 ut
1305 1379 1378 1442 gra·

238 1467 302 1530 tius
334 1471 368 1530 et
393 1466 541 1548 nitidius,
577 1466 632 1530 sed
664 1470 699 1530 ut
732 1467 956 1532 necessarium.
1002 1466 1164 1551 Reisigius
1192 1468 1278 1530 enim
1306 1488 1377 1531 curn

238 1576 438 1659 responsioni
454 1576 706 1660 antistrophicae
728 1577 773 1640 sic
796 1575 1024 1639 consulendum
1044 1579 1183 1659 putaret,
1206 1577 1283 1640 uto
1305 1578 1377 1656 γὰρ

238 1685 384 1765 stricato
406 1686 496 1766 ὁρῶν
518 1687 633 1751 κύκλοι
656 1688 688 1748 et
710 1687 818 1766 χερεί
840 1686 1095 1768 παιραπτομένα
1115 1686 1221 1749 πλάτα
1239 1685 1377 1748 invicem

238 1795 299 1858 sibi
333 1794 467 1862 referret
501 1795 719 1859 concinnitate
756 1815 851 1878 quam
887 1793 1024 1856 maxime
1061 1792 1273 1876 inconcinna,
1311 1815 1377 1857 non

237 1904 343 1988 potuit
364 1903 442 1987 quin
464 1925 517 1967 eos
540 1903 593 1988 qui
615 1902 812 1986 praecedunt
834 1924 942 1966 versus
964 1924 1029 1966 una
1045 1902 1171 1966 adiecta
1193 1904 1231 1968 cci
1253 1902 1377 1986 syllaba

237 2013 284 2077 sic
316 2016 522 2097 exaequaret:
560 2014 720 2092 ιημαίμων
754 2013 880 2076 ἁλιώεει
908 2015 975 2092 χερὶ
1002 2013 1119 2091 πέρκαι
1141 2012 1217 2076 -ἁ
1244 2013 1276 2076 δ’
1305 2013 1376 2092 εὐή-

237 2144 349 2202 ρετμοι
387 2123 522 2200 ἔκπαγλ’
558 2123 633 2187 ἁλία
668 2123 720 2186 (ά.
765 2120 895 2206 Frigere
933 2120 1076 2184 additum
1113 2121 1157 2186 ιὰ
1188 2119 1376 2184 Hermanno

238 2231 355 2295 visum:
386 2233 417 2294 et
447 2232 493 2294 ita
516 2231 643 2315 quidem
666 2229 867 2294 conlocatum
889 2229 989 2312 friget
1010 2251 1132 2312 reapse.
1178 2229 1267 2304 Quod
1290 2230 1374 2293 enim
1481 2287 1483 2292 ,

237 2341 449 2424 exspectatur,
473 2362 539 2404 non
554 2339 614 2404 hoo
634 2341 698 2404 est:
721 2337 876 2421 ‘remipes
899 2343 1004 2402 autem
1027 2360 1085 2421 per
1105 2359 1194 2403 mare
1216 2338 1296 2402 rutis
1318 2341 1375 2402 tua

236 2449 339 2533 salit',
363 2449 418 2513 sed
440 2449 500 2512 hoc
522 2449 643 2532 potius:
665 2452 738 2512 ‘tua
761 2452 811 2512 est
828 2451 944 2530 autem,
969 2469 1049 2531 quae
1064 2447 1200 2531 remipes
1215 2469 1273 2530 per
1287 2469 1375 2511 mare

236 2558 314 2622 ratis
343 2558 445 2640 salit',
483 2561 652 2641 postquam
680 2557 758 2621 illud
786 2557 961 2640 praecessit
998 2559 1048 2620 ‘tu
1077 2577 1126 2638 es,
1164 2555 1218 2640 qui
1245 2557 1374 2620 frenare

236 2688 332 2751 equos
365 2666 531 2730 docueris.’
580 2665 668 2751 Ergo
701 2665 841 2729 dubitari
873 2685 1001 2748 prorsus
1039 2687 1104 2729 non
1136 2668 1258 2748 potest,
1296 2665 1373 2748 quin

236 2798 345 2840 verum
359 2775 560 2860 Musgravius
580 2775 696 2839 viderit
717 2776 854 2852 ἀγυιαῑι·
879 2775 954 2840 ἅδ’
976 2802 1007 2809 -·
1030 2778 1158 2838 mutans
1181 2774 1215 2838 in
1238 2775 1373 2850 ἀγυιαῖς·

237 2887 280 2950 (ὰ
306 2887 339 2950 δ’
364 2913 405 2948 ··.
448 2883 533 2948 Nam
564 2885 604 2948 ad
636 2883 823 2967 Neptunum
855 2887 1017 2947 auctorem
1051 2884 1163 2947 referri
1197 2883 1372 2967 navigandi

236 2997 338 3057 artem
361 3015 431 3058 cum
454 2993 714 3058 Schneidewinus
743 2993 790 3056 ait
816 3014 833 3056 e
862 3013 946 3056 riexu
968 2993 1200 3056 sententiarum
1222 2993 1370 3076 perspici,

236 3102 309 3187 quid
333 3105 382 3166 est
402 3103 533 3166 tandem
557 3125 612 3167 cur
634 3101 772 3167 noluisse
795 3104 939 3184 poetam,
970 3102 1052 3185 quod
1075 3123 1175 3165 nexus
1198 3101 1371 3165 sententia·

235 3233 306 3274 rum
325 3211 499 3295 flagitaret,
520 3211 625 3275 verbis
647 3211 758 3275 efferre
779 3213 925 3294 putemus
941 3231 1021 3293 quae
1042 3210 1168 3293 quidem
1190 3211 1224 3274 in
1245 3231 1371 3294 promp-

234 3324 271 3384 tu
292 3325 399 3384 essent
420 3321 517 3404 longe
540 3318 817 3384 commodissima?

319 3512 443 3577 Licebit
478 3513 578 3597 igitur
614 3535 700 3577 nunc
733 3513 882 3596 strophae
915 3516 948 3576 et
980 3511 1200 3594 antistrophae
1234 3513 1372 3594 speciem

234 3621 416 3686 universam
436 3621 521 3687 hanc
544 3621 765 3686 commendare
787 3643 882 3705 quam
904 3621 990 3684 infra
1012 3619 1209 3704 scripsimus:

341 3809 423 3890 ἕετιν
446 3825 479 3888 δ’
502 3825 574 3889 οἷον
596 3825 660 3901 ἐγὼ
683 3828 741 3901 γᾶ(
764 3824 864 3888 Ἀεία(
886 3823 945 3888 οὐκ
967 3823 1117 3888 ἐπακούω

339 3933 415 3998 οὐδ’
437 3934 473 3999 ἐν
495 3938 535 4016 τᾷ
556 3934 676 4016 μεγάλᾳ
698 3935 822 4013 Δωρίδι
842 3934 929 4014 νάιῳ
952 3935 1031 3998 ποτὲ
1054 3933 1188 4012 βλαετὸν

339 4042 477 4122 φύτευμ’
499 4042 667 4123 ἀχείρητον
688 4041 876 4120 αὐτόποιον,

339 4150 462 4231 ἐγχέων
485 4152 615 4232 φόβημα
636 4151 750 4226 δαίων,
795 4153 814 4216 ὃ
837 4155 912 4233 τάδε
935 4151 1043 4216 θάλλει
1066 4152 1191 4230 μέγιιτα
1213 4151 1313 4230 χώρᾳ,

338 4261 477 4335 γλαυκᾱι
499 4260 722 4340 παιδοτρόφου
744 4260 872 4340 φύλλον
896 4260 1016 4352 ἐλαίας·

301 4391 303 4396 ·
339 4368 377 4433 τὸ
398 4369 456 4447 μέν
478 4389 523 4433 τι(
544 4368 677 4448 ἀκμαῖοι
698 4367 772 4434 οὔτε
793 4369 893 4447 γηρὰε
