3218 5094
247 364 312 428 620
637 308 692 426 nd
709 381 779 429 ono
802 381 846 427 nr
871 381 1014 428 emona.

240 535 343 614 Ὤρου
358 537 418 598 τοῦ
435 533 643 616 Μιληςίου*);
667 533 802 598 Scholiis
824 532 939 596 minor.
957 533 992 596 in
1007 533 1117 598 Iliadis
1134 535 1157 598 B
1172 535 1234 598 461
1251 537 1283 596 et
1304 532 1381 597 hine

239 643 389 708 Favorini
411 643 481 706 Ecl.
505 666 537 726 p.
563 643 634 727 126,
657 645 715 708 35:
738 645 842 709 οὕτω(
864 644 964 723 Ὧρο(
987 645 1022 709 ἐν
1044 651 1081 729 τῇ
1105 645 1321 728 ὀρθογραφίᾳ;
1345 644 1380 706 in

241 753 364 836 quibus,
388 753 472 836 quod
493 754 570 816 alibi
593 753 676 837 aliia,
700 753 819 817 accidit
834 753 994 838 Spitzneri
1016 753 1214 838 diligentiae,
1238 757 1275 817 ut
1290 751 1380 817 Orio-

240 885 314 927 nem
337 863 457 927 diceret
485 862 753 948 orthographum3
782 863 892 948 Steph.
923 861 1000 948 Bya.
1030 887 1062 947 p.
1091 864 1170 947 399,
1197 863 1236 927 12
1263 863 1379 929 Dind.:

240 973 339 1054 Ὥρο(
361 976 397 1038 δέ
420 994 515 1053 φηςιν
538 975 574 1038 ἐν
597 981 634 1058 τῇ
658 973 867 1059 ὀρθογραφίᾳ.
911 973 961 1037 Ac
990 972 1211 1056 percommode
1241 977 1325 1037 certe
1348 977 1381 1037 et

240 1083 384 1168 usurpari
407 1085 440 1146 et
467 1083 559 1147 citari
589 1083 670 1147 liber
697 1083 803 1166 potuit
830 1085 909 1149 κατὰ
938 1088 1094 1164 ετοιχεῑον
1122 1083 1310 1168 dispositus,
1345 1087 1381 1147 ut

188 1196 375 1257 crescatur
398 1191 521 1257 Suidas.
553 1192 751 1277 Quamquam
774 1194 809 1256 in
831 1196 964 1276 utroque
989 1194 1070 1258 libro
1093 1194 1223 1258 eaedem
1245 1215 1295 1258 res
1316 1194 1380 1258 for-

240 1304 325 1366 sitan
355 1301 527 1385 redierint,
557 1302 634 1366 licet
662 1302 802 1366 diversas
831 1303 866 1366 in
893 1307 1002 1386 partes
1030 1304 1082 1368 hic
1109 1304 1176 1368 illic
1209 1303 1378 1368 iudicatae.

239 1413 410 1477 Praeterea
441 1416 548 1476 autem
580 1412 642 1476 duo
677 1413 761 1494 apud
790 1412 920 1476 Suidam
953 1413 1075 1478 indices
1104 1413 1263 1478 adduntur
1292 1417 1381 1494 περὶ

239 1528 304 1602 τῆς
327 1527 359 1588 ῖι
387 1523 608 1603 διφθόγγου
631 1525 664 1586 et
687 1524 943 1605 ὀρθογραφία
966 1525 1053 1604 περὶ
1075 1528 1141 1603 τῆ(
1169 1531 1200 1590 ur
1223 1525 1380 1608 διφθόγ-

239 1654 319 1710 γου.
374 1633 412 1696 In
453 1633 565 1715 quibus
606 1627 774 1696 afferendis
814 1655 884 1696 cmn
922 1655 988 1696 non
1028 1633 1197 1698 admodum
1231 1637 1380 1698 accurate

240 1741 352 1806 Suidas
385 1741 508 1806 locutus
541 1742 598 1824 sit,
632 1745 742 1806 tamen
770 1747 803 1806 et
834 1743 973 1806 medium
1003 1743 1141 1827 positum
1176 1744 1381 1826 ὀρθογραφία

239 1873 357 1915 nomen
379 1855 412 1915 et
433 1853 502 1935 ipsa
526 1874 575 1916 res
598 1852 743 1934 suadent,
770 1857 893 1917 utnon
916 1853 1055 1917 diversos
1077 1854 1185 1937 libros,
1209 1854 1264 1917 sed
1286 1853 1380 1917 unius

240 1961 380 2025 diversas
403 1965 511 2044 partes
533 1962 711 2046 significari
734 1963 908 2027 credamne.
942 1961 1011 2026 Nec
1033 1963 1116 2047 quod
1139 1967 1235 2026 antea
1259 1962 1380 2026 ePari·

240 2071 310 2134 sino
338 2069 579 2155 Havniensiquc
608 2072 847 2154 proferebamus
877 2078 1115 2152 orthographiae
1147 2073 1378 2154 testimonium,

240 2179 322 2264 quod
351 2183 496 2243 versatur
522 2181 557 2244 in
590 2181 793 2245 diiudicanda
822 2187 898 2263 ξῑρι(
926 2185 958 2245 et
986 2187 1079 2263 ξεῑριε
1107 2183 1282 2266 scriptura,
1315 2183 1380 2246 alio

240 2293 366 2373 spectat
392 2290 454 2354 nisi
485 2290 525 2354 ad
552 2291 656 2374 ipsam
678 2297 713 2358 ἐἶ
736 2291 982 2376 diphthongum.
1028 2291 1169 2367 Quocum
1203 2293 1308 2376 aliqua
1341 2313 1381 2356 ex

240 2403 331 2482 parte
360 2401 537 2484 comparari
564 2405 686 2485 potest,
722 2401 803 2485 quod
837 2402 972 2466 similem
1006 2402 1040 2466 in
1067 2402 1195 2466 modum
1225 2402 1380 2486 disposita

240 2510 337 2574 etiam
352 2510 548 2594 Theognosti
565 2511 767 2595 grammatici
784 2511 1016 2596 orthographia
1039 2512 1112 2596 fuit,
1137 2516 1173 2577 ut
1187 2511 1380 2598 singillatim

308 2910 333 2974 *)
354 2908 506 2976 [Loquendi
524 2926 611 2978 genus
631 2911 703 2977 quod
722 2910 894 2976 001εῑετήν
917 2911 1109 2978 ὁρθογραφῐαν
1133 2929 1194 2964 oum
1217 2911 1258 2964 siri
1277 2911 1379 2966 similia

239 3001 345 3055 habeat
363 3004 498 3068 sescenta,
516 3006 611 3056 tamen
630 3003 801 3071 seiungenda
819 3003 915 3070 abeis,
933 3004 961 3056 in
974 3003 1074 3070 quibus
1088 3005 1127 3059 εἰ(
1139 3007 1174 3058 τὸ
1186 3035 1218 3042 -
1230 3004 1275 3058 vel
1293 3003 1380 3058 ctiam

240 3097 316 3161 ζήτει
335 3095 374 3148 εἰ(
392 3097 427 3148 τὸ
440 3125 471 3133 -
490 3100 533 3149 est
551 3095 720 3165 simpliciter,
739 3095 787 3149 illa
805 3097 932 3165 exempla
950 3099 1022 3162 sunt,
1039 3097 1068 3150 in
1086 3097 1185 3165 quibus
1204 3097 1317 3151 verbum
1336 3114 1380 3150 ac-

241 3187 315 3240 cedit
338 3187 411 3254 quod
434 3188 621 3242 accusativum
643 3188 797 3242 adsciscere
822 3205 890 3243 sana
912 3190 1020 3244 ratione
1043 3191 1147 3257 nequit.
1183 3189 1266 3243 Velut
1288 3189 1381 3258 ipsum

240 3278 308 3332 illud
326 3281 424 3348 cuper,
452 3283 495 3334 vel
519 3283 592 3345 λέγει
616 3283 801 3348 Χοιρόβοεκοε
825 3283 863 3336 εἰ(
881 3285 936 3349 τὴν
949 3285 1147 3350 ὀρθογραφίαν
1166 3283 1255 3336 αὐτοῦ
1279 3281 1321 3336 Et.
1341 3282 1378 3336 M.

240 3391 267 3441 p.
292 3379 337 3439 61,
360 3379 404 3438 43,
432 3375 539 3441 εἴρηται
563 3374 601 3427 εἰ(
624 3376 659 3426 τὸ
681 3375 830 3428 Πλειετοῑο
853 3394 879 3444 p.
906 3381 967 3439 661,
991 3381 1036 3440 16,
1063 3378 1136 3430 ἔετιν
1165 3377 1203 3430 εἰ(
1226 3377 1260 3428 τὸ
1283 3377 1380 3440 locut(

240 3483 266 3534 p.
286 3470 344 3530 566,
365 3473 403 3531 12,
420 3469 569 3533 ῥηθήεεται
588 3466 627 3520 εἰ(
644 3469 679 3519 τὸ
697 3469 795 3521 καυεῐα
813 3468 883 3522 Gud.
902 3486 928 3537 p.
948 3474 1005 3532 297,
1024 3476 1046 3522 3.
1083 3467 1178 3522 Monui
1195 3468 1248 3521 hoo
1265 3469 1382 3536 propter

241 3557 386 3624 Sturzium‚
405 3559 452 3625 qui
469 3560 594 3613 oratione
612 3559 706 3628 paullo
725 3577 809 3626 quam
822 3561 951 3615 Orionem
970 3560 1142 3629 elegantiore
1160 3579 1225 3614 usos
1244 3577 1304 3614 csse
1322 3563 1381 3628 ety-

240 3650 368 3718 mologos
386 3650 551 3706 mirabiliter
569 3651 622 3704 sibi
638 3651 778 3720 persuasit
794 3655 883 3722 praef.
902 3653 931 3706 in
950 3653 995 3706 Or.
1014 3672 1040 3722 p.
1055 3653 1113 3706 VII.
1139 3653 1187 3722 [cf.
1207 3669 1279 3706 nnnc
1291 3647 1378 3708 Maur.

242 3741 463 3796 Schrnidtium
489 3743 518 3796 in
544 3744 716 3798 Fleckeiseni
741 3747 840 3799 Annal.
868 3747 935 3815 phil.
962 3749 982 3799 t.
1007 3745 1093 3801 LXXI
1118 3756 1152 3809 (u.
1179 3751 1253 3814 1866)
1276 3763 1302 3815 p.
1328 3751 1380 3800 496

241 3835 316 3904 adn]
335 3867 367 3874 —
385 3835 467 3889 Istius
485 3835 561 3890 modi
578 3853 689 3902 naevos,
708 3839 807 3905 quibus
820 3841 929 3893 scatent
940 3839 1142 3908 Etymologica,
1161 3839 1236 3908 apud
1248 3838 1380 3893 Orionem

240 3931 344 3983 frustra
363 3945 492 3995 quaerar:
523 3932 621 3984 contra
639 3930 729 3985 eidem
747 3949 819 3998 quae
843 3931 909 3987 vitio
933 3927 1011 3986 dedit
1028 3931 1164 3998 Sturzius,
1188 3933 1236 3986 aut
1257 3931 1381 3986 librariis

242 4021 378 4075 debentur
396 4024 444 4076 aut
462 4022 562 4076 idonea
581 4023 688 4078 ratione
706 4042 762 4078 non
780 4025 974 4084 destituuntur,
1007 4025 1098 4079 Velut»
1107 4023 1261 4079 rectissime
1280 4023 1382 4078 elicitur

242 4117 273 4169 ἐκ
292 4121 343 4168 τοῦ
360 4117 395 4168 τὸ
413 4121 515 4183 τεῖχος,
534 4119 591 4170 ἀπὸ
609 4122 661 4171 τοῦ
681 4120 797 4184 ὁχρώει
817 4123 915 4173 contra
932 4137 988 4173 non
1006 4118 1217 4172 usitatissimum
1235 4120 1286 4182 est,
1305 4119 1382 4184 quod

242 4206 364 4261 Sturzius
383 4209 546 4278 expetebat,
570 4213 645 4277 παρὰ
663 4213 717 4276 τὴν
735 4212 813 4278 ἀράν.
852 4211 973 4276 Quorum
994 4213 1105 4280 purtem
1122 4209 1206 4278 tetigi
1222 4210 1332 4280 Proleg.
1351 4209 1382 4264 in

243 4301 379 4356 Thomam
397 4301 432 4355 M.
457 4321 484 4372 p.
503 4303 562 4357 XCI
581 4319 621 4369 aq.
660 4307 715 4368 (Ex
740 4310 873 4360 ‚ludendo
887 4327 915 4374 p.
936 4309 988 4373 80.)
1012 4336 1044 4343 -
1068 4303 1196 4359 Coterrnn
1221 4303 1303 4358 solita
1321 4320 1380 4357 eru-

243 4393 346 4447 ditione
364 4395 398 4448 dc
417 4395 519 4449 talibus
538 4395 692 4466 disputavit
714 4396 874 4450 Lehrsins
893 4396 1031 4452 Censurae
1050 4416 1077 4466 p.
1096 4397 1166 4464 461]
