3254 5092
649 369 686 414 ru
711 365 993 414 anrsrosuaunn.
1329 345 1393 412 235

254 520 390 584 ſtratum
411 541 472 584 uec
493 523 566 604 post
588 520 709 584 ο1.118
731 540 791 584 nec
813 518 922 582 multis
945 518 1038 582 annis
1062 521 1137 582 ante
1159 522 1272 583 natum
1294 517 1392 581 tuisse

253 632 378 694 constet
400 629 685 714 (ο1.Ηίδυο1ιυλίυια
706 653 737 714 p.
755 629 795 694 88
816 633 849 692 et
864 627 961 694 Clint.
978 626 1011 691 II
1026 651 1058 712 p.
1075 628 1163 714 368),
1188 627 1393 710 consequitur

252 738 483 806 Callimachum
505 761 571 804 non
594 743 669 804 ante
693 741 734 804 ol.
755 740 814 805 118
837 743 950 803 παλαια
971 759 1049 802 esse.
1088 737 1199 821 Equo
1221 736 1392 801 iudicanda

252 853 327 915 sunt
354 850 449 933 haec,
483 851 518 914 in
546 850 660 933 quibus
689 871 760 914 cum
788 849 977 933 antiquioris
1006 848 1176 912 memoriae
1209 847 1392 912 hominibus

252 960 318 1024 eius
340 967 458 1026 nomen
481 960 682 1043 componitur
703 961 760 1024 rit.
785 959 910 1024 Aratl
932 981 964 1042 p.
982 959 1002 1023 3
1018 959 1066 1023 ed.
1084 957 1195 1022 Buhl.:
1219 959 1391 1039 ευνήκμαιε

252 1073 287 1136 δὲ
323 1072 522 1155 Ἀλεξάνδρῳ
559 1077 604 1156 τῷ
640 1072 772 1156 Αἰτωλῷ
809 1073 859 1134 καὶ
897 1070 1085 1154 Καλλιμάχῳ
1122 1069 1171 1134 καὶ
1210 1069 1391 1149 Μενάνδρῳ

253 1181 435 1264 (Νικάνδρῳ
458 1181 540 1245 coni.
564 1180 759 1246 Ritschelius
774 1203 806 1264 p.
824 1179 879 1266 86)
902 1181 951 1246 καὶ
967 1181 1094 1262 Φιλητᾷ
1132 1176 1238 1242 Schol.
1255 1177 1389 1242 Theocr.

252 1313 282 1373 p.
307 1290 369 1356 809
392 1290 440 1354 cd.
464 1289 596 1356 Kiessl:
625 1291 727 1356 ἰετέον
749 1290 799 1355 ότι
821 1291 840 1354 ὁ
863 1291 1042 1370 Θεόκριτοε
1064 1289 1194 1366 ἐγένετο
1224 1288 1392 1368 ἰεόχρονοε

251 1405 309 1466 τοῦ
332 1402 466 1481 Ἀράτου
493 1402 543 1465 καὶ
570 1403 629 1465 τοῦ
653 1401 852 1479 Καλλιμάχου
880 1401 930 1464 καὶ
958 1403 1016 1464 τοῦ
1040 1400 1233 1478 Νικάνδρου·
1263 1399 1391 1475 ἐγένετο

252 1512 287 1575 δὲ
309 1511 361 1575 ἐπὶ
383 1512 512 1591 χρόνων
534 1511 737 1588 Πτολεμαίου
760 1514 819 1575 τοῦ
842 1510 1058 1591 Φιλαδέλφου.
1142 1516 1148 1528 “

335 1622 367 1686 3.
399 1619 504 1686 Schol.
521 1619 607 1685 Vict.
632 1620 669 1684 ll.
696 1622 730 1702 Β,
753 1616 831 1700 234:
855 1607 886 1684 οἱ
907 1621 980 1697 περὶ
1001 1619 1190 1698 Ζηνόδοτον
1213 1620 1391 1685 πολυπίδα-

253 1751 307 1796 κοε
330 1732 381 1796 διὰ
403 1731 441 1795 τὸ
459 1731 660 1809 Καλλιμάχου
677 1730 827 1809 Κρηνέων
843 1731 870 1793 τ’
885 1728 1022 1812 Εὐρώπῃ
1044 1729 1244 1807 μιεγομένων
1265 1729 1389 1794 ἕκατον.

252 1838 357 1905 Schol.
380 1839 459 1904 Eur.
483 1840 579 1904 Rhea.
603 1839 662 1904 28:
692 1841 772 1906 ἔνιοι
799 1841 834 1903 δέ
863 1839 937 1905 εἰειν
961 1838 992 1902 ol
1019 1840 1069 1903 καλ
1095 1839 1183 1918 παρά
1211 1841 1268 1916 τήν
1291 1839 1391 1918 αὐτὴν
1409 1855 1460 1908 255
1583 1881 1589 1895 ·

252 1949 436 2034 (Εὐρώπην)
460 1951 643 2029 ὠνομόεθαι
664 1953 721 2028 τὴν
743 1950 877 2028 ἤπειρον
894 1948 1030 2033 (φαιόν),
1053 1949 1196 2027 καθάπερ
1218 1950 1267 2026 καὶ
1285 1949 1392 2013 Καλλί-

251 2079 369 2138 μαχοι,
398 2061 586 2138 Ζηνόδοτος
617 2062 654 2125 δὲ
685 2059 740 2124 ἀπ’
772 2060 881 2124 αι’ποῦ.
934 2057 1022 2132 Quae
1056 2079 1127 2122 curn
1154 2056 1318 2122 Heckerus
1352 2058 1392 2122 ad

252 2169 418 2234 Aetiorum
440 2169 556 2233 librum
579 2191 597 2232 a
621 2169 817 2235 Callimacho
846 2169 910 2232 iam
939 2168 978 2231 ad
1007 2170 1204 2232 senectutem
1226 2171 1391 2253 vergente,

240 2281 287 2356 ut
320 2279 381 2362 ait,
415 2280 567 2362 scriptum
598 2282 794 2363 revocasset,
829 2277 1061 2344 Callimachum
1094 2299 1202 2341 senem
1230 2277 1391 2342 Zenodcto

252 2389 416 2472 aequalem
430 2388 528 2453 scrisse
543 2410 603 2452 nec
618 2389 718 2453 vitam
732 2389 818 2453 ultra
840 2388 932 2452 huius
953 2391 1087 2451 mortem
1107 2387 1234 2452 duxisse
1250 2387 1389 2472 collegit.

252 2496 313 2564 Sed
335 2501 371 2562 ut
392 2501 518 2564 taceam
545 2499 628 2582 quod
657 2498 696 2562 de
719 2499 884 2563 nominmn
907 2497 1087 2580 corruptela
1115 2497 1270 2582 cogitavit
1292 2496 1392 2562 Bern-

251 2607 390 2691 hardyus
405 2607 489 2672 Hist.
514 2608 576 2671 litt.
600 2629 707 2693 graec.
724 2607 757 2674 Π
777 2630 808 2691 p.
830 2607 921 2691 1035,
945 2607 1097 2690 quoniam
1118 2606 1157 2670 dc
1173 2627 1210 2669 eo
1232 2605 1315 2689 quod
1337 2607 1392 2672 ille

252 2717 372 2801 posuit,
402 2739 467 2782 non
495 2718 637 2800 potuisse
659 2717 857 2782 Zenodotum
885 2719 918 2780 in
942 2717 1053 2781 critica
1082 2719 1151 2780 arte
1174 2715 1350 2780 exercenda
1373 2715 1391 2780 a

252 2825 449 2892 Callimacho
471 2831 662 2912 argumenta
688 2830 813 2911 petere,
842 2827 940 2892 alium
968 2827 1061 2891 aliter
1089 2826 1301 2891 iudicaturum
1323 2847 1391 2892 esse

252 2935 358 3019 rideo,
386 2937 508 3001 nullam
531 2936 685 3002 Zenodoti
713 2958 830 3002 nomeu
862 2959 932 3002 cum
961 2936 1158 3002 Callimacho
1186 2937 1392 3002 coniunctum

252 3046 499 3132 argumentandi
514 3046 580 3111 vim
601 3047 709 3112 hahet.
747 3045 833 3110 Nam
848 3050 882 3111 et
896 3069 935 3110 ex
957 3047 1021 3110 alio
1037 3045 1227 3112 Callimachi
1250 3047 1391 3112 carmine

253 3156 383 3220 iuvenili
399 3159 505 3220 aetate
521 3157 641 3240 scripto
657 3156 737 3222 haec
751 3157 905 3222 memoria
919 3157 1021 3240 petita
1037 3178 1104 3220 esse
1126 3159 1248 3241 potest,
1267 3161 1305 3222 'et
1320 3158 1391 3241 ipsa

253 3265 349 3329 Aetia
365 3287 403 3330 er
417 3265 534 3330 Naelrii
554 3266 801 3342 ratiocinatione
816 3266 898 3332 Mus.
915 3264 1020 3330 Rhen.
1037 3266 1069 3330 11
1085 3289 1116 3350 p.
1133 3267 1196 3331 519
1214 3264 1341 3352 [Opusc.
1359 3268 1392 3332 ll

252 3396 284 3457 p.
301 3373 355 3462 36]
378 3380 453 3440 ante
474 3375 618 3440 Hecalen
641 3397 769 3442 carmen
790 3377 843 3462 (αό
859 3385 925 3442 ciro
945 3384 1107 3460 scriptum,
1131 3397 1191 3440 noa
1206 3381 1245 3442 αδ
1260 3379 1398 3463 ιἰιυυηο),λ

253 3485 428 3568 composita
456 3485 496 3548 ad
524 3489 721 3552 senectutem
749 3487 949 3578 referrelvix
977 3487 1062 3552 licet.
1119 3487 1257 3552 Omnino
1285 3490 1392 3553 autem

252 3593 331 3660 haec
352 3595 400 3658 ita
423 3599 609 3679 comparata
631 3601 722 3680 sunt,
751 3600 788 3661 ut
809 3597 851 3660 ab
872 3597 911 3661 iis
934 3617 999 3660 non
1025 3597 1305 3680 proficiscendum,
1336 3597 1391 3662 sed

252 3725 269 3768 e
296 3707 476 3789 temporum
509 3705 634 3770 ratione
667 3706 794 3772 aliunde
832 3705 1007 3770 constituta
1044 3727 1093 3771 rer
1131 3706 1301 3771 iudicanda
1337 3708 1389 3771 sit.

253 3811 363 3897 Itaque
398 3813 480 3878 nihil
513 3813 588 3879 inde
622 3815 800 3900 colligitur,
835 3815 898 3880 nisi
932 3814 1094 3882 Zenodoto
1125 3816 1212 3899 vivo,
1250 3818 1310 3881 hoc
1343 3821 1391 3881 est
1426 3883 1437 3896 ‚

254 3926 327 3988 ante
349 3923 391 3986 ol.
418 3923 478 3988 133
501 3923 622 3988 clarum
642 3925 741 3990 fuisse
764 3924 1004 3992 Callimachum.

327 4035 359 4096 4.
383 4031 496 4098 Suidas
512 4056 542 4097 ν.
558 4036 798 4115 Ἀριετοφόνηει
813 4038 951 4115 μαθητής
967 4038 1166 4116 Καλλιμάχου
1182 4039 1232 4101 καὶ
1246 4039 1390 4116 Ζηνοδό-

252 4161 322 4224 rou,
345 4143 427 4208 ἀλλὰ
441 4147 501 4208 τοῦ
520 4145 577 4222 μὲν
593 4144 823 4230 (Καλλιμάχου)
839 4146 929 4222 utos,
951 4149 1010 4210 τοῦ
1033 4149 1068 4212 δὲ
1084 4145 1300 4231 (Ζηνοδότου)
1316 4151 1390 4213 nott

251 4251 393 4328 ἤκουεεν.
451 4251 563 4336 ltaque
591 4257 627 4318 ut
654 4253 905 4337 Aristophanem
933 4254 1168 4320 adolescentem
1196 4255 1389 4338 institueret,

252 4359 337 4424 ultra
358 4360 399 4424 ol.
426 4362 487 4427 134
508 4362 609 4428 vitam
630 4363 812 4446 provexerit
833 4385 962 4428 neccsse
985 4368 1042 4428 est.
