3226 5096
248 329 308 391 144
547 343 797 391 1010111111
822 340 1090 391 nisevrarroms

247 501 333 562 certa
357 497 483 561 litterae
507 501 634 560 nostrae
662 501 730 560 arte
753 499 785 558 et
809 495 979 578 disciplina
1003 496 1261 561 continebuntur.
1307 497 1388 573 Quid

246 611 295 672 cst
317 611 439 690 autern,
464 629 519 671 cur
541 607 579 670 de
595 607 813 690 Lycophronis
828 607 863 669 in
878 606 1057 670 ordinanda
1080 606 1273 670 bibliotheca
1294 607 1388 671 sociis

247 718 430 782 Alexandro
453 722 486 781 et
505 717 665 781 Zenodoto
687 715 914 800 Bernhardyus
936 740 967 800 p.
991 717 1053 781 82ss
1075 717 1222 781 dubitet?
1260 717 1389 782 Scilicet

244 829 317 893 illos
341 830 428 893 nullo
450 831 532 891 teste
556 831 682 892 constat
704 827 743 891 de
766 827 932 912 tragoedia
949 828 1100 911 epicaque
1124 830 1156 892 et
1177 829 1278 912 lyrica
1301 828 1388 913 poesi

245 940 364 1003 similes
379 939 678 1024 Lycophroneorum
700 939 944 1002 commentarios
965 938 1109 1002 edidisse.
1149 941 1194 1002 At
1217 961 1290 1002 vero
1312 945 1389 1024 quot

244 1051 374 1115 tandem
407 1072 458 1113 res
486 1052 561 1113 sunt
589 1049 623 1112 in
655 1051 717 1112 hae
749 1048 952 1132 antiquitatis
983 1049 1168 1132 disciplina,
1203 1049 1242 1112 de
1276 1051 1388 1134 quibus

211 1161 388 1246 aquamvis
423 1183 488 1224 101
517 1161 642 1223 constet
674 1158 844 1222 memoriae
877 1158 955 1240 fide,
990 1181 1055 1222 non
1090 1160 1247 1224 immerito
1279 1164 1388 1225 tamen

245 1293 339 1335 nemo
368 1271 501 1335 dubitet.
542 1268 650 1352 Velut,
685 1273 721 1332 ut
751 1292 767 1331 e
800 1269 954 1333 sescentis
984 1292 1082 1333 unum
1110 1292 1388 1335 commemoremus

246 1382 376 1466 cognati
400 1381 528 1466 generis
544 1379 737 1463 exemplum,
762 1379 832 1463 quis
848 1380 1069 1443 Aristarchum
1084 1380 1260 1464 praefuisse
1277 1382 1388 1447 biblio·
1491 1427 1495 1436 .

244 1493 357 1555 thecae
395 1490 634 1556 Alexandrinae
671 1488 830 1552 testatur?
885 1491 1038 1554 Attamen
1076 1491 1177 1555 credit
1212 1493 1386 1575 praefuisse

248 1601 471 1686 Rernlrardyus
497 1600 582 1665 Hist.
607 1599 623 1664 Ι
651 1601 713 1663 1111.
743 1623 774 1683 p.
804 1599 865 1664 368
895 1603 926 1663 11
953 1622 1011 1665 nos
1042 1600 1196 1665 credimus
1226 1603 1384 1666 11111110.

245 1714 385 1778 Omnino
401 1715 590 1776 1111111111
605 1711 786 1774 universam
808 1710 992 1774 aestimanti
1007 1733 1072 1774 non
1093 1715 1200 1795 potest
1219 1714 1386 1777 obscurum

245 1845 327 1905 csse,
352 1823 491 1886 immane
514 1826 668 1906 quantum
692 1821 725 1884 in
753 1821 814 1884 1111
841 1824 948 1904 parte,
962 1821 1207 1905 grammaticae,
1237 1845 1317 1907 quae
1346 1823 1385 1886 ad

245 1933 467 2016 describenda,
506 1931 719 2016 disponenda,
757 1931 927 1995 iudicanda
965 1931 1143 1995 litterarum
1180 1938 1386 1997 monumenta

244 2046 383 2126 spectat,
419 2047 540 2106 veteres
574 2043 644 2105 illos
677 2041 912 2104 Alexandrinos
946 2042 1158 2124 praestitisse:
1195 2043 1249 2106 sed
1286 2044 1385 2107 multo

244 2153 341 2216 etiam
374 2153 551 2216 tenuiorem
584 2154 695 2215 horum
729 2152 903 2215 studiorum
936 2153 1120 2216 memoriam
1152 2175 1209 2237 per
1241 2154 1385 2218 insecuta

243 2264 370 2326 saecula
387 2261 699 2346 Byzantinorumque
721 2263 902 2325 barbariem
925 2262 964 2326 ad
987 2264 1207 2346 posteritatem
1225 2285 1292 2328 esse
1315 2286 1384 2347 pro-

244 2376 414 2458 pagatam,
443 2395 537 2457 quam
561 2394 684 2454 eorum,
715 2373 828 2457 quibus
857 2373 926 2456 ipsa
954 2375 1049 2454 τέχνη
1071 2376 1264 2453 γραμματική
1293 2376 1385 2457 perti-

244 2483 397 2548 ciebatur.
443 2483 503 2558 Qui
525 2484 612 2546 locus
635 2483 799 2547 universus
822 2504 984 2566 speramus
1007 2485 1075 2548 fore
1099 2488 1134 2548 11
1159 2484 1266 2548 dedita
1288 2505 1385 2568 opera

244 2594 375 2679 (dignus
403 2598 453 2658 est
479 2593 578 2679 enim)
606 2593 666 2657 hac
695 2596 800 2657 aetate
825 2596 1049 2676 pertractetur.
1081 2592 1201 2658 Verum
1223 2594 1384 2658 videamus

180 2775 181 2778 Ἴ
243 2705 282 2768 de
304 2705 450 2788 singulis.
496 2703 539 2767 ut
561 2703 779 2768 Alexandrum
806 2703 932 2788 quidem
954 2704 1105 2768 Aetolum
1127 2705 1215 2768 nullo
1238 2726 1315 2769 sane
1337 2705 1385 2769 in-

243 2815 327 2878 dicio
355 2817 406 2877 sat
434 2816 520 2877 certo
549 2813 709 2898 colligitur
735 2813 774 2878 de
807 2813 932 2898 tragica
960 2813 1048 2897 poesi
1076 2815 1249 2898 scripsisse.
1301 2813 1385 2879 Nam

243 2925 380 3008 quaein
403 2923 532 2988 scholiis
556 2923 800 3008 Aristophaneis
822 2923 863 2987 ad
885 2922 969 2987 Rau.
994 2925 1056 2989 848
1080 2924 1170 3010 (864)
1194 2925 1383 2988 affenmtur:

243 3034 291 3099 ὅτι
314 3037 349 3100 δὲ
372 3036 640 3114 λαχανοπώλιδοε
663 3035 730 3099 alde
753 3037 792 3114 ἠν
817 3037 964 3100 Κλειτοῦε
993 3035 1012 3099 ὁ
1036 3035 1216 3115 Εὐριπίδης,
1239 3037 1383 3101 Ἀλέξαν-

242 3144 319 3224 δρό(
348 3166 459 3225 φηςιν,
488 3144 723 3208 concedendum
751 3149 799 3208 est
827 3167 865 3208 ex
893 3144 1003 3208 eodem
1031 3144 1113 3208 libro
1141 3145 1207 3228 peti
1230 3144 1381 3229 potuisse,

242 3254 326 3318 unde
355 3255 577 3338 anapaesticus
601 3276 708 3320 versus
737 3255 775 3318 ad
807 3257 942 3319 eundem
970 3255 1157 3339 Euripidem
1183 3256 1383 3340 pertinentes

243 3364 364 3430 Gellius
387 3363 458 3448 XV,
482 3365 689 3449 absumpsit.
736 3364 820 3439 eros
843 3365 969 3448 quidem
992 3387 1100 3430 versus
1123 3366 1176 3429 vix
1199 3365 1383 3429 adducimur

242 3479 277 3539 ut
299 3475 403 3540 locum
418 3473 566 3538 habuisse
581 3475 615 3538 in
632 3475 867 3539 commentariis
882 3479 1045 3559 putemus,
1070 3475 1182 3560 quibus
1204 3476 1383 3540 litterarum

241 3586 438 3670 tragicamm
462 3586 602 3649 rationes
618 3585 863 3668 explicarentur.
903 3584 985 3661 Quid
1008 3586 1137 3649 autern?
1159 3585 1382 3650 neeessarione

241 3695 288 3758 illi
309 3696 428 3781 aliquid
451 3696 489 3759 de
505 3717 601 3778 opera
617 3717 673 3758 sua
690 3699 745 3758 aut
760 3696 886 3759 uberius
901 3696 1161 3779 perscribendum
1181 3699 1237 3759 aut
1256 3694 1382 3779 publice

242 3805 398 3869 edendum
414 3807 506 3870 emt?
529 3827 571 3869 11
593 3808 734 3889 poterat,
759 3806 785 3868 si
808 3805 1381 3889 111111111110111111011111111111

241 3916 367 3999 copiose
401 3917 451 3980 vel
484 3916 581 3979 etiam
615 3915 830 3998 copiosissime
862 3915 1029 4000 Lycophro
1067 3938 1240 4001 exponere,
1281 3913 1382 3978 nihilo

241 4031 347 4089 autem
374 4026 479 4089 minus
507 4027 541 4090 in
569 4046 606 4088 eo
629 4025 827 4108 acquiescere
850 4024 1048 4110 Alexander,
1078 4030 1114 4090 ut
1141 4027 1228 4091 omni
1252 4027 1382 4090 111111

240 4135 409 4219 diligentia
438 4135 688 4219 simplicissimos
717 4134 837 4199 indices
860 4138 1030 4202 conficeret
1056 4138 1125 4201 sine
1147 4137 1307 4200 rationum
1330 4155 1381 4196 ex-

240 4246 413 4329 positione,
438 4266 552 4330 eosquc
574 4245 709 4308 fortasse
733 4267 772 4307 ne
795 4247 990 4330 evulgandos
1013 4247 1154 4331 quidem,
1178 4245 1233 4309 sed
1256 4246 1289 4310 in
1310 4245 1380 4327 ipsa

189 4369 222 4418 26
240 4356 433 4420 bibliotheca
455 4354 627 4418 servandos
649 4355 847 4440 solorumque
870 4357 971 4421 Musei
1002 4357 1166 4421 doctorum
1188 4355 1257 4419 usui
1285 4353 1379 4417 desti-
