3222 5104
256 363 318 428 792
705 379 751 425 oa
775 378 943 428 11111011

256 533 288 596 h.
312 553 339 595 e.
364 553 381 596 o
403 537 552 613 Iuppiter,
577 539 692 596 1111111111
715 539 798 596 dives
816 539 909 609 fiam!
954 531 1123 608 Quaeritur
1144 534 1219 617 iam,
1243 534 1318 618 quid
1341 556 1396 598 ne-

256 642 337 726 gotii
360 645 477 726 agant,
507 664 584 726 quos
606 641 750 706 videmus
778 642 819 704 ab
842 644 976 727 utraque
998 647 1090 728 parte
1113 644 1235 708 arboris
1263 645 1396 708 alicuius

256 753 334 815 duos
356 747 610 817 homines‘sellis
632 751 819 816 insidentes.
865 751 940 816 Non
962 757 1068 837 potest
1095 758 1205 818 nostra
1234 755 1396 818 sententia

257 861 396 926 dubitari
418 864 495 946 quin
518 864 587 928 olea
609 865 884 946 repraesentetur,
909 863 998 927 euius
1019 863 1179 928 fructuum
1203 864 1295 929 modo
1316 885 1396 928 mes-

257 973 300 1036 sis
336 972 425 1038 facta
457 973 510 1036 sit.
553 971 666 1056 Neque
700 972 786 1036 enim
820 971 883 1047 alia
915 973 980 1036 nlla
1015 973 1110 1038 arbor
1141 974 1220 1057 fuit,
1259 997 1276 1039 e
1309 974 1397 1038 cuius

257 1085 391 1166 quaestu
412 1085 544 1166 repente
566 1081 744 1148 redundare
767 1081 898 1146 divitiae
921 1087 1066 1166 possent:
1095 1084 1127 1147 id
1156 1084 1237 1168 quod
1260 1085 1295 1148 in
1317 1107 1397 1148 mer-

259 1196 401 1257 caturam
424 1192 576 1256 oleariam
604 1192 717 1258 eadere
743 1195 779 1256 ut
808 1193 889 1276 quod
918 1193 1056 1258 maxime
1090 1197 1122 1257 11
1149 1198 1261 1258 notum
1289 1199 1337 1259 111
1365 1199 1398 1258 11

258 1303 420 1368 commode
443 1303 593 1387 cognosci
619 1325 658 1366 ex
681 1301 835 1367 Boeckhii
857 1301 938 1366 libro
961 1307 1067 1388 potest
1097 1325 1159 1387 quo
1180 1305 1399 1370 oeconomiam

258 1415 419 1498 publicam
432 1413 571 1478 civitatis
583 1412 831 1477 Atheniensium
842 1412 1026 1497 illustravit,
1043 1413 1131 1478 vol.I
1146 1437 1178 1497 p.
1190 1415 1250 1480 109
1263 1413 1338 1501 [140
1347 1416 1397 1479 ed.

259 1524 328 1610 alt]
362 1525 413 1588 lta
435 1527 541 1588 autem
570 1545 612 1588 ne
639 1522 716 1585 illud
745 1522 872 1607 quidem
893 1523 990 1606 latet,
1026 1545 1081 1589 cur
1109 1529 1206 1608 eaput
1233 1525 1398 1609 utriusque

258 1634 396 1698 hominis
419 1634 531 1718 (liceat
552 1633 636 1697 enim
661 1632 780 1716 aliquid
802 1654 958 1716 occupare
981 1656 1019 1698 111
1042 1635 1143 1698 altero
1166 1635 1280 1721 latere)
1312 1657 1400 1699 coro-

259 1748 371 1808 natum
388 1744 620 1827 conspiciatur,
644 1764 736 1826 quem
754 1743 794 1806 ad
809 1742 938 1806 modum
953 1744 1040 1808 enim
1061 1745 1114 1829 qui
1137 1745 1330 1810 vindemiam
1352 1746 1400 1809 fa-

260 1855 358 1936 ciunt,
382 1853 476 1918 sertis
498 1853 678 1937 pampineis
701 1853 864 1917 redimitos
891 1875 986 1937 saepe
1014 1855 1189 1938 reperimus
1219 1856 1254 1920 in
1282 1857 1401 1920 veteris

259 1965 338 2029 artis
370 1964 604 2047 monumentis,
639 1964 685 2027 ita
717 1964 895 2028 olivitatem
928 1986 988 2048 par
1023 1967 1072 2030 111
1103 1965 1217 2029 fronde
1250 1966 1402 2051 oleagina

193 2089 240 2137 111
259 2074 445 2158 significari.
483 2073 602 2138 Verum
625 2073 773 2157 fallatur,
802 2074 855 2158 qui
877 2074 980 2157 ipsam
1002 2075 1114 2139 messis
1135 2075 1304 2140 faciendae
1325 2097 1401 2160 ope·

259 2206 328 2248 ram
350 2183 411 2247 hae
433 2183 558 2268 pictura
582 2184 716 2267 exprimi
739 2183 908 2249 existimet.
932 2183 1068 2249 Peracta
1091 2188 1140 2249 est
1161 2187 1288 2269 messis,
1313 2208 1402 2270 pres-

259 2317 329 2358 sum
351 2295 414 2358 iam
437 2294 525 2377 prelo
547 2294 651 2358 oleum
679 2315 718 2358 ex
748 2293 850 2358 olivis.
896 2293 981 2358 Nam
1014 2315 1051 2360 eo
1079 2300 1270 2379 occupatum
1302 2295 1402 2362 domi-

259 2425 337 2470 num
370 2404 479 2468 oliveti
512 2403 670 2487 videmus,
708 2406 744 2467 ut
779 2403 929 2468 haustum
962 2426 1000 2469 ex
1037 2406 1143 2490 ampla
1174 2405 1328 2490 amphora
1360 2407 1404 2472 ad

259 2515 356 2600 pedes
378 2515 483 2598 posita
505 2514 610 2578 oleum
636 2536 694 2598 per
722 2514 961 2580 infundibulum
985 2516 1106 2580 cmiose
1134 2538 1171 2580 uc
1202 2517 1338 2581 sollicite
1365 2518 1404 2582 in

260 2627 425 2692 1111111111
446 2625 618 2708 immittat,
643 2628 694 2709 ut,
718 2628 874 2708 quantum
894 2626 1025 2690 tandem
1049 2627 1091 2690 sit
1113 2627 1195 2711 quod
1219 2627 1298 2690 lucri
1320 2628 1406 2692 fece·

260 2739 320 2820 rit,
360 2735 522 2802 metiendo
555 2736 707 2818 exploret.
753 2733 822 2800 Nec
856 2736 942 2800 enim
974 2737 1073 2802 alium
1105 2760 1216 2820 quam.
1233 2759 1405 2802 mensurae

262 2870 353 2912 usum
380 2847 499 2911 habere
531 2845 695 2910 vasculum
727 2844 805 2909 illud
838 2848 954 2929 potest.
1000 2845 1158 2922 Quoniam
1191 2850 1313 2928 autem,
1347 2849 1405 2940 qui

262 2980 329 3022 rem
351 2956 505 3041 liquidam
526 2977 683 3040 quamque
712 2956 780 3018 vult
806 2956 930 3038 metiri,
960 2957 1141 3020 necessario
1169 2957 1289 3022 duobus
1317 2958 1405 3022 11111

263 3090 342 3152 opus
363 3067 477 3150 habet,
502 3066 603 3130 altero
626 3087 643 3128 e
665 3087 726 3149 quo
747 3065 890 3130 nondum
912 3087 1058 3130 mensam
1079 3067 1224 3149 hauriat,
1249 3067 1405 3138 alteroin

263 3177 346 3262 quod
369 3176 521 3241 infundat
542 3175 730 3258 dimensm,
754 3197 821 3239 non
843 3176 960 3240 oblitus
983 3180 1032 3241 111
1053 3177 1159 3260 pictor
1181 3177 1315 3240 alteram
1338 3199 1405 3240 am-

264 3288 398 3372 phoram
420 3286 615 3351 simillimam
638 3307 799 3370 apponere
828 3285 867 3348 ad
889 3286 985 3370 pedes
1014 3287 1145 3350 alterius
1172 3285 1310 3350 hominis
1336 3286 1406 3350 sive

265 3399 361 3462 amici
391 3398 458 3462 sive
487 3396 655 3480 participis
683 3395 768 3459 illius
790 3397 929 3480 negotii,
959 3397 1013 3479 qui
1035 3396 1162 3481 quidem
1184 3397 1308 3460 laevum
1335 3397 1409 3460 bra-

265 3508 371 3574 chium
393 3507 530 3592 porrigit
552 3527 681 3590 prorsus
704 3506 815 3590 utqui
838 3507 1017 3590 vasculum,
1042 3506 1136 3571 simul
1156 3510 1250 3590 etune
1272 3505 1406 3590 plenum

266 3618 464 3699 olei'fuerit,
489 3638 525 3681 111
550 3616 645 3680 amici
667 3617 814 3680 manibus
837 3618 1040 3700 suscepturus
1063 3617 1116 3680 sit.

349 3727 503 3813 Progredi
526 3726 567 3791 ad
595 3727 751 3809 posticum
779 3726 863 3790 latus
890 3726 975 3790 licet.
1021 3725 1159 3790 Eosdem
1187 3727 1231 3790 ibi
1260 3725 1408 3789 homines

265 3839 455 3924 reperimus,
485 3836 708 3920 simillimoque
736 3835 865 3919 habitu,
899 3836 963 3900 nisi
991 3836 1084 3920 quod,
1112 3837 1165 3920 qui
1188 3835 1222 3899 in
1245 3835 1408 3899 anteriore

264 3952 357 4034 parte
382 3947 569 4012 consederat
591 3969 610 4010 a
636 3946 764 4029 dextra,
793 3967 879 4010 nuno
902 3949 967 4009 stat
994 3967 1013 4008 a
1036 3945 1183 4028 sinistra,
1216 3951 1247 4008 et
1273 3947 1408 4026 vestem,

265 4081 346 4144 quae
380 4059 564 4122 sedentibus
601 4057 790 4140 complicata
823 4079 919 4140 supra
952 4057 1073 4119 femora
1107 4059 1192 4137 erat,
1228 4053 1279 4117 hic
1309 4076 1409 4137 supra

266 4191 408 4234 umerum
432 4168 571 4253 collegit.
617 4167 701 4230 Nam
725 4167 859 4232 eundem
881 4167 967 4230 hunc
995 4187 1062 4229 esse
1091 4169 1185 4250 atque
1213 4163 1321 4245 illum,
1355 4167 1408 4228 vel

267 4280 395 4363 bucule,
434 4301 527 4362 quem
563 4281 697 4361 utroque
732 4279 802 4341 loco
838 4281 938 4360 tenet,
977 4276 1054 4340 satis
1091 4275 1247 4340 declarari
1268 4273 1407 4338 videtur.

268 4389 363 4454 Ouios
386 4389 488 4453 baculi
513 4411 604 4454 1111111
633 4387 672 4452 ad
695 4387 901 4452 decutiendas
929 4385 968 4450 de
997 4386 1109 4450 arbore
1136 4388 1278 4452 maturas
1304 4383 1409 4450 olivas
