3226 5096
289 312 346 374 128
588 329 837 374 corroraamvu
861 327 1128 375 ursm'rsrmms

284 479 367 542 Nam
390 501 451 563 quo
472 480 506 542 in
530 479 599 543 loco
622 481 656 543 in
679 479 804 544 brevius
821 479 1009 544 contrahere
1026 479 1123 542 etiam
1143 478 1244 541 latino
1266 499 1424 562 granima-

250 590 347 652 otico
375 588 511 672 placuit,
547 590 592 653 ibi
624 589 656 652 id
685 593 717 652 et
746 590 866 653 fatetur
899 590 967 672 ipse
999 589 1042 672 (v.
1072 589 1113 652 65
1140 589 1202 672 sq.)
1230 592 1263 650 et
1296 608 1424 669 prorsus

284 699 473 763 obmutescit
505 721 648 783 graecus.
709 699 736 762 Ε
774 721 830 762 sua
867 721 1003 781 persona
1040 698 1222 782 loquentem
1262 697 1423 760 hominem

283 808 562 892 deprehendimus,
598 809 652 872 ubi
681 809 770 871 addit
796 832 826 872 v.
856 811 899 872 34
925 809 1003 887 ἦεαν
1031 811 1066 873 a
1094 809 1143 872 καὶ
1171 814 1238 872 τῶν
1269 808 1422 886 Ἑβραίων

283 919 422 984 αὐτῶν.
460 919 622 982 Licentius
641 921 910 982 commentantem
925 921 1062 981 testatur
1077 917 1153 998 hoc,
1173 916 1253 1000 quod
1271 917 1423 980 omissam

283 1029 323 1091 ab
363 1029 455 1092 initio
495 1027 648 1092 Zenodoti
693 1027 878 1091 memoriam
914 1050 943 1088 v.
980 1028 1107 1091 demum
1140 1027 1181 1091 55
1214 1027 1421 1110 interposuit:

282 1161 362 1222 quae
399 1137 525 1222 quidem
561 1161 672 1202 caussa
705 1138 843 1219 exstitit,
882 1159 937 1200 cur
971 1139 1016 1201 ὼ(
1052 1138 1156 1216 ἔφθην
1190 1138 1289 1202 εἰπών
1318 1136 1421 1199 verbis

282 1248 454 1330 repetenda
489 1249 517 1310 ei
550 1248 588 1310 de
622 1247 806 1310 Alexandro
837 1252 869 1310 et
900 1247 1108 1330 Lycophrona
1145 1246 1287 1310 narratio
1325 1251 1420 1326 esset,

282 1358 381 1420 multo
410 1361 515 1421 autem
544 1357 647 1440 magis
676 1361 836 1420 testantur
869 1357 907 1420 de
937 1357 1029 1420 rebus
1061 1356 1240 1419 Homericis
1271 1356 1420 1438 deinceps

282 1467 395 1550 posita.
456 1469 561 1550 Atque
594 1471 669 1530 sunt
701 1467 779 1530 haec
815 1466 966 1529 eiusmodi
998 1469 1050 1548 ut,
1090 1465 1244 1550 quomodo
1278 1487 1294 1528 e
1328 1465 1420 1528 latini

283 1576 465 1659 interpretis
494 1577 637 1658 exemplo
670 1597 786 1660 gracco
821 1575 937 1639 codicis
971 1575 1107 1639 Parisini
1140 1576 1236 1639 verba
1271 1580 1419 1657 excerpta

282 1687 361 1768 sint,
394 1707 521 1768 prorsus
550 1686 715 1769 pervideas
738 1689 770 1748 et
798 1707 855 1769 per
876 1685 1004 1769 singula
1027 1685 1188 1748 commode
1218 1673 1417 1768 persequare.

282 1795 366 1858 Satis
389 1796 475 1858 enim
497 1799 616 1860 temere
639 1817 676 1859 ac
699 1795 752 1858 vix
774 1795 839 1858 ullo
867 1797 961 1878 pacto
984 1794 1129 1858 discretis
1158 1794 1290 1858 diversis
1319 1793 1419 1856 diver·

281 1927 386 1968 sorum
408 1906 600 1968 testimoniis
623 1927 758 1990 graecus
781 1904 934 1988 magister
957 1904 1093 1986 primum
1109 1926 1126 1967 e
1141 1904 1315 1986 posteriore
1338 1903 1417 1972 loco,

281 2018 316 2076 ut
343 2015 446 2098 magis
475 2015 534 2077 sibi
564 2015 809 2098 aequalibusque
837 2013 1044 2094 familiarem,
1074 2011 1238 2076 Heliodori
1266 2012 1418 2076 fabellam

281 2124 395 2186 ascivit
424 2147 441 2186 a
471 2123 565 2188 Oecio
594 2125 773 2206 explosam,
811 2124 855 2186 ita
887 2123 1013 2206 quidem
1040 2127 1076 2185 ut
1103 2123 1259 2210 obiectum
1289 2123 1329 2185 ab
1359 2122 1418 2185 hoc

281 2239 506 2316 argumentum
532 2233 715 2297 futilissima
744 2234 947 2297 excusatione
962 2241 966 2248 '
981 2233 1120 2296 elevaret
1153 2232 1276 2316 (ἄλλων
1310 2233 1418 2297 ὄντων

280 2344 405 2408 τούτων
427 2349 493 2408 τῶν
517 2345 566 2408 ἐπὶ
589 2345 790 2423 Πτολεμαίου
818 2343 1095 2425 διορθω(άντων)ε
1124 2341 1273 2425 deinceps
1300 2346 1416 2420 autem,

281 2453 362 2536 quod
401 2454 435 2516 in
475 2453 559 2516 illius
598 2453 768 2517 commenti
806 2454 909 2516 locum
949 2452 1059 2516 Oecius
1102 2451 1169 2534 ipse
1211 2451 1418 2514 substituerat

279 2564 409 2646 reliquis
432 2564 658 2646 praemissum,
682 2584 842 2646 proniore
865 2561 1085 2646 graeculorum
1106 2561 1240 2624 istorum
1258 2561 1417 2646 ambiguis

279 2675 309 2737 ol
341 2675 377 2737 δέ
406 2674 527 2737 voculis
561 2673 724 2737 annexuit.
776 2671 863 2747 Quae
897 2694 968 2735 cum
1000 2672 1045 2735 ita
1078 2671 1158 2752 siat,
1194 2670 1283 2734 nulla
1311 2675 1417 2734 autem

279 2782 495 2864 amplificandi
523 2805 619 2866 opera
647 2805 663 2845 e
691 2782 816 2867 graecis
849 2781 1003 2844 Parisinis
1036 2781 1131 2844 ducta
1160 2801 1228 2844 csse
1256 2780 1306 2845 vel
1337 2779 1416 2844 haec

280 2892 422 2955 narratio
450 2893 543 2956 latini
570 2892 755 2975 interpretis
783 2892 833 2954 rel
862 2891 941 2972 alia,
977 2890 1090 2974 quibus
1121 2890 1174 2954 hic
1200 2891 1327 2954 uberior
1356 2900 1414 2971 est,

279 2999 416 3092 p'qssint:
444 3003 594 3066 desinant
616 3003 680 3065 iam
703 3003 856 3082 clamare,
886 3001 913 3064 si
936 3001 989 3084 qui
1018 3003 1089 3083 post
1111 3004 1272 3084 repertum
1294 3000 1417 3064 scilicet

279 3133 429 3195 graecum
450 3111 573 3176 iontem
596 3116 701 3176 actum
726 3133 793 3174 esse
816 3111 855 3174 de
877 3109 989 3174 scholii
1012 3109 1104 3173 latini
1127 3109 1189 3174 fide
1204 3111 1255 3173 vel
1276 3110 1415 3174 utilitate

279 3221 338 3284 sibi
361 3222 585 3304 persuaserint.
632 3221 857 3305 Reputandnm
878 3221 963 3285 enim
985 3224 1112 3303 praeter
1136 3223 1257 3301 cetera,
1281 3242 1361 3304 quae
1384 3223 1416 3282 ct

279 3331 384 3414 qualia
406 3332 546 3395 tribuere
569 3331 686 3395 saeculi
702 3330 762 3394 XV
778 3330 899 3394 homini
914 3329 998 3393 Italo
1019 3329 1150 3393 audeas:
1174 3351 1267 3413 quem
1289 3328 1416 3413 quidem

278 3441 356 3504 satis
390 3442 641 3506 demonstratum
678 3446 826 3526 putamus
860 3442 1022 3504 auctorem
1056 3461 1124 3504 esse
1162 3439 1281 3503 latinae
1318 3439 1414 3502 inter-

278 3552 476 3634 pretationis.
523 3550 639 3625 Quodsi
668 3551 703 3614 in
725 3551 785 3614 hac
808 3549 877 3634 ipsa
900 3549 1123 3633 apparuerint,
1156 3549 1291 3632 quaein
1314 3547 1414 3630 suspi-

276 3661 398 3724 tionem
432 3659 545 3724 adduci
578 3682 766 3744 graecorum
798 3659 1014 3744 discrepantia
1046 3660 1229 3742 videantur,
1269 3679 1321 3738 ea,
1360 3657 1413 3720 ubi

276 3769 316 3832 ad
345 3771 514 3834 iudicanda
541 3771 669 3854 singula
698 3773 886 3853 perventum
915 3770 990 3850 erit,
1023 3769 1150 3833 silentio
1178 3790 1243 3832 non
1275 3771 1413 3850 praeter-

277 3881 454 3944 mittentur.

807 3969 827 4046 g
849 3967 879 4030 3.

743 4082 797 4146 De
820 4081 945 4148 (lesia.

242 4235 257 4286 7
360 4209 643 4275 (loniunctissimus
664 4215 770 4275 autem
794 4233 865 4275 cum
888 4211 949 4302 eis,
979 4233 1059 4294 quae
1082 4207 1174 4273 modo
1196 4208 1412 4294 argumentati

277 4343 383 4386 sumus
400 4337 605 4406 (quamquam
620 4343 683 4386 non
708 4323 753 4386 ita
777 4321 981 4393 coniunctus,
1006 4324 1042 4383 ut
1064 4343 1102 4384 ex
1126 4320 1170 4384 eis
1193 4321 1297 4384 omnis
1319 4341 1412 4402 argu·
