3254 5086
734 1209 946 1322 XVIII.

354 1409 409 1502 lio
439 1409 562 1502 codice
592 1407 765 1502 Vniinaio
795 1407 956 1524 Dionysii
987 1351 1328 1501 Halicarnassensis

712 1559 969 1677 annuntior)

805 1915 878 1994 an.

237 2067 253 2114 3
355 2046 404 2109 De
426 2045 519 2109 editis
542 2045 675 2110 anobis
702 2045 863 2128 superiore
891 2067 976 2110 anno
998 2046 1110 2129 primis
1132 2045 1223 2109 XXX
1252 2045 1410 2129 capitibus

271 2155 509 2239 Antiquitatum
529 2155 801 2239 Dionysianarum
816 2154 947 2219 duorum
959 2156 1052 2220 nobis
1072 2155 1212 2219 virorum
1233 2156 1408 2238 doctorum,

270 2266 331 2329 hoc
359 2269 408 2330 est
434 2264 580 2342 deciana
608 2264 847 2347 excellentium,
879 2265 997 2328 indicia
1018 2265 1243 2330 innotuerunt:
1274 2266 1410 2330 alterum

272 2375 403 2440 Caroli
428 2373 633 2439 Gabrielis
656 2373 811 2457 concii,
836 2374 969 2438 nimiam
990 2374 1023 2438 in
1047 2373 1208 2438 afferenda
1234 2375 1410 2457 scripturae

271 2484 487 2567 discrepantia
509 2483 711 2568 diligentiam
733 2487 877 2548 nostram
900 2485 1065 2567 conquesti
1093 2484 1127 2547 in
1150 2483 1410 2547 adnotationibus

270 2593 334 2656 illis
362 2615 441 2677 quas
470 2593 608 2656 orationi
638 2600 675 2656 de
697 2605 764 2656 oric
785 2600 1008 2672 interpretandi
1037 2615 1112 2656 suae
1144 2594 1309 2676 praeclaro
1342 2613 1410 2656 esse

271 2707 460 2766 ornamento
477 2702 592 2765 noluit:
615 2703 750 2765 alterum
773 2701 867 2765 amici
888 2702 992 2766 nostri
1010 2705 1104 2786 atque
1120 2702 1261 2785 aequalis
1277 2700 1410 2766 Caroli

271 2811 466 2892 Sintenis‚
492 2811 541 2873 cui
565 2831 731 2874 censuram
753 2812 877 2894 opellae
898 2815 1026 2875 nostrae
1049 2811 1198 2875 debemus
1221 2832 1293 2874 eum
1307 2811 1410 2874 bonae

270 2920 373 3002 frugis
399 2923 469 2982 tum
495 2941 673 3003 propensae
700 2921 874 2984 voluntatis
903 2922 1041 3004 plenam.
1092 2919 1200 2985 Vnum
1228 2925 1277 2984 est
1303 2923 1410 2983 autem

271 3027 436 3112 quiddam,
465 3028 587 3113 dequo
615 3029 665 3093 his
699 3029 855 3094 iudicibus
876 3035 1041 3114 tamquam
1069 3029 1107 3093 de
1136 3035 1302 3113 compacta
1336 3049 1410 3092 eon·

271 3137 377 3218 venit,
412 3136 505 3221 idque
534 3138 714 3222 gravissimi
741 3139 776 3202 in
799 3139 873 3202 crisi
900 3138 1100 3223 Dionysiana
1127 3139 1298 3204 momenti:
1326 3137 1410 3221 quod

272 3247 412 3310 cernitur
434 3246 468 3310 in
483 3247 668 3330 praedicata
690 3248 834 3311 bonitate
858 3247 974 3312 codicis
997 3247 1181 3313 Ohiaiani
1196 3250 1269 3332 (A),
1291 3247 1410 3311 reiecta

271 3359 378 3419 autem
399 3355 461 3419 fide
483 3354 691 3420 Vrbinatis
714 3357 780 3420 sine
802 3356 953 3420 Vaticani
976 3358 1044 3442 (B).
1096 3356 1131 3422 Si
1151 3357 1246 3421 modo
1267 3360 1352 3420 recte
1375 3357 1410 3419 in

271 3464 355 3528 hanc
376 3467 500 3547 partem
523 3463 635 3529 Cobeti
657 3465 754 3528 verba
776 3466 969 3548 interpretor
991 3488 1023 3548 p.
1042 3466 1103 3531 134
1125 3465 1264 3549 scripta,
1288 3465 1342 3530 ubi
1365 3464 1410 3527 al·

271 3574 337 3636 lato
360 3573 550 3656 Dionysiani
572 3573 729 3636 Prooemii
752 3574 955 3657 exemplant
983 3575 1024 3638 ab
1046 3575 1134 3639 omni
1155 3579 1246 3659 parte
1269 3575 1340 3638 sani
1363 3577 1410 3637 at-

271 3703 331 3765 que.
354 3681 474 3765 integri
496 3703 555 3745 nec
581 3682 676 3746 ullius
702 3683 809 3746 variae
834 3682 981 3748 lectionis
1003 3683 1196 3748 adminiculo
1222 3683 1410 3768 indigentis,
1524 3731 1526 3734 -

271 3801 356 3854 ceria
377 3803 420 3854 coi
441 3791 546 3873 inquit
566 3798 751 3868 sinaulorum
775 3799 958 3856 auctoritas:
980 3800 1132 3873 quantivis
1151 3801 1245 3873 prem·
1265 3799 1408 3870 codicem,

271 3921 357 3979 quem
384 3906 415 3962 ia
444 3904 586 3962 Oioisiano
619 3906 799 3966 bibliotheca
827 3905 941 3966 Romae
972 3909 1037 3966 aidi
1068 3909 1183 3966 soeculi
1210 3907 1281 3979 sere
1302 3906 1356 3966 ΧΙ
1378 3908 1411 3965 in

271 4014 452 4072 membranis
478 4014 651 4072 nitidissime
672 4018 836 4090 scriptum,
866 4017 1008 4075 iubemus
1030 4019 1158 4076 omnium
1192 4023 1344 4076 auctorem
1372 4031 1412 4074 ac

338 4261 363 4328 *i
388 4259 484 4328 [Edita
500 4259 614 4315 Bonnae
638 4277 709 4315 anno
733 4261 992 4316 cionocccxnvnn
1010 4261 1183 4316 celebrandis
1207 4260 1251 4316 die
1275 4259 1324 4316 XV
1348 4261 1409 4316 Oct.

272 4349 407 4404 nataliciis
425 4352 622 4420 Angustissimi
639 4353 724 4422 Regis
741 4353 875 4407 Friderici
892 4353 1021 4408 Guilelmi
1038 4353 1096 4422 Ν]
