3184 5100
522 398 668 447 scuuors
692 399 839 446 caturcis
862 399 1043 447 sarsurus.
1289 383 1351 447 763

213 551 316 636 peisti.
361 551 626 633 Valckenarium,
654 555 691 616 ut
712 551 842 634 opinor,
870 555 906 615 tu
933 551 992 616 tibi
1020 552 1211 618 imitandum
1238 574 1351 637 propo·

213 683 338 744 sueres,
366 683 521 747 magnum
542 683 620 726 sane
643 665 676 726 et
702 661 825 726 illustre
848 662 1042 745 exemplum:
1069 662 1125 726 sed
1152 661 1223 727 vida
1250 684 1291 727 ne
1319 666 1352 728 et

213 794 252 836 ea
273 772 417 837 imitatus
438 772 497 855 sis,
526 793 607 856 quae
634 793 700 836 non
728 771 882 855 debebas,
917 775 950 836 et
976 771 1022 836 ita
1050 771 1094 836 sis
1121 772 1284 856 imitatus,
1316 775 1353 837 ut

214 885 323 947 tamen
346 905 365 947 a
386 882 439 947 via
460 881 517 946 illa
538 881 687 948 nonnihil
709 881 901 947 discesseris.
928 881 1019 946 Illius
1042 880 1128 946 enim
1149 882 1210 946 viri
1232 883 1352 967 scripta

212 991 377 1058 hilaritate
404 992 542 1077 quadarn
568 993 672 1058 tincta
699 995 789 1075 sunt,
818 993 907 1076 quasi
935 991 1075 1056 ludentis
1101 992 1266 1076 lusumque
1293 992 1352 1056 has

213 1101 338 1166 litteras
360 1103 561 1187 deputantis:
588 1105 645 1167 tua
671 1105 778 1167 autem
799 1103 940 1167 brevitas
962 1103 1070 1167 nescio
1092 1102 1248 1186 quomodo
1269 1124 1352 1186 pene

212 1233 338 1277 morosa
361 1217 393 1277 et
416 1214 573 1278 contracti
596 1212 756 1297 supercilii
772 1233 841 1276 esse
856 1211 991 1277 videtur.
1015 1210 1105 1287 Quod
1127 1211 1153 1276 si
1176 1233 1226 1280 me
1249 1211 1350 1294 audis,

212 1321 319 1406 potios
348 1322 388 1387 R.
412 1321 594 1388 Bentlcium
622 1323 806 1406 imitabere,
840 1322 893 1406 qui
921 1343 1002 1406 quae
1029 1322 1174 1408 scripsit,
1203 1321 1251 1386 ita
1278 1327 1354 1386 sunt

213 1432 350 1516 scripta,
373 1437 410 1497 ut
437 1433 630 1498 ambulando
651 1433 716 1518 legi
738 1432 879 1517 possint,
905 1453 1008 1517 neque
1030 1431 1148 1496 autad
1170 1431 1352 1517 intelligen-

213 1541 300 1618 dum,
309 1543 411 1608 multa
439 1543 655 1627 dubitatione,
689 1547 746 1607 aut
772 1541 812 1609 ad
840 1541 1043 1606 iudicandum
1076 1542 1168 1625 eopia
1200 1542 1353 1605 librorum

213 1673 292 1735 opus
314 1651 466 1718 babeant.
502 1651 590 1729 Quae
617 1653 688 1737 quis
710 1655 880 1736 propterea
901 1653 1007 1716 minus
1029 1651 1123 1717 docta
1146 1655 1202 1716 aut
1223 1650 1353 1716 subtilia

213 1783 282 1826 esse
313 1761 526 1845 existimabit,
558 1784 653 1847 quam
687 1762 714 1826 si
746 1763 888 1845 concise,
922 1761 1070 1846 obscure,
1104 1761 1221 1826 ordine.
1247 1782 1353 1826 rerum

213 1870 359 1955 quaesita
389 1871 527 1956 quadam
553 1871 757 1957 negligentia
789 1872 976 1956 perturbato
1010 1871 1096 1937 dictu
1129 1871 1259 1936 essent?
1306 1869 1351 1934 Te

212 1981 355 2067 quidem,
385 1981 439 2065 qui
464 1985 581 2046 natura
601 1982 733 2046 minime
759 2003 903 2047 morosus
936 2003 985 2065 er,
1019 2003 1080 2068 ego
1106 1981 1163 2046 illa
1196 1981 1353 2046 brevitate
1371 1995 1399 2046 lv

213 2091 333 2158 idcirco
354 2113 441 2156 nunc
463 2114 554 2156 usum
577 2113 645 2158 esse
667 2097 761 2176 poto,
790 2114 853 2176 quo
879 2092 990 2176 paucis
1012 2092 1141 2176 paginis
1169 2113 1264 2175 quam
1286 2092 1353 2175 plu·

213 2202 295 2267 rima
309 2203 580 2286 complantarem.
626 2201 728 2278 Quam
756 2201 992 2266 excusationem
1020 2201 1144 2286 accipio
1171 2223 1264 2284 sanc,
1298 2201 1353 2265 sed

213 2311 275 2396 ita,
299 2315 335 2377 ut
357 2311 458 2377 amice
480 2333 644 2395 moneam,
667 2311 747 2376 velis
770 2331 897 2394 cavere,
925 2333 966 2375 ne
995 2333 1032 2375 ea
1061 2312 1143 2376 ratio
1171 2311 1205 2374 in
1233 2333 1354 2375 morem

213 2425 246 2484 et
268 2422 530 2486 consuetudinem
552 2425 666 2486 vertat.
704 2421 776 2486 Etsi
799 2423 884 2486 enim
906 2421 1086 2485 molestiam
1107 2421 1260 2484 librorum
1283 2443 1353 2485 coa·

214 2531 442 2595 servandorum
470 2532 600 2617 egregie
628 2531 841 2616 compensasti
869 2530 1126 2596 observationum
1154 2529 1294 2594 utilitate
1321 2534 1354 2594 et

212 2641 428 2724 praestantia,
451 2645 560 2706 tamen
583 2663 639 2705 our
660 2623 742 2725 nori,
771 2663 868 2726 quum
889 2662 1013 2726 posses,
1042 2640 1139 2704 etiam
1167 2641 1275 2704 labore
1297 2639 1353 2703 illo

215 2749 366 2814 lectorem
388 2751 525 2815 levasti?
547 2750 608 2815 Sed
631 2773 717 2816 nunc
738 2750 1063 2844 quidemcedendum
1090 2751 1150 2815 tibi
1171 2751 1243 2814 fuit.
1287 2750 1353 2815 Ita-

213 2881 273 2943 que
296 2860 422 2944 accipe,
450 2861 532 2945 quod
560 2881 621 2945 ego
647 2883 767 2946 magna
794 2861 946 2926 librorum
974 2861 1005 2925 vi
1033 2864 1158 2945 septus,
1192 2861 1246 2944 qui
1274 2859 1353 2925 mibi

213 2969 278 3033 iam
302 2974 485 3034 corruentes
508 2971 771 3036 atramentarium
800 2975 999 3055 evertenmt,
1029 2971 1068 3034 de
1096 2970 1269 3054 scriptione
1296 2974 1353 3034 tua
1399 2979 1409 2998 ·

213 3079 374 3144 adnotavi.
419 3079 533 3144 Dicam
555 3083 662 3144 autem
691 3081 731 3145 de
756 3081 806 3146 his
826 3084 970 3164 tantum,
1000 3080 1040 3145 de
1066 3081 1180 3165 quibus
1207 3083 1262 3144 aut
1290 3079 1352 3144 dis-

212 3189 316 3254 sentio
338 3211 358 3253 a
378 3191 428 3272 te,
452 3191 509 3253 aut
532 3192 616 3254 certe
639 3188 759 3255 dubito.

296 3297 436 3363 Exorans
463 3320 496 3362 es
519 3321 538 3362 a
565 3297 759 3384 Sosiphane,
789 3301 929 3385 probans
958 3305 995 3365 ut
1021 3300 1162 3382 videtur,
1191 3300 1227 3364 in
1254 3299 1352 3363 Suida

213 3407 468 3472 emendationem
489 3407 635 3492 Kusteri,
659 3411 846 3492 (ωειφὰνηε
874 3412 1083 3492 (ωεικλέουε,
1112 3431 1171 3494 pro
1193 3431 1241 3492 eo,
1267 3409 1350 3492 quod

212 3517 285 3583 libri
318 3517 456 3600 habent,
491 3519 692 3602 (ωειφάνηε,
732 3519 852 3599 ὁμοίω(
885 3521 1007 3600 κύριον.
1057 3521 1222 3599 (ωεικλῆε.
1270 3517 1351 3582 Mihi

211 3627 291 3692 haec
312 3626 405 3692 valde
427 3627 598 3692 tenreraria
621 3628 801 3693 emendatio
822 3629 957 3693 videtur.
995 3629 1102 3694 Minus
1124 3627 1350 3712 improbarem,

211 3737 238 3800 si
262 3737 325 3800 alio
347 3741 476 3802 auctore
505 3741 684 3820 constaret,
714 3735 884 3823 Sosipbani
912 3741 1037 3823 patrem
1064 3739 1163 3804 luisse
1187 3737 1350 3804 Sosiclem.

211 3845 328 3922 Quidni
357 3846 569 3933 corrigamus,
603 3847 685 3932 quod
714 3847 783 3932 ipse
816 3849 996 3913 litteramm
1028 3849 1105 3914 ordo
1135 3848 1351 3914 commendat:

212 3957 379 4037 (ωεικλῆε,
402 3957 522 4036 ὁμοίως
544 3958 665 4038 κύριον.
712 3957 900 4040 (ωειφάνηε
923 3960 1145 4038 (υρακούειοε.
1190 3957 1351 4041 Antiquos

211 4086 315 4148 error,
343 4087 437 4150 quem
463 4067 560 4132 etiam
582 4066 725 4133 Eudocia
748 4067 906 4132 exhibeat.
948 4067 987 4131 ln
1009 4067 1059 4130 bis
1087 4087 1179 4149 vem,
1208 4087 1290 4150 quae
1312 4067 1351 4130 de

211 4172 389 4257 Sosiphane
410 4175 511 4240 tradit
533 4175 663 4260 Suidas,
687 4197 789 4262 neque
811 4176 1005 4260 imperitiam
1028 4175 1094 4239 eius
1111 4197 1266 4259 accusem,
1290 4196 1352 4240 neo

210 4283 315 4349 locum
337 4284 484 4374 mutilum
506 4307 574 4351 esse
596 4286 733 4352 credam.
770 4285 845 4352 Non
868 4286 954 4351 enim
981 4285 1151 4351 conciliare.
1173 4285 1227 4349 ille
1249 4283 1350 4349 diver·

210 4415 263 4458 sas
284 4395 486 4461 narrationes
512 4396 647 4461 voluisse
653 4445 663 4480 ,
692 4397 763 4482 sed,
793 4401 829 4463 ut
855 4397 959 4463 solent
986 4394 1162 4462 istiusmodi
1191 4415 1350 4481 gramma·
