3270 5094
260 344 321 410 368
615 361 662 409 us
685 328 857 410 nnsosrur
880 361 1048 410 vsasravs

259 517 326 577 τοῖς
354 513 575 594 πολιςςούχοις
603 517 688 579 θεοῖς
720 517 753 577 et
785 515 854 596 ipso
886 514 1030 598 proximo
1057 535 1149 577 versu
1179 514 1279 578 ἑςτίας
1313 519 1397 580 θεῶν

259 622 480 687 molestissime
508 623 659 688 iteratum
686 628 802 689 θεοῑςιν
831 645 930 707 aequo
958 623 1065 686 animo
1092 623 1199 687 ferat?
1242 623 1281 687 In
1310 624 1397 688 cuius

259 733 363 796 locum
395 733 422 796 si
455 755 527 797 cum
559 731 758 797 Blomfieldio
790 737 884 799 πῦςιν
918 733 1091 797 substituas
1128 755 1241 817 parum
1272 755 1331 817 per
1363 755 1396 798 se

259 843 427 926 plausibile
450 864 469 906 a
492 843 710 907 concinnitate
732 843 912 908 sententiae
919 892 928 924 ,
953 847 987 907 at
1009 843 1054 906 ita
1077 843 1130 927 qui
1153 843 1301 926 tandem,
1326 865 1397 908 cum

260 953 403 1036 profecto
421 956 591 1033 ςυνώνυμα
613 974 678 1016 nou
694 953 759 1016 sint
781 957 997 1034 μηλοςφαγεῖν
1014 956 1047 1016 et
1067 958 1313 1036 ταυροκτονεῑν,
1337 954 1397 1018 hoc

259 1063 399 1145 potuisse
435 1063 504 1128 sine
537 1063 650 1146 copula
688 1063 770 1125 adici
808 1061 995 1127 credamus?
1034 1063 1222 1146 praesertim
1255 1085 1327 1127 cum
1362 1065 1397 1127 in

259 1177 409 1255 promptu
441 1175 525 1236 essct
557 1175 606 1237 καὶ
637 1177 871 1253 βουθυτοῦντας
900 1172 1020 1255 dicere,
1055 1172 1089 1236 id
1121 1173 1203 1256 quod
1235 1174 1396 1237 commode

259 1303 362 1365 nuper
381 1281 539 1346 Robertus
560 1281 708 1367 Engerus
731 1281 896 1346 admonuit
917 1282 1036 1346 Annal.
1060 1282 1138 1366 phil.
1163 1286 1195 1346 et
1217 1283 1309 1366 paed.
1333 1283 1395 1347 vol.

258 1390 378 1456 LXXV
390 1391 433 1476 (a.
445 1391 540 1477 1857)
553 1414 584 1475 p.
597 1392 649 1456 48.
676 1391 789 1475 Itaque
803 1390 929 1475 utrique
943 1392 1143 1456 incommodo
1154 1395 1190 1456 ut
1205 1396 1395 1474 occurreret,

144 1573 154 1596 ⁸
259 1502 555 1582 ταυροκτονοῦντάς
582 1503 616 1566 τέ
645 1523 719 1583 ςφιν
748 1500 893 1565 Prienius
917 1501 1176 1584 commendabat,
1208 1503 1249 1566 ob
1276 1501 1309 1564 id
1331 1503 1397 1566 lau-

260 1611 352 1675 datus
385 1633 404 1674 a
437 1611 595 1676 Ludovico
632 1611 787 1676 Schillero
823 1611 859 1674 111
894 1610 1013 1674 Dieriis
1050 1611 1296 1676 Monacensibus
1333 1612 1395 1676 vol.

259 1720 399 1785 XXXIX
420 1744 453 1805 p.
476 1721 533 1786 27:
562 1743 627 1785 non
650 1720 829 1785 mehercule
851 1721 1031 1784 sententiae
1057 1721 1226 1805 quicquam
1247 1721 1298 1784 rel
1320 1741 1397 1804 pou-

260 1831 342 1900 deris
357 1831 407 1895 vel
422 1831 547 1916 gratiae
563 1829 682 1894 addens
699 1830 823 1912 addito,
847 1851 909 1913 quo
930 1830 1083 1894 facillime
1100 1851 1252 1913 caremus,
1277 1831 1395 1894 dativo.

260 1940 306 2004 Vt
326 1941 411 2004 haud
433 1941 541 2023 paullo
563 1940 742 2023 venustius,
767 1940 821 2023 qui
843 1939 995 2003 hariolari
1016 1940 1128 2022 vellet,
1148 1941 1301 2028 ,potuerit
1322 1961 1396 2005 ruu-

260 2051 497 2130 ροκτονοῦντὰς
519 2052 551 2114 τ’
574 2049 718 2128 ἀςμένως
735 2051 907 2129 ἐπεύχομαι
922 2051 1026 2129 θήςειν
1042 2053 1104 2114 κτλ.
1121 2051 1275 2114 conicere.
1313 2049 1396 2115 Nam

260 2159 454 2224 Bathianum
481 2159 608 2244 quidem
635 2161 932 2238 ταυροκτονοῦντας
961 2162 1003 2237 θ’,
1034 2161 1114 2225 οῐςιν
1138 2160 1201 2224 ὧδ’
1224 2161 1396 2241 ἐπεύχομαι

258 2293 300 2335 ne
322 2270 467 2355 intellegi
496 2269 622 2353 quidem
644 2272 750 2352 potest
772 2291 832 2334 nec
853 2291 968 2354 graece
991 2270 1149 2353 loquentis
1175 2271 1398 2354 potiusquam

258 2379 481 2447 balbuttientis
513 2382 570 2443 est.
615 2378 736 2444 Verum
762 2379 859 2443 tertia
890 2379 1022 2443 offensio
1056 2379 1136 2443 haec
1164 2379 1288 2444 accedit
1314 2380 1396 2464 quod

259 2492 399 2574 omnino,
429 2490 483 2574 qui
509 2489 626 2554 omissa
654 2509 809 2572 personae
838 2489 1074 2574 significatione
1100 2494 1398 2569 ταυροκτονοῦντας

258 2604 433 2682 ἐπεύχομαι
448 2602 552 2680 θήςειν
575 2599 639 2663 dici
661 2599 819 2682 potuerit,
843 2621 909 2662 non
931 2599 1135 2683 perspicitur:
1159 2599 1191 2662 id
1213 2599 1297 2683 quod
1319 2621 1396 2664 sane

258 2713 355 2777 etiem
384 2711 422 2774 ad
451 2709 657 2790 αἱμάςςοντας
684 2708 889 2792 participium
915 2709 1065 2792 pertinet.
1110 2707 1178 2773 Nec
1201 2709 1285 2773 euim
1307 2709 1397 2774 scho-

258 2823 353 2886 liasta
375 2819 536 2884 Mediceus
564 2818 751 2882 morundus:
780 2817 928 2902 quicum
956 2819 1056 2886 λείπει
1077 2821 1173 2898 ἡμᾶς,
1201 2821 1281 2898 ἡμᾶς
1305 2821 1396 2885 ἐπεύ-

258 2953 352 3014 χομαι
381 2929 562 3011 adnotavit,
596 2949 662 2993 non
694 2927 776 3012 quod
806 2929 897 2992 abest
928 2931 1070 3011 tautum,
1105 2928 1159 2992 sed
1193 2929 1275 3013 quod
1308 2931 1397 2994 deest

258 3043 349 3107 dixit.
394 3039 515 3103 Rursus
543 3037 643 3122 igitur
670 3041 797 3121 praesto
824 3059 892 3102 esse
916 3037 1116 3124 Hartungius
1139 3039 1395 3123 confidenterque

257 3153 555 3233 ταυροκτονοῦντας
582 3150 616 3213 θ’
643 3149 723 3229 ἡμας
752 3148 814 3214 ὧδ’
837 3149 910 3234 (sic)
939 3169 1108 3232 reponere,
1138 3149 1241 3212 forma
1268 3149 1396 3213 invecta

258 3263 388 3328 minime
411 3258 598 3341 Aeschylia,
626 3259 776 3342 neglecta
804 3262 911 3323 autem
932 3257 1060 3322 virtutis
1082 3258 1227 3342 poeticae
1249 3258 1395 3323 aestima-

257 3365 361 3448 tione,
391 3365 475 3428 uude
503 3372 650 3452 quartum
680 3371 905 3453 argumentum
933 3368 1080 3450 petimus.
1131 3368 1271 3434 Omnino
1298 3368 1393 3450 enim,

257 3475 284 3538 si
312 3498 378 3540 non
408 3481 514 3542 essent
540 3478 681 3561 reliquae
709 3477 899 3541 offensiones
922 3499 1048 3560 omnes,
1075 3481 1143 3540 tam
1171 3477 1298 3542 exiliter
1324 3479 1396 3543 sub-

256 3587 375 3650 iectum
397 3589 693 3668 ταυροκτονοῦντάς
715 3610 749 3653 τε
771 3587 822 3651 vol
844 3587 941 3651 etiam
963 3589 1012 3652 καὶ
1038 3592 1274 3668 βουθυτούντας
1296 3609 1394 3673 usga-

257 3717 361 3760 remus
384 3697 425 3761 ab
440 3697 601 3781 Aeschylo
622 3698 801 3780 profectum
818 3718 896 3761 esse.
942 3697 1042 3761 Recte
1065 3717 1098 3760 se
1120 3696 1303 3762 habiturum
1326 3703 1395 3762 erut

257 3810 543 3887 μηλοςφαγοῦντας
575 3809 872 3887 ταυροκτονοῦντας
908 3828 957 3872 re:
994 3808 1072 3871 item
1107 3810 1193 3872 recte
1230 3809 1394 3893 aliquanto
1467 3864 1472 3871 .

257 3917 418 3982 omutiore
440 3917 566 3982 dicendi
588 3917 693 4000 specie
721 3919 830 3998 μήλοις
858 3920 987 3996 ταύροις
1009 3921 1042 3983 θ’
1064 3919 1270 3998 αἱμάςςοντας
1293 3919 1394 3984 ἑςτίας

257 4029 341 4092 θεῶν
373 4026 424 4090 vel
457 4027 540 4110 quod
573 4027 683 4090 eodem
720 4027 804 4091 redit
835 4027 956 4107 μήλοιςί
983 4031 1015 4092 θ’
1047 4029 1255 4107 αἱμάττοντας
1293 4027 1393 4093 ἑςτίας

257 4141 342 4202 θεῶν
370 4138 510 4215 ταύροιςί
536 4158 583 4204 τες
611 4137 746 4201 fortasse
775 4137 872 4201 etiem
898 4140 1184 4218 μηλοςφαγοῦντας
1210 4139 1339 4218 ταύροις
1361 4140 1393 4202 θ’

256 4247 464 4328 αἱμὰςςοντας
492 4247 592 4313 ἑςτίας
619 4253 704 4312 θεῶν
732 4245 782 4311 vel
810 4251 1107 4328 ταυροκτονοῦντας
1134 4250 1243 4328 μήλοις
1271 4249 1304 4313 θ’
1332 4247 1393 4328 αἱμ,

257 4355 281 4422 ἑ.
303 4363 330 4421 θ.
354 4355 527 4421 condonari
548 4356 668 4442 potuit,
693 4376 883 4441 quamquam
904 4357 965 4420 hoc
986 4376 1052 4420 non
1074 4356 1166 4420 valde
1187 4357 1309 4440 placet:
1337 4352 1393 4422 sed
