3254 5092
651 338 686 383 IN
710 335 993 385 ARISTOPHANEM.
1323 319 1387 382 205>

247 489 309 568 ἅμα
325 490 452 572 άντιρδὴ
468 491 517 553 καὶ
533 491 760 570 ἀντίττροφοε,
776 491 813 554 τὸ
830 492 865 554 δέ
881 490 1018 569 ἕβδομον
1034 488 1257 569 ἀντεπίρρημα.
1290 488 1386 552 Ταυτὶ

208 625 233 664 ιτ
247 602 304 677 μὲν
327 603 394 665 τῶν
418 600 548 678 ἀνδρῶν
571 599 645 664 εἰ(ὶν
672 598 782 679 ὧνπερ
805 600 941 680 ἔφημεν·
970 598 1092 677 κᾶνπερ
1113 598 1200 677 ἡμεῐτ
1224 598 1386 676 (υντάμωτ

247 713 296 773 καὶ
319 714 418 775 ταῦτα
441 711 491 773 καλ
506 711 709 790 (αφεττέρω(
725 709 910 789 εἰρήκειμεν,
934 710 972 773 τὸ
995 707 1109 786 ἀρνίον
1131 709 1232 772 δὲκαὶ
1253 707 1384 786 τραγίον
1433 795 1436 804 t

246 823 398 884 (κοπεῐτε.
456 820 589 884 Τούτοι(
617 820 636 898 ὴ
664 821 785 902 (τροφὴ
818 821 867 883 καὶ
897 817 1108 898 ἀντίττροφοτ
1141 817 1294 896 ἀνωτέρω
1329 818 1384 894 μὲν

245 929 401 1009 ἐπίρρημα
423 929 587 1008 άκαλεῑτο,
615 933 676 995 νῦν
704 932 739 994 δὲ
760 930 779 1006 ἡ
804 932 870 1014 ᾠδὴ
894 931 1033 993 καλεῖται
1056 930 1106 992 καί
1128 929 1266 1008 (τροφὴ·
1289 928 1326 991 τό
1350 929 1385 990 δὲ

244 1041 309 1117 μετ’
338 1039 438 1118 αὐτὴν
466 1041 611 1118 πέμπτον
640 1041 736 1121 μέρο(
764 1038 935 1117 ἐπίρρημα,
968 1037 1137 1122 ἡάντιρδὴ
1165 1035 1271 1101 δὲκαὶ
1300 1036 1384 1099 ἀντί-

207 1162 233 1203 ³0
247 1169 402 1228 (τροφοτ,
426 1149 641 1230 ἀντεπίρρημα
663 1151 698 1213 δὲ
719 1151 757 1214 τὸ
772 1145 799 1215 Ζ’
813 1149 924 1228 μέροτ·
948 1148 1028 1211 ὥετε
1044 1146 1222 1226 (υμβαίνειν
1244 1147 1281 1210 τὸ
1297 1145 1383 1223 ἐπίρ-

246 1279 327 1338 ρημα
351 1259 561 1338 πεντώνυμον
576 1259 731 1338 γίνετθαι,
755 1259 839 1337 ἔχειν
856 1260 913 1336 μὲν
929 1259 988 1336 τήν
1001 1257 1117 1321 ἑαυτοῦ
1138 1259 1259 1335 κλῆτιν,
1283 1258 1384 1319 καλεί-

222 1373 314 1430 ιτθαι
341 1369 376 1432 δέ
403 1369 453 1432 καὶ
476 1371 620 1449 (τροφὴν
642 1369 692 1432 καί
723 1367 952 1448 ἀντίττροφον·
978 1367 998 1444 ἡ
1026 1370 1061 1431 δὲ
1083 1368 1149 1450 ᾠδὴ
1177 1367 1244 1430 κατ’
1265 1366 1381 1429 αὐτοὺ(
1402 1385 1449 1432 116

244 1479 381 1541 καλεῖται
412 1479 462 1540 καὶ
491 1481 613 1557 (τροφὴ
643 1477 688 1541 ὼ(
716 1477 735 1555 ἡ
768 1476 895 1561 ἀντιρδὴ
927 1478 977 1540 καί
1009 1475 1230 1555 ἀντίετροφοτ.
1282 1473 1384 1540 Ἀλλὰ

244 1591 343 1650 ταῦτα
365 1588 422 1664 μὲν
439 1586 468 1651 οἱ
489 1590 729 1666 κομψοπρεπεί(
752 1587 897 1665 ἐξηγηταὶ
919 1587 968 1650 καὶ
995 1586 1189 1649 διδάεκαλοι·
1219 1583 1267 1649 οἱ(
1291 1584 1384 1649 εἵπου

244 1696 302 1760 κᾶν
319 1699 389 1775 μιά(
400 1697 515 1761 λέξεω(
528 1697 743 1776 ἀβα(ανί(τω(
758 1695 914 1773 ἐπείτθην,
931 1695 1023 1760 εὐθὺ(
1038 1696 1105 1758 κατ’
1120 1695 1238 1759 αὐτοὺ(
1251 1695 1384 1773 ἀνηρτη-

206 1827 219 1865 5
245 1806 341 1882 μένο(
356 1807 518 1884 μετέωροι
539 1805 647 1884 ἰκρίων
664 1809 722 1870 τοῦ
738 1806 880 1884 ψεύδου(
896 1804 1045 1884 ἀρίδηλα(
1065 1805 1202 1881 γέγονα,
1224 1805 1384 1883 τόργοιτιν

244 1916 387 1994 αἰώρημα
401 1915 539 1994 φοινίοι(
555 1917 665 1993 δέματ·
687 1915 731 1980 ιὶι(
747 1915 818 1996 ἄρτι
832 1916 911 1978 ποτὲ
931 1916 990 1992 τὴν
1006 1915 1130 1994 ἔφηβον
1147 1915 1255 1992 ἡλικόν
1271 1917 1383 1979 πατῶν

243 2025 293 2087 καί
315 2025 373 2089 τὸν
395 2024 535 2104 αἰθέριον
557 2025 769 2105 ἐξηγούμενο(
788 2026 947 2104 Ὅμηρον,
970 2025 1105 2089 πειεθεὶ(
1126 2026 1313 2108 Ἡλιοδώριμ
1336 2029 1382 2108 τῷ

244 2136 404 2217 βδελυρῷ,
426 2133 521 2200 είπον
544 2137 702 2201 τυνθεῑναι
724 2137 782 2200 τὸν
804 2136 949 2213 Ὅμηρον
972 2133 1023 2198 ἐπὶ
1044 2134 1269 2213 Πειτιττράτου
1292 2133 1382 2212 ἑβδο-

243 2243 382 2322 μήκοντα
404 2243 463 2307 δύο
486 2245 625 2326 (οφοὺτ,
649 2243 697 2308 ὧν
713 2245 930 2325 ἑβδομήκοντα
952 2243 1011 2307 δύο
1035 2242 1117 2308 εἶναι
1137 2245 1186 2326 καὶ
1206 2245 1263 2308 τὸν
1279 2242 1382 2320 Ζηνό-

206 2357 341 2418 ιαδοτον
364 2354 413 2417 καὶ
436 2354 653 2434 Ἀρίτταρχον·
676 2355 776 2419 καίτοι
798 2355 957 2431 τεττάρων
981 2351 1110 2430 ἀνδρῶν
1134 2353 1185 2416 ἐπὶ
1201 2353 1381 2431 Πειτιετρά-

243 2483 301 2526 του
324 2464 504 2528 (υνθέντων
533 2465 589 2529 τὸν
612 2465 772 2543 Ὅμηρον,
801 2463 916 2527 οίτινέ(
939 2461 1013 2527 εἰτιν
1037 2461 1141 2525 οὔποτ’
1163 2461 1381 2536 ἐπικόγκυλοτ,

243 2572 469 2651 Ὀνομάκριτοι
503 2575 683 2651 Ἀθηναῖοε,
717 2573 877 2651 Ζώπυρο(
909 2572 1127 2650 Ἡρακλεώτη(
1160 2572 1210 2634 καὶ
1243 2571 1382 2651 Ὀρφεὺτ

246 2681 478 2759 Κροτωνιάτητ·
500 2683 690 2761 Ζηνοδότου
713 2684 748 2747 δὲ
770 2683 900 2762 χρόνοι(
924 2681 1064 2760 ὑττέροι(
1087 2681 1138 2744 ἐπὶ
1156 2684 1213 2744 τοῦ
1229 2681 1381 2743 Φιλαδέλ-

243 2810 310 2870 φου
338 2791 436 2855 αὐτὸν
465 2790 726 2872 ἀνορθώταντοτ,
760 2791 868 2856 ἔπειτα
895 2794 931 2855 δὲ
958 2791 1055 2856 πάλιν
1083 2794 1141 2854 τοῦ
1170 2789 1380 2868 Ἀριετάρχου.

205 2899 349 2964 ιιΤαῦτα
381 2901 439 2977 μέν
473 2922 525 2981 μοι
558 2902 745 2984 Ἡλιοδώρῳ
779 2902 1023 2979 (υμπέπτωκεν,
1059 2904 1125 2964 τοῑ(
1162 2902 1198 2964 δὲ
1233 2901 1382 2978 τραγικὰ(

242 3009 369 3088 βίβλου(
401 3010 644 3089 ἐξηγηιαμένοι(
671 3011 821 3088 πει(θε“ι(,
851 3010 900 3074 οἷ(
926 3012 975 3074 καὶ
1004 3008 1095 3074 οὗτοί
1123 3031 1199 3090 φαα
1226 3010 1379 3091 τὰαύτὰ,

242 3117 336 3181 εἷπον
364 3119 514 3198 Ὀρέττην
545 3122 595 3185 καὶ
621 3122 785 3200 Ἄλκηετιν
814 3119 982 3199 Εὐριπίδου
1012 3120 1061 3184 καὶ
1088 3123 1146 3198 τὴν
1175 3118 1381 3199 (οφοκλέουτ

241 3227 415 3307 Ἠλέκτραν
437 3229 520 3294 εἶναι
542 3231 690 3309 (ατυρικὰ
712 3230 869 3310 δράματα,
894 3230 938 3293 ὼ(
961 3231 1026 3293 άπό
1049 3229 1189 3293 πένθου(
1212 3229 1254 3293 εἰ(
1277 3232 1379 3309 χαράν

241 3339 482 3422 καταλήγοντα,
507 3341 556 3402 καὶ
580 3339 666 3404 οὕτω
690 3341 815 3419 μέτροι(
838 3341 888 3404 καὶ
910 3342 1034 3403 λοιποί(
1063 3361 1125 3417 μου
1148 3340 1379 3417 (υγγράμμααν

203 3447 379 3527 ιογράφων
408 3448 588 3526 ἐδίδαεκον,
618 3451 680 3514 ἕω(
708 3451 870 3526 άναγνοὺ(
900 3449 1070 3528 Εὐριπίδου
1103 3450 1210 3513 πολλὰ
1238 3448 1380 3526 δράματα

242 3553 339 3636 εὗρον
358 3558 409 3621 καὶ
425 3558 530 3633 ἔγνων
546 3561 585 3624 τὰ
600 3562 746 3638 (ατυρικὰ
768 3559 910 3638 δράματα
924 3561 1051 3638 τέρψει(
1073 3559 1238 3636 θυμελικά(
1262 3557 1380 3636 ἀμιγεῖ(

241 3667 290 3729 καὶ
312 3668 439 3742 γέλωτα
461 3668 612 3747 φέροντα.
657 3671 716 3732 Ἐῶ
738 3671 813 3734 τοὺ(
835 3670 979 3733 πολλοὺ(
999 3670 1049 3732 καὶ
1070 3670 1146 3732 τοὺ(
1169 3666 1379 3748 λεξιγράιρου(

240 3775 444 3859 Ὁμηρικοὺε,
473 3778 493 3840 ἃ
522 3779 682 3857 ἠγνόηταν
714 3779 759 3843 εί(
788 3799 823 3843 τε
851 3779 949 3845 λέξει(
976 3779 1063 3842 τινὰ(
1091 3779 1142 3841 καὶ
1171 3777 1308 3854 ίττορία(
1330 3779 1379 3840 καὶ

242 3884 333 3964 ’έτερα
355 3887 405 3950 καὶ
427 3890 485 3951 τοῦ
508 3893 643 3967 ποιητοῦ
660 3889 912 3968 κατεψεύωντο,
938 3888 1043 3966 ὥιπερ
1064 3889 1114 3952 καὶ
1130 3887 1161 3950 οἱ
1175 3885 1379 3965 προκείμενοι

204 4013 228 4051 ιι
241 3993 356 4074 ἄνδρε(
384 3999 452 4060 τοῑ(
479 3998 551 4077 περὶ
578 4005 645 4062 πάιν
673 4003 827 4077 (κηνικῶν
861 4003 963 4064 τῶνδε
986 3998 1156 4077 δραμάτων
1185 3997 1378 4075 διδάγμααν,

242 4109 444 4121 ---.-.-.

308 4163 349 4210 26.
368 4159 407 4225 δέ]
426 4163 475 4212 πεί
538 4163 561 4213 ά.
581 4160 732 4229 τόργοιαν]
750 4159 886 4229 Lycophr.
907 4164 979 4213 1080.
1038 4164 1061 4212 6.
1081 4157 1191 4225 ἡλίκον]
1210 4157 1253 4210 lta
1270 4155 1379 4210 videtur

241 4263 301 4302 esse
328 4247 357 4302 in
381 4250 487 4317 codice,
516 4269 531 4304 α
558 4268 612 4319 quo
635 4253 753 4322 excripsi
781 4253 819 4306 sic
846 4248 923 4320 ἡλιξ“.
1016 4253 1066 4320 [13.
1091 4251 1282 4318 κρωπονιάτη(
1306 4250 1378 4320 eod]

241 4346 281 4395 22.
302 4343 351 4396 Καί
369 4343 425 4396 etis?
493 4350 535 4398 23.
554 4345 616 4414 Ὁμ)
635 4344 686 4399 cod
