3222 5104
539 377 685 430 senatus
708 377 856 432 11111111
879 379 1061 430 11111111.
1307 363 1367 429 767

229 532 422 598 Munekerus
451 531 492 598 ad
514 533 719 618 Fulgentius:
741 532 768 598 Ι.
791 534 843 598 27.
870 533 921 598 Ex
943 533 1061 598 codicis
1082 532 1220 598 lectione
1242 531 1369 598 facilius

228 643 327 708 etiam
350 645 513 722 Ἀλκέετηε
535 665 638 726 eruas,
662 665 758 727 quarn
779 643 931 725 formam,
955 644 1063 708 nescio
1085 642 1185 722 unde,
1208 642 1369 708 Gesnerus

229 756 262 817 et
287 753 489 818 l'acciolatus
519 753 555 818 in
584 752 709 818 Lexicis
736 752 801 816 suis
829 773 972 836 posuere.
1019 753 1215 834 Κηραίνου1α
1236 753 1369 818 minime

228 865 299 926 erat
323 861 570 927 sollicitandum.

312 972 376 1038 Pro
390 973 543 1056 Apolline
565 975 599 1036 et
612 972 720 1036 Diana
740 972 842 1036 altero
856 971 975 1037 abhinc
997 993 1083 1038 anno
1105 994 1250 1037 caussam
1272 995 1369 1058 agere

229 1083 335 1166 coepit
357 1082 574 1147 Buttmannus
596 1083 631 1146 in
653 1084 902 1167 programmate,
926 1082 1009 1166 quod
1031 1085 1064 1147 11
1085 1083 1202 1148 vidisse
1223 1104 1326 1167 spero.

299 1192 471 1258 *Horresco
486 1191 628 1257 referens
635 1241 645 1275 ‚
668 1213 764 1276 quam
779 1191 840 1256 sim
854 1191 1035 1276 negligens.
1067 1191 1157 1257 Haec
1172 1196 1249 1257 ante
1269 1215 1368 1257 unum

228 1324 370 1367 mensem
393 1305 425 1366 et
440 1301 571 1367 alterius
591 1301 757 1366 dimidium
779 1302 899 1386 scripta
922 1306 1025 1383 erant,
1048 1302 1291 1386 dissertatioque
1313 1305 1369 1366 tua
1397 1369 1401 1374 ,

229 1434 294 1477 una
316 1434 389 1476 cum
410 1412 471 1476 hac
494 1411 630 1496 epistola
652 1411 687 1475 in
709 1433 820 1476 mensa
842 1433 913 1475 mea
935 1411 1078 1493 iacebat,
1106 1433 1226 1496 magno
1247 1413 1368 1496 paulla-

228 1522 288 1586 tim
310 1522 424 1586 obruta
447 1521 600 1586 libronrm
621 1542 745 1587 acervo.
791 1520 891 1597 Quem
919 1542 979 1606 ego
1006 1543 1092 1587 nunc
1114 1521 1189 1584 dum
1210 1543 1367 1604 removeo,

228 1632 346 1716 quippe
368 1631 466 1695 alium
488 1631 719 1717 aliquantisper
747 1631 889 1696 laborem
916 1633 1119 1714 suscepturus
1147 1630 1256 1715 (erant
1283 1632 1369 1696 enim

229 1741 338 1805 omnia
360 1741 514 1825 Aeschyli
536 1763 649 1806 caussa
672 1742 840 1826 congesta)
872 1740 1129 1804 dissertationem
1156 1743 1245 1804 tuam
1266 1741 1367 1825 video,

229 1850 385 1934 simulque
406 1851 442 1916 in
463 1853 604 1916 mentem
625 1851 724 1934 venit,
749 1850 918 1935 epistolam
939 1850 968 1913 ei
990 1849 1104 1933 inesse,
1128 1849 1281 1934 scriptam
1303 1852 1370 1934 qui-

230 1959 313 2042 dem,
337 1959 391 2024 sed
415 1962 556 2026 nondum
577 1959 754 2026 tabellariis
777 1961 939 2025 traditam.
974 1961 1074 2024 0111
1091 1959 1202 2044 flagris
1224 1960 1367 2045 dignum,

230 2070 264 2134 ni
286 2073 322 2134 tu
344 2071 504 2155 ignoscas.
542 2070 632 2146 Quod
654 2071 716 2135 nisi
738 2070 837 2135 libros
859 2070 938 2134 istos
959 2070 1173 2153 removissem,
1197 2068 1281 2133 haud
1303 2071 1370 2134 scio

230 2202 274 2244 an
297 2181 394 2244 etiam
417 2181 499 2245 alter
520 2182 639 2246 mensis
662 2181 788 2264 elapsus
811 2184 909 2244 esset:
936 2201 1128 2263 quamquam
1150 2178 1205 2243 illo
1227 2179 1297 2263 ipso
1319 2179 1369 2243 die

199 2278 204 2290 '
233 2291 296 2354 alio
319 2291 413 2354 modo
435 2291 474 2355 de
502 2294 635 2375 peceato
662 2290 793 2354 fuissem
821 2289 1012 2354 admonitus.
1058 2277 1270 2354 Commodum
1285 2288 1370 2352 enim

230 2403 358 2483 reperta
392 2400 529 2485 epistola
563 2401 688 2464 litteras
716 2399 827 2484 accepi
854 2422 874 2462 a
901 2399 1062 2480 Iacobsio,
1097 2399 1220 2482 collega
1251 2400 1306 2461 tuo
1338 2402 1371 2463 et

229 2509 344 2591 amico,
367 2509 421 2593 qui
444 2509 524 2574 mihi
539 2510 794 2574 dissertationem
817 2531 907 2573 suam
929 2508 968 2572 de
988 2507 1153 2572 Plutarchi
1175 2507 1371 2591 aliorumque

229 2619 422 2702 scriptorum
444 2618 634 2702 quibusdam
660 2620 738 2683 locis
766 2619 864 2683 misit.
909 2617 967 2684 Oui
989 2621 1025 2681 tu
1046 2639 1117 2682 meo
1138 2617 1267 2681 nomine
1289 2618 1370 2682 iute-

230 2747 286 2790 111
308 2727 404 2790 velim
425 2728 549 2813 gratias
572 2732 613 2792 et.
626 2727 782 2794 maximas
804 2728 931 2812 quidem
958 2748 1048 2812 agas.
1092 2726 1157 2792 Vbi
1178 2727 1286 2810 legero
1308 2726 1369 2791 dis-

228 2836 436 2900 saltationem
443 2885 452 2920 ,
481 2837 621 2902 scribam
652 2839 681 2902 ei
709 2839 794 2922 ipse,
822 2839 850 2902 si
877 2837 1004 2921 quidem
1032 2841 1217 2921 exspectare
1244 2837 1366 2902 didicit.

229 2946 424 3031 Aeschylea,
448 2947 530 3030 quod
552 2947 746 3012 Eumenides
769 2969 856 3012 nune
877 2947 1004 3031 publice
1026 2948 1235 3031 interpretor,
1258 2947 1368 3011 statim

227 3055 370 3140 inspexi:
408 3056 443 3120 in
463 3056 515 3120 his
522 3105 531 3140 ,
560 3078 641 3140 quae
663 3057 818 3121 hactenus
841 3057 876 3119 in
898 3055 1088 3122 lectionibus
1115 3057 1195 3121 meis
1216 3058 1365 3140 tractavi,

227 3164 266 3229 de
288 3167 446 3251 plerisque
470 3168 511 3231 ab
534 3187 572 3230 eo
593 3166 763 3231 dissentio:
797 3165 836 3230 de
865 3166 999 3230 caeteris
1028 3165 1146 3231 videro.
1192 3165 1253 3232 Sed
1280 3189 1368 3231 nunc

227 3296 293 3339 non
316 3280 365 3341 est
379 3277 488 3341 otium.
523 3275 607 3340 Nem
622 3298 719 3360 quum
733 3275 847 3360 pridie,
870 3298 965 3360 quam
987 3277 1066 3340 haee
1088 3276 1212 3368 scripsi,
1236 3277 1367 3340 nuncia·

227 3388 296 3450 tum
316 3386 395 3450 mihi
417 3391 510 3470 esset,
534 3385 646 3450 statim
666 3385 808 3469 imprimi
827 3385 942 3450 debere
957 3385 1085 3449 titulum
1106 3386 1365 3471 programmatis,

227 3495 310 3579 q'uod
337 3495 494 3561 edendum
522 3498 621 3578 esset,
654 3495 793 3560 indicem
820 3495 969 3578 inscripsi
996 3495 1165 3559 schedulae
1193 3496 1295 3578 huuc,
1326 3496 1366 3559 de

228 3603 352 3689 legibus
374 3605 562 3690 quibusdam
584 3604 802 3670 subtilioribus
824 3607 978 3670 sermonis
1000 3604 1182 3689 Homerici,
1206 3627 1261 3670 eas
1282 3609 1366 3670 trac·
1462 3665 1467 3675 .

227 3717 363 3799 tatums,
387 3737 465 3800 quas
480 3715 684 3780 Thiersohius
705 3718 815 3779 noster
835 3737 938 3799 nuper
959 3716 994 3780 in
1016 3715 1098 3797 actis
1119 3715 1366 3780 Monacensibus

226 3826 431 3910 neglexisset.
461 3824 510 3890 De
525 3825 638 3910 quibus
653 3825 780 3910 quidem
802 3825 867 3890 iam
882 3847 977 3910 quum
999 3825 1089 3890 illam
1110 3825 1366 3890 dissertationem

226 3935 385 4028 legerem,
409 3935 601 4020 conscripsi,
624 3957 722 4020 quae,
751 3935 780 4000 si
801 3957 925 4000 summa
945 3937 1076 4020 urgeret
1096 3931 1285 4018 necessitas,
1315 3937 1365 4000 rel

226 4043 290 4129 sic,
313 4048 350 4110 ut
371 4045 491 4131 scripta
512 4049 598 4130 sunt,
622 4044 673 4109 edi
695 4048 841 4129 possent:
879 4044 933 4110 sed
955 4045 1107 4129 quoniam
1128 4046 1176 4109 illi
1198 4067 1365 4110 numerare

226 4154 349 4237 placuit
370 4156 455 4220 locos
471 4155 613 4240 Homeri,
636 4177 830 4240 numeroque
846 4159 879 4219 et
892 4155 1107 4238 multitudine,
1130 4177 1226 4238 quam
1247 4155 1365 4221 virtute

225 4264 363 4328 militum
385 4263 548 4330 decertare
554 4317 564 4350 ,
586 4265 770 4331 faciendum
791 4265 914 4350 putavi,
936 4267 974 4329 ut
994 4245 1055 4348 egb
1076 4287 1199 4350 quoque
1221 4265 1364 4351 integras

227 4375 370 4440 cohortes
405 4381 626 4459 producerem:
664 4377 806 4461 suspicor
838 4377 925 4441 enim
955 4378 1012 4440 aut
1041 4375 1146 4472 potius
1174 4375 1266 4444 video
1298 4397 1365 4444 non
