3254 5086
530 413 689 463 nroursn
711 411 1062 462 unnrcnsunssnusrs.
1301 395 1365 460 539

749 566 769 645 s
794 564 844 627 14.

311 700 477 766 Corollarii
507 701 575 764 loeo
603 719 689 762 nunc
716 698 793 762 licet
826 719 952 763 omnem
982 697 1125 762 codicum
1154 698 1364 782 Dionysiano-

227 832 296 873 rum
318 811 505 895 progeniem
527 812 560 873 et
582 807 808 894 cognationem
830 808 891 873 hoe
912 807 1048 872 artificio
1069 807 1244 871 illustrare:

571 983 1017 1632 ΞΟ

781 1561 805 1618 c
825 1557 914 1640 (cr)

572 1651 600 1798 l

311 1879 421 1961 Ipsum
446 1879 511 1944 iam
538 1880 693 1946 Cobetum
721 1881 806 1946 haud
834 1903 930 1969 aegre
958 1903 1180 1948 concessurum
1211 1881 1364 1965 suspicor,

227 2009 288 2051 nec
303 1987 446 2054 Chisiani
461 1989 601 2072 potuisse
616 1991 839 2056 auctoritatem
854 1993 917 2056 nisi
932 1992 1096 2077 explorato
1107 1990 1265 2055 Vrbinate
1280 1993 1367 2054 recte

228 2096 369 2180 definiri,
392 2118 453 2162 nec
474 2097 567 2162 huius
590 2099 731 2166 indolem
753 2102 911 2186 explorari
933 2102 996 2166 nisi
1019 2101 1211 2185 comparatis
1232 2099 1367 2184 reliquo·

228 2227 312 2272 rum.
330 2207 484 2272 librorum
518 2209 712 2292 rationibus,
749 2231 810 2274 nee
838 2211 933 2276 fidem
961 2232 1020 2276 nos
1054 2211 1239 2275 inventuros
1270 2209 1369 2273 fuisse

228 2316 338 2379 eiectis
370 2319 419 2380 tot
451 2318 566 2401 pannis
588 2317 743 2403 Dionysio
773 2320 870 2384 etiam
898 2342 986 2385 nunc
1008 2319 1269 2401 adhaerentibus,
1305 2318 1369 2382 nisi

227 2427 341 2489 horum
367 2425 492 2511 origine
519 2429 707 2492 monstratu.
758 2429 807 2492 De
834 2430 946 2513 quibus
975 2429 1122 2493 omnibus
1150 2428 1203 2512 qui
1225 2431 1369 2491 nostram

228 2535 422 2599 sententiam
446 2536 516 2600 aliis
537 2535 797 2619 persuaderemus
819 2538 883 2602 nisi
906 2541 938 2602 st
960 2537 1107 2604 omnibus
1130 2535 1290 2601 codicibus
1312 2557 1369 2619 per

135 2631 143 2638 ⁸
229 2643 367 2728 aliquam
394 2648 518 2728 partem
545 2645 785 2730 Antiquitatum
815 2647 939 2712 collatis
969 2649 1078 2732 (atque
1106 2645 1306 2712 substitimus
1333 2645 1369 2708 in

228 2755 404 2837 prooemio)
439 2758 471 2818 et
504 2775 612 2819 eorum
640 2754 865 2840 discrepantiis
894 2779 965 2822 oum
995 2757 1057 2838 eis,
1088 2777 1221 2840 quonmr
1253 2752 1370 2818 iudicia

229 2867 464 2946 expeteremus,
497 2885 563 2928 non
587 2887 658 2928 cum
688 2865 807 2929 dilectu
828 2866 883 2930 sed
910 2867 1005 2949 plene
1032 2864 1296 2930 communicatis?
1330 2863 1371 2926 In

229 2972 342 3057 quibus
364 2973 391 3037 si
418 2976 493 3038 sunt
519 2995 599 3057 quae
622 2975 762 3057 perlevia
784 2974 953 3039 videantur
979 2977 1031 3041 vel
1057 2975 1175 3040 nullius
1199 2973 1369 3038 momenti:

229 3081 257 3144 si
283 3085 369 3145 recte
398 3081 556 3165 videntur,
592 3083 703 3166 culpae
733 3083 861 3167 quidem
892 3084 980 3148 notio
1008 3083 1116 3167 (modo
1150 3084 1178 3148 ei
1207 3084 1294 3148 locus
1327 3082 1371 3146 sit
1387 3103 1420 3150 24

229 3191 374 3275 omnino)
401 3212 467 3255 non
495 3192 529 3255 in
557 3190 711 3256 editorem
733 3193 877 3275 profecto
902 3193 1141 3276 transferenda,
1171 3215 1190 3255 a
1217 3214 1279 3274 quo
1300 3191 1369 3254 dili-

228 3299 341 3385 gentia
368 3299 521 3384 postulari
550 3300 647 3384 solet,
676 3300 731 3365 sed
758 3301 891 3365 librario
913 3301 1116 3385 imputanda,
1144 3301 1199 3384 qni
1226 3322 1293 3363 non
1315 3303 1371 3364 aut

229 3409 377 3493 graviora
399 3411 455 3472 aut
476 3409 556 3473 nihil
572 3411 730 3493 peccarit3
752 3410 780 3474 si
801 3410 907 3474 minus
922 3413 1024 3492 recte,
1049 3410 1155 3473 minus
1170 3409 1266 3473 etiam
1288 3408 1369 3472 vitu-

228 3519 334 3601 perari
359 3539 467 3582 eornm
490 3519 748 3583 commemoratio
770 3519 889 3584 debuit.
934 3518 1116 3602 Vitupercti
1139 3539 1263 3600 sumus,
1287 3519 1370 3601 quod

228 3626 307 3690 talia
330 3627 530 3692 attulerimus
552 3631 588 3691 ut
610 3627 818 3710 εὑρωπαίοιε,
848 3626 931 3711 quod
954 3649 1030 3692 sane
1059 3630 1091 3691 ct
1113 3626 1239 3710 perleve
1268 3628 1371 3689 estet

229 3735 309 3798 nulli
336 3735 424 3818 usui3
458 3737 512 3800 sed
546 3736 621 3821 quid
650 3759 741 3802 usum
768 3737 952 3801 habiturum
979 3736 1039 3819 sit,
1075 3735 1149 3819 quid
1183 3755 1249 3798 non
1281 3735 1370 3799 habi-

229 3847 352 3927 turum,
386 3866 448 3909 nec
483 3845 593 3930 quovis
624 3849 768 3930 tempore
800 3867 861 3909 nec
901 3844 1037 3909 cuiusvis
1070 3844 1217 3908 acumine
1249 3844 1371 3927 praevi-

229 3953 331 4018 detur.
382 3954 436 4018 An
463 3956 577 4032 ὀλίγα
604 3975 726 4039 quoque
753 3953 848 4037 illud,
882 3952 961 4018 levis
989 3952 1140 4017 nimirum
1167 3973 1225 4036 pro
1256 3953 1371 4029 ὀλίγα

230 4061 460 4147 discrepantia,
489 4063 616 4128 silentio
643 4062 963 4147 praetermittendum
990 4061 1068 4144 snit,
1100 4063 1135 4125 in
1162 4083 1224 4146 quo
1247 4063 1283 4126 οἱ
1305 4063 1370 4126 λό-

229 4190 292 4244 γοι
314 4171 443 4236 latuisse
466 4171 601 4237 vidimus
624 4173 658 4256 (ξ
674 4171 732 4256 6)?
752 4209 795 4222 -
813 4171 898 4235 Nam
921 4170 999 4234 illud
1021 4169 1149 4254 quidem
1171 4193 1237 4234 non
1259 4171 1369 4255 magni

231 4300 308 4342 sane
330 4280 482 4363 facimus,
506 4281 588 4365 quod
609 4279 837 4364 propemodum
860 4279 966 4344 nullus
989 4279 1070 4343 liber
1092 4285 1141 4342 est
1163 4279 1257 4343 ullius
1271 4280 1369 4363 scrip·

230 4387 324 4473 toris,
353 4409 370 4451 c
393 4409 454 4471 quo
475 4409 541 4454 non
564 4389 748 4474 aliquando,
777 4409 969 4477 quamquam
991 4388 1162 4454 rarissimis
1185 4387 1369 4480 plerumque
