3272 5088
546 371 704 425 nroursu
730 375 1082 428 nsnrcsnnissnusrs.
1322 357 1384 426 417

245 530 370 612 mirere,
394 528 622 613 propemodum
644 529 834 593 incredibili.
879 529 964 594 Nam
987 535 1160 595 Historia
1181 536 1320 613 Dionysii
1340 531 1387 594 cit

245 647 373 706 babetur
400 647 431 704 in
467 645 634 704 Vaticanac
663 645 861 705 bibliothecae
889 661 956 706 mss.
985 647 1076 706 codd.
1107 652 1174 704 115.
1205 650 1269 704 038.
1301 651 1385 704 1000.

237 755 332 814 Ι11116.
359 761 407 814 64.
435 759 498 812 102.
525 760 606 812 1327.
632 761 677 814 61.
706 756 845 815 Vrbindt.
871 762 919 813 47.
944 761 989 814 89.
1013 757 1113 815 Palae.
1145 761 1193 815 66.
1225 761 1291 814 277.
1321 762 1384 814 132.

247 871 293 923 58.
321 871 385 924 131.
429 858 569 924 Tantam
591 859 828 924 multitudinem
851 861 922 945 quis
944 883 1010 925 non
1033 860 1229 925 demiretur?
1265 859 1387 924 Verum

246 971 331 1034 enirn
347 991 421 1034 vero
443 970 540 1054 longe
556 969 620 1033 0110
634 991 693 1034 nos
715 969 851 1035 schedae
872 993 947 1036 mss.
971 971 1098 1054 docent,
1121 971 1235 1055 quibus
1255 969 1385 1036 Vatica-

245 1101 359 1143 norum
381 1079 528 1163 Dionysii
552 1079 695 1143 codicum
716 1081 875 1163 omnium,
904 1081 958 1165 qui
980 1081 1107 1165 quidem
1129 1081 1222 1144 hodie
1246 1083 1384 1163 exstent,

246 1189 520 1254 accuratissimum
549 1188 687 1254 indicem
714 1190 961 1255 Kellermannus
994 1191 1190 1275 perscripsit.
1241 1190 1291 1254 ux
1325 1211 1387 1274 quo

247 1301 453 1385 cognorimus
482 1298 642 1364 Vaticano
678 1300 739 1365 145
773 1301 930 1365 contineri
958 1299 1176 1384 Xiphilinum,
1205 1298 1281 1363 Vct.
1311 1301 1384 1365 938.

248 1411 339 1475 1000.
365 1410 446 1474 1416
469 1411 649 1494 (praeterea
672 1411 769 1474 etiam
792 1411 888 1496 1302)
917 1415 949 1474 et
971 1410 1050 1474 Vrb.
1075 1411 1116 1476 89
1144 1410 1291 1494 Dionysii
1314 1413 1387 1489 περὶ

246 1521 447 1586 Θουκυδίδου
469 1519 649 1599 ἰδιωμάτων
672 1520 799 1604 librum,
816 1519 893 1584 Vat.
910 1521 961 1585 64.
981 1521 1073 1603 1327,
1090 1519 1235 1603 711147,
1259 1519 1327 1584 Pal.
1344 1520 1385 1584 66

245 1629 361 1693 librum
393 1631 465 1710 περὶ
498 1632 673 1696 ευνθέεεωε
707 1631 896 1713 ὀνομάτων,
933 1630 1134 1714 eiusdemque
1163 1630 1324 1714 epitomen
1351 1629 1387 1693 in

245 1737 320 1804 Vnt.
347 1740 422 1822 102,
451 1739 520 1803 Pal.
547 1741 609 1805 132
631 1741 722 1825 (item
744 1741 837 1825 254),
861 1740 976 1805 deinde
998 1739 1073 1804 Van.
1098 1742 1137 1804 61
1160 1742 1233 1821 περὶ
1256 1739 1384 1820 ῥυθμῶν

247 1850 527 1932 commentarium,
557 1849 626 1914 Pal.
656 1851 717 1915 277
747 1857 916 1916 methodum
944 1857 1188 1932 πανηγυρικῶν,
1223 1849 1292 1914 Ρο1.
1325 1851 1387 1915 134

245 1965 337 2024 eiiam
367 1965 490 2041 Lysiae,
528 1961 663 2044 denique
691 1960 760 2025 Pal.
790 1959 831 2026 58
859 1966 903 2026 ud
931 1965 1116 2026 Tuberonem
1149 1971 1178 2026 et
1211 1967 1385 2040 Pompeium

245 2077 391 2151 epistulas
413 2091 483 2134 cum
506 2070 588 2134 libro
610 2077 648 2134 dc
675 2079 806 2150 antiquis
829 2077 1010 2137 oratoribus.
1057 2071 1176 2136 Contra
1199 2071 1385 2154 Antiquita-

245 2182 313 2242 tum
341 2179 559 2244 Romanarum
588 2180 711 2245 codices
739 2184 867 2264 praeter
894 2180 1088 2246 Vaticanum
1120 2182 1216 2263 1300,
1252 2179 1291 2244 de
1324 2200 1385 2264 quo

245 2311 341 2373 supra
368 2289 521 2373 diximus,
554 2290 589 2354 in
617 2291 687 2374 ipsa
714 2294 840 2354 vetusta
868 2289 1029 2355 Vaticana
1057 2291 1097 2354 ab
1125 2290 1236 2354 eodem
1264 2289 1385 2354 Keller·

244 2420 365 2463 manno
398 2400 605 2483 perhibentur
636 2400 698 2464 duo
731 2401 868 2483 servari,
903 2423 936 2465 n.
968 2401 1028 2466 133
1056 2404 1089 2465 et
1117 2374 1179 2466 134
1212 2400 1384 2482 chartacei,

245 2509 368 2573 formae
390 2509 524 2593 mediae,
549 2510 669 2574 saeculi
684 2509 756 2575 XV.
788 2509 927 2585 Quorum
949 2511 1167 2594 posteriorem,
1190 2510 1244 2593 qui
1267 2531 1285 2572 0
1307 2509 1385 2574 folio
1404 2522 1436 2570 19

247 2620 308 2683 124
334 2622 447 2684 teneat
469 2620 620 2686 Ἰωάννου
643 2625 701 2685 τοῦ
730 2621 902 2701 Εὐγενιχοΰ
932 2620 1062 2702 ἰάμβου(
1085 2620 1129 2686 εἰ(
1152 2620 1303 2699 Ἰωάννην
1326 2620 1384 2684 τὸν

245 2730 488 2807 Παλαιολόγον,
528 2730 679 2813 deinceps
712 2735 819 2794 autem
856 2731 999 2815 Appiani
1038 2731 1151 2813 libros,
1191 2728 1385 2812 descriptum

245 2838 345 2902 videri
376 2861 414 2902 ex
442 2837 603 2904 Vaticano
634 2841 717 2905 1300
744 2863 804 2905 nec
833 2841 905 2924 plus
933 2863 1028 2924 quam
1058 2840 1192 2905 eandem
1214 2839 1386 2924 pentadem

248 2949 433 3032 complecti,
461 2950 598 3014 alterum
626 2953 732 3014 autem
763 2951 799 3014 in
825 2950 912 3015 foliis
944 2951 1007 3016 394
1034 2949 1180 3034 Dionysii
1213 2949 1312 3014 libros
1339 2947 1385 3012 XI

245 3080 355 3122 omnes
384 3061 493 3124 tenere
521 3060 615 3123 valde
644 3061 765 3124 recenti
792 3081 891 3125 manu
918 3061 1070 3144 scriptos,
1100 3061 1141 3125 ab
1163 3060 1256 3125 initio
1279 3063 1386 3124 autem

246 3169 379 3232 eandem
419 3191 490 3233 cum
523 3168 675 3234 Ohisieno
711 3171 811 3254 ipsius
844 3170 1007 3255 scriptoris
1040 3170 1225 3255 imaginem.
1279 3171 1385 3254 Atque

245 3280 331 3342 hunc
358 3278 486 3363 quidem
515 3279 655 3344 codicem
681 3280 735 3344 vix
761 3280 840 3344 mihi
868 3283 1011 3364 tempero
1038 3281 1115 3364 quin
1139 3302 1210 3344 cum
1233 3279 1273 3343 ab
1298 3277 1385 3363 Lupo

244 3391 313 3452 tum
346 3389 387 3453 ab
420 3387 574 3454 Hudsono
606 3394 793 3474 usurpatum
825 3390 905 3454 mihi
937 3390 1155 3474 persuadeam.
1205 3388 1290 3454 Nam
1324 3389 1385 3452 etsi

245 3499 369 3563 numeri
391 3499 553 3583 differunt,
576 3505 687 3564 tamen
709 3521 769 3564 nec
791 3501 898 3584 quarti
912 3500 1006 3564 ullius
1021 3499 1185 3582 Vaticani,
1209 3499 1262 3583 qui
1285 3499 1386 3584 possit

246 3605 477 3673 Hudsonianus
500 3631 578 3693 esse,
603 3611 644 3673 ab
658 3609 887 3674 Kellermanno
909 3611 1030 3675 mentio
1053 3609 1141 3674 facta
1165 3612 1223 3692 est,
1248 3612 1280 3672 et
1301 3609 1384 3692 quod

245 3717 374 3801 gravius
403 3719 516 3801 etiam,
546 3719 757 3784 Hudscniano
784 3741 916 3784 numero
942 3721 1007 3786 450
1033 3720 1068 3784 in
1089 3718 1251 3783 Vaticana
1273 3718 1385 3782 biblio-

244 3826 339 3891 theca
354 3827 448 3891 hodie
463 3828 610 3913 signatus
635 3829 733 3894 codex
754 3851 796 3893 ne
818 3831 960 3913 pertinet
976 3830 1103 3914 quidem
1125 3830 1166 3893 011
1181 3827 1382 3913 Dionysium,

245 3937 299 4001 sed
323 3937 513 4023 Gregorium
536 3937 717 4023 Nyssenum
749 3940 892 4003 continet
923 3961 994 4004 cum
1018 3939 1258 4024 Chrysostomo,
1287 3959 1385 4002 manu

246 4051 351 4111 autem
382 4049 520 4132 scriptus
548 4052 597 4112 est
629 4070 758 4132 prorsus
792 4049 905 4113 eadem
932 4072 994 4134 qua
1027 4049 1174 4134 Dionysii
1207 4047 1384 4112 Vaticanus

247 4156 338 4219 1300.
383 4157 557 4242 Vtriusque
588 4156 741 4223 Vaticani
776 4181 847 4223 cum
883 4160 943 4225 133
975 4162 1043 4224 tum
1078 4161 1138 4224 134
1170 4159 1231 4223 etsi
1264 4159 1385 4241 aliquot

245 4265 419 4347 scripturas
446 4267 511 4332 vidi
546 4268 587 4330 ab
618 4269 847 4333 Kellermanno
876 4268 916 4332 ad
944 4269 1000 4334 lib.
1029 4267 1093 4332 VH
1126 4271 1159 4333 et
1185 4268 1216 4332 X
1248 4268 1385 4352 carptim

245 4377 408 4460 enotatas,
431 4381 541 4440 temen
563 4381 657 4441 tanta
680 4399 789 4442 earum
811 4380 957 4463 paucitas
981 4381 1040 4462 est,
1063 4377 1144 4441 nihil
1167 4381 1203 4442 ut
1224 4377 1299 4441 inde
1323 4377 1384 4442 col-
