3218 5094
268 331 331 396 644
649 350 696 396 ou
720 348 789 398 οπο
813 349 857 396 ar
880 349 1022 396 οιιιοιιιι.

269 499 434 577 Μιλήειο(;
458 499 565 582 Etym.
590 501 634 564 M.
658 524 690 584 p.
707 501 780 582 506,
801 501 840 563 12
861 501 933 565 coll.
957 502 1030 565 Par.
1055 480 1161 564 Harn.
1180 499 1303 583 pseu,
1326 499 1404 564 Zon.

267 630 299 690 p.
327 609 418 673 1186.
462 609 545 673 Item
565 613 730 690 Ικραναῇ,
758 611 778 689 ῇ
799 615 944 690 τραχεῖα·
977 611 1120 690 Ἰθάκη(
1142 614 1315 690 κραναῇ(
1336 631 1407 688 περ

267 719 422 798 ἐοότη(
445 721 602 800 τραχείαε,
625 721 745 801 ὀρείου,
768 721 890 800 κάρηνα
912 721 1054 801 ἐχούτηε.
1085 720 1200 800 Ὠροεε
1217 720 1337 802 'Etym
1360 719 1404 782 M.

266 850 298 910 p.
321 829 395 912 534,
418 829 462 894 50
484 851 555 894 eum
577 813 684 894 Havu.
708 852 740 912 p.
764 831 836 912 931,
861 828 943 893 Gud.
967 852 999 911 p.
1016 799 1089 912 342,
1106 829 1158 894 56.
1203 829 1291 904 Quae
1305 850 1406 912 <quem

267 938 306 1001 ad
329 937 457 1002 modum
479 943 611 1024 propter
634 941 842 1020 Κέρκωπε(
870 941 903 1002 ct
925 941 1046 1018 Ἰθάκη
1076 939 1206 1002 ethnica
1235 941 1325 1022 patet
1355 960 1407 1002 ex-

216 1063 248 1110 56
265 1048 371 1131 posita
392 1048 501 1132 fuisse,
524 1051 571 1112 ita
592 1048 701 1114 nescio
724 1071 766 1112 an
787 1049 872 1112 idem
894 1048 989 1113 cadat
1010 1049 1045 1112 in
1067 1049 1219 1128 αἰγίλιψ
1235 1048 1342 1131 Etym.
1359 1049 1405 1111 M.

266 1181 297 1241 p.
322 1157 374 1240 27,
398 1159 441 1222 44
475 1163 605 1244 propter
633 1159 757 1224 adnexa
786 1157 952 1222 aZonara
979 1181 1011 1241 p.
1037 1159 1075 1222 77
1107 1158 1280 1240 Αίγίλιψ,
1312 1159 1406 1222 πόλι(

268 1256 489 1349 Κεφαλληνία(
518 1268 724 1352 (quamquam
752 1267 856 1351 potuit
869 1268 981 1339 ,ctiam
1007 1268 1043 1331 in
1071 1267 1302 1352 orthographia
1323 1271 1405 1332 trac·

265 1377 328 1440 tari
358 1400 429 1442 cum
457 1378 586 1461 reliquis
615 1379 757 1442 ολείπω
784 1378 888 1441 ductis
917 1378 1017 1461 §22,
1041 1378 1076 1460 2,
1110 1377 1216 1462 potuit
1248 1378 1345 1442 etiam
1370 1378 1406 1440 in

264 1488 375 1552 πάθεα
398 1487 516 1571 quippe
538 1487 660 1551 foetum
682 1487 829 1572 ἀποβολῇ
851 1492 911 1552 τοῦ
934 1489 980 1570 ε);
1012 1488 1063 1550 vel
1085 1487 1120 1550 in
1143 1488 1212 1565 άκῇ
1235 1509 1266 1570 ρ.
1289 1488 1342 1570 47,
1364 1487 1406 1549 22

264 1600 395 1680 propter
417 1598 561 1680 proxima
582 1599 669 1675 ,Ἄκη
697 1597 777 1679 (non
800 1597 887 1682 Ἀκῇ)
914 1599 1008 1662 πόλι(
1030 1598 1180 1676 Φοινίκη(
1202 1620 1228 1661 κ.
1243 1619 1269 1661 τ.
1285 1597 1342 1682 λ.);
1370 1596 1406 1659 in

264 1707 428 1772 ἀκανθί(
444 1729 476 1790 ρ.
492 1708 546 1789 45,
563 1707 583 1770 9
605 1709 736 1790 propter
751 1709 940 1772 Ἄκανθο(
956 1708 1049 1771 πόλι(
1065 1708 1266 1772 Μακεδονία(
1283 1729 1309 1772 κ
1324 1729 1349 1772 τ.
1362 1708 1405 1774 λ.;

263 1817 299 1879 in
321 1818 508 1897 κάβαιτοτ
531 1838 627 1900 supra
648 1816 788 1900 positum
810 1818 830 1896 ξ
853 1816 906 1898 22,
932 1818 947 1878 1
977 1820 1108 1900 propter
1132 1817 1322 1900 Καβηεόε,
1346 1818 1404 1880 πό-

264 1930 311 1990 λι(
340 1927 466 2010 Θρᾴκη(
494 1927 600 2010 atym.
631 1925 676 1989 M.
705 1949 738 2010 p.
761 1926 841 2009 482,
870 1926 927 2008 21,
958 1925 995 1990 in
1022 1927 1193 2006 κακκάβη
1226 1948 1257 2008 ρ.
1281 1925 1361 2007 485,
1388 1928 1400 1988 1

264 2039 395 2118 propter
418 2037 593 2116 Κακκάβη
615 2036 648 2098 h.
665 2056 692 2098 e.
719 2036 893 2116 Καρχηδών
917 2033 1027 2118 Steph.
1051 2059 1083 2119 p.
1100 2034 1174 2112 240,
1190 2034 1247 2117 24,
1269 2034 1406 2098 fortasse

264 2145 360 2208 ctiam
382 2145 418 2207 in
440 2146 560 2224 κράόη
585 2143 666 2209 Gud.
691 2167 723 2228 p.
746 2145 820 2228 342,
843 2145 884 2209 35
907 2148 1037 2228 propter
1061 2145 1203 2225 Κράδη,
1231 2145 1324 2209 πόλι(
1347 2145 1406 2209 Κα-

265 2254 333 2334 ρία(
356 2253 484 2338 suph,
506 2254 541 2318 in
557 2256 700 2335 κρόεεα
723 2253 830 2337 Etym.
848 2253 892 2317 M.
909 2275 941 2336 p.
958 2255 1031 2336 540,
1047 2253 1100 2336 40,
1126 2253 1207 2318 Gud.
1224 2277 1257 2337 p.
1274 2254 1348 2337 348,
1363 2254 1407 2318 52

264 2369 395 2448 propter
420 2365 569 2444 Κρόεεα
590 2365 672 2446 πρὸ(
695 2370 741 2450 τῷ
764 2364 883 2449 Πόντῳ
907 2363 1034 2446 Steph.;
1068 2364 1102 2426 in
1129 2365 1273 2443 ταρεόε
1295 2363 1404 2445 Etym.

263 2473 307 2538 M.
333 2498 364 2558 p.
390 2475 463 2556 747,
487 2475 506 2537 6
529 2477 661 2558 propter
683 2475 834 2553 Tupcoc
857 2471 999 2554 Ciliciae,
1025 2474 1066 2536 cf.
1090 2472 1168 2537 Zon.
1192 2497 1224 2557 p.
1251 2473 1347 2556 1610,
1371 2475 1406 2538 in

263 2585 454 2663 ὑπηρέεια
475 2606 507 2669 ρ.
533 2585 610 2666 780,
633 2583 676 2647 44
703 2587 835 2668 propter
861 2584 1047 2665 Ὑπηρεεία,
1072 2584 1164 2648 πόλι(
1185 2587 1240 2662 τῇ(
1263 2585 1406 2663 Ἀχαίαε;

262 2694 340 2757 item
363 2695 397 2756 in
419 2694 687 2775 άμφικτάονε(
716 2715 747 2775 ρ.
770 2692 823 2774 90,
843 2691 896 2774 50,
920 2692 1003 2775 quod
1025 2696 1134 2756 tamen
1155 2695 1192 2756 ut
1213 2696 1405 2776 πλεοναεμῷ

264 2806 297 2866 et
322 2810 426 2886 τροπῇ
454 2804 576 2866 lactum
603 2803 639 2865 in
666 2805 751 2882 πάθη
781 2801 992 2866 confidentius
1020 2802 1127 2866 reici0.
1173 2801 1234 2866 Sed
1257 2803 1405 2866 similiter

264 2913 302 2974 de
327 2914 451 2992 Κόρα(
472 2911 592 2975 tradita
614 2934 645 2994 p.
669 2912 743 2994 530,
768 2913 787 2976 8
809 2911 1053 2995 interpretanda
1075 2933 1142 2976 esse
1165 2913 1340 2995 suspicere,
1368 2917 1407 2976 ut

264 3045 334 3085 cum
353 3022 559 3102 Κορομάνη
575 3020 744 3084 Persarum
759 3021 837 3084 urbe
852 3021 934 3086 Orus
951 3021 1161 3086 coniunxerit.
1178 3059 1220 3070 -
1234 3021 1406 3086 Praeterea

263 3135 370 3194 autem
394 3131 476 3195 aliae
498 3131 568 3195 viae
590 3134 682 3214 sunt,
711 3132 824 3214 quibus
853 3131 940 3194 nullo
969 3132 1106 3195 auctoris
1128 3132 1257 3196 nominc
1278 3132 1405 3215 prolata

263 3263 301 3304 ex
330 3241 386 3306 Ori
420 3240 568 3306 Ethnicis
601 3240 729 3304 fluxisse
762 3240 919 3325 indagare
952 3241 1029 3306 licet
1061 3241 1162 3304 multo
1195 3241 1402 3324 probabilius.

262 3351 361 3415 Velut
382 3374 463 3435 quae
486 3351 520 3414 in
543 3351 651 3434 Etym.
669 3350 713 3414 M.
738 3374 769 3434 p.
786 3351 849 3416 426
872 3372 910 3413 ex
933 3351 1117 3414 Aristotelis
1141 3352 1253 3436 πέπλῳ
1277 3351 1403 3434 copiose

263 3465 437 3524 narrantur
464 3461 503 3524 de
531 3460 664 3541 Elide,
695 3460 814 3526 idcireo
841 3460 923 3543 quod
954 3459 999 3524 ibi
1015 3463 1290 3524 ‘commemoratus
1315 3463 1404 3541 Κρό-

262 3593 349 3636 νιο(
383 3572 513 3653 λόφοε
547 3571 589 3634 ab
624 3572 688 3635 Oro
715 3571 918 3634 tractabatur
944 3573 1027 3633 teste
1059 3569 1237 3633 Havniensi
1267 3594 1299 3654 p.
1323 3571 1402 3636 935:

264 3683 398 3763 Κρόνια(
415 3683 535 3763 λόφοε·
558 3681 698 3746 ἀπὸτοῦ
715 3681 839 3759 Κρόνου
862 3680 949 3744 οὕτω
972 3679 1230 3758 προεηγόρεοται.
1246 3721 1289 3733 -
1303 3683 1404 3763 Ὠρο(

262 3791 318 3870 (cf.
343 3792 498 3870 Ὀλυμπία
521 3812 618 3875 supra
639 3791 795 3873 positum,
833 3793 866 3852 et
887 3789 1033 3867 ἀθλῆεαι,
1061 3789 1215 3867 γυμνάεια
1237 3789 1257 3866 ξ
1280 3785 1331 3868 25,
1349 3784 1402 3865 2).

261 3900 375 3965 Eidem
402 3901 510 3964 deberi
540 3921 621 3984 quac
648 3899 687 3962 de
713 3899 856 3984 Αίθάλῃ
886 3903 920 3962 et
945 3900 1135 3981 Αἰθαλείᾳ
1157 3898 1224 3962 illic
1251 3897 1404 3981 leguntur

261 4034 292 4094 p.
316 4012 375 4093 33,
398 4011 456 4093 23,
487 4011 649 4094 colligitur
678 4031 694 4071 e
718 4008 873 4092 Stephani
903 4009 942 4073 de
968 4009 1111 4087 Αίθάλη
1135 4007 1317 4088 notatione,
1346 4005 1401 4068 ubi

261 4121 406 4184 Φίλιετο(
434 4121 469 4184 δὲ
511 4120 557 4183 ait
586 4143 617 4203 p.
641 4119 698 4202 30,
730 4120 748 4183 7
782 4120 818 4185 ἐν
847 4119 871 4184 ε’
899 4120 1068 4184 (ικελικῶν
1088 4117 1254 4183 Αἰθάλειαν
1288 4115 1401 4199 (vulgo

260 4230 424 4314 Αἰθάλιαν)
453 4231 551 4309 αὐτὴν
575 4233 678 4306 καλεῑ,
709 4231 757 4293 καί
780 4231 978 4308 Ἡρωδιανό(
1006 4232 1056 4293 καὶ
1083 4229 1196 4308 Ὠροα·
1234 4229 1267 4290 et
1292 4225 1403 4309 paullo

261 4339 410 4402 inferius:
447 4339 592 4403 ἐκαλεῖτο
621 4341 656 4404 δὲ
678 4339 784 4403 οὕτω(
810 4339 828 4416 ἡ
852 4339 944 4403 πόλι(
971 4337 1047 4402 ίαω(
1070 4338 1104 4402 ἐκ
1125 4341 1191 4402 τῶν
1215 4336 1403 4413 ἀναδιδομέ-
