3270 5094
567 321 604 366 ns
627 319 798 368 insonum
820 321 1072 370 paonarunvn.
1328 307 1391 370 389

254 470 345 534 Prius
373 471 452 535 illud
479 493 545 536 non
572 475 679 555 potest
707 494 779 562 esso
797 473 985 557 simpliciter
1007 479 1050 538 od
1074 478 1199 538 Tartari
1215 479 1390 557 prostratim

253 602 328 644 uam
351 580 556 645 Homericum
578 582 656 646 illud
679 582 764 664 ἀμφ’
785 582 846 647 ἅλα
862 584 947 648 ἔλεαι
969 584 1125 663 Ἀχαιούς,
1148 584 1230 666 quod
1253 583 1299 647 sio
1322 605 1389 648 esse

253 693 438 774 usurpatum
462 691 597 775 videtur,
621 713 751 756 revera
774 693 894 756 dietum
917 696 965 756 est
986 693 1048 775 ita,
1077 696 1113 755 ut
1135 700 1177 757 ad
1199 700 1282 771 litus,
1307 694 1390 777 quod

253 804 302 864 est
329 807 415 865 circo
441 821 539 880 merc,
575 802 709 886 propelli
746 802 861 866 Achivi
890 803 1086 886 cogitentur:
1123 802 1162 865 de
1191 803 1390 887 marginibus

253 913 360 974 autem
374 911 503 975 Tartari
526 911 632 975 aliena
654 912 695 975 ab
716 911 777 976 hoc
799 913 869 976 looo
892 912 1045 996 cogitatio
1068 915 1126 975 est.
1171 911 1282 996 Neque
1303 933 1388 996 vero,

251 1020 305 1083 ubi
329 1042 400 1084 oum
428 1021 580 1105 genetivo
603 1021 683 1103 ἀμφί
716 1022 866 1104 struitur,
902 1021 937 1084 in
969 1021 1066 1086 aliam
1098 1023 1224 1104 partem
1257 1044 1389 1106 usquam

252 1129 354 1212 valet,
387 1129 451 1194 nisi
483 1133 519 1194 ut
548 1131 708 1194 translata
741 1130 977 1215 significatione
1006 1131 1049 1194 sit
1083 1151 1198 1210 coepes.
1243 1130 1328 1194 Nam
1354 1131 1390 1194 in

251 1238 431 1304 Homericis
463 1238 573 1304 Iliadis
602 1239 695 1324 XVI,
729 1241 792 1306 825
820 1241 977 1322 μάχεεθον
999 1241 1133 1305 albore(
1165 1241 1249 1320 ἀμφ’
1280 1241 1389 1320 ὀλίγη(

251 1349 442 1413 tantundem
465 1352 513 1413 est
536 1371 573 1414 ao
596 1355 634 1414 de
651 1354 757 1427 sonte,
787 1361 919 1432 propter
944 1354 1060 1426 sontem
1087 1357 1319 1429 contenderant,
1354 1354 1390 1414 ut

251 1458 431 1540 potirentur
457 1481 512 1542 eo,
546 1481 613 1523 non
634 1467 748 1524 circum
767 1462 897 1537 sontem,
932 1480 1028 1542 quam
1054 1459 1089 1522 in
1110 1463 1236 1542 partem
1257 1458 1389 1524 Vossius

251 1567 357 1632 vertit.
402 1567 473 1632 Nisi
501 1569 601 1653 igitur
627 1567 697 1632 sine
725 1568 869 1650 exemplo
893 1569 977 1632 voles
1000 1568 1053 1632 hio
1075 1568 1195 1632 dietum
1218 1589 1286 1632 esse
1307 1570 1389 1649 ἀμφὶ

250 1676 426 1757 Ταρτάρου,
451 1677 674 1762 corrigendum
689 1681 738 1741 est
752 1679 890 1757 κνεφαῖά
911 1679 943 1742 τ’
965 1678 1064 1760 ἀμφὶ
1078 1679 1285 1758 Τάρταρον
1309 1679 1386 1759 βάθη

250 1785 282 1848 h.
307 1809 334 1850 e.
358 1794 389 1851 in
414 1791 548 1852 Tartaro
569 1794 771 1852 circumcirca
793 1787 842 1850 vel
867 1809 927 1867 per
951 1790 1188 1867 Tartarum‚·ut
1210 1787 1290 1868 ἀμφὶ
1312 1787 1387 1852 dcto

250 1895 359 1960 Iliadis
382 1895 439 1979 XI,
464 1897 526 1960 706
551 1904 582 1961 ia
604 1903 678 1961 arte
699 1904 729 1961 in
751 1916 851 1960 omnes
871 1907 983 1976 partes.

333 2005 375 2070 V.
402 2005 482 2070 1059
509 2009 544 2069 ut
571 2009 640 2070 arte
664 2009 696 2070 et
717 2006 842 2070 ratione
865 2005 1065 2088 emendetur,
1098 2007 1139 2069 ab
1167 2005 1212 2070 eis
1233 2006 1387 2070 librorum

251 2115 415 2198 scripturis
437 2115 702 2198 proficiscendum
725 2118 773 2179 est
780 2165 788 2199 ,
823 2137 920 2200 quae,
956 2116 1109 2200 quoniam
1136 2115 1326 2180 relicuarum
1349 2137 1387 2180 ex

250 2224 312 2287 illis
335 2225 425 2310 origo
447 2228 553 2308 patet,
582 2224 785 2288 fundamenti
807 2225 877 2289 loco
900 2229 975 2288 sunt
996 2225 1172 2289 habendae.
1217 2225 1285 2289 Eae
1307 2225 1387 2290 haec

250 2337 338 2398 sunt:
366 2334 393 2400 εἰ
415 2336 448 2399 δ’
471 2334 585 2420 εὐτυχῆ
608 2338 641 2398 et
668 2335 695 2400 εἰ
716 2336 790 2400 τάδ’
812 2335 936 2414 εὐτυχῆ.
981 2333 1144 2398 Gliscente
1171 2335 1298 2398 domum
1320 2357 1386 2398 cor·

250 2444 374 2526 ruptola
396 2443 558 2508 oriebatur
579 2447 682 2522 τοῦδ’,
706 2445 839 2525 εὐτυχεῖ,
864 2444 971 2524 ἀτυχῆ.
1001 2444 1049 2506 De
1067 2443 1180 2526 quibus
1196 2446 1303 2507 autem
1324 2444 1385 2527 syl-

249 2551 330 2616 labis
352 2553 442 2616 libris
465 2553 615 2617 convenit
635 2557 763 2617 tantum
784 2575 850 2617 non
872 2553 1028 2634 omnibus
1052 2553 1084 2616 h.
1102 2574 1129 2615 e.
1151 2556 1220 2634 ῦχῆ,
1245 2573 1300 2616 eae
1322 2574 1385 2616 ser-

250 2661 372 2728 vandae
394 2666 470 2727 sunt
491 2662 664 2726 tenaciter:
701 2663 820 2726 relicua
846 2662 1057 2726 instauranda
1079 2661 1114 2726 in
1134 2660 1221 2726 huno
1242 2660 1385 2726 modum:

439 2816 495 2880 ἔτι
517 2816 558 2882 δὲ
580 2817 681 2896 ψυχή
704 2837 740 2880 τι
763 2819 862 2898 χαλᾷ
885 2819 1043 2894 μανιῶν.

249 2970 331 3048 χαλᾷ
351 2967 451 3030 futuri
473 2967 577 3030 forma
600 2969 663 3031 est:
697 2966 860 3030 sententia
881 2969 987 3030 autem
1009 2965 1122 3030 horum
1144 2965 1239 3030 simul
1261 2969 1293 3029 et
1314 2988 1385 3049 pro·

248 3075 404 3140 rimorum
426 3075 521 3141 haec:

437 3217 575 3276 Vorsiitn'
599 3217 664 3276 und
685 3217 794 3276 Reden
817 3216 1004 3294 unsinnigen
1027 3216 1121 3275 Hirns
1402 3233 1461 3283 xxx

438 3318 523 3376 kann
544 3317 643 3376 ho'ren
665 3337 736 3376 man
758 3316 838 3375 wohl
859 3317 891 3374 in
914 3316 1074 3376 solohorlei
1097 3316 1170 3375 Art:

439 3418 522 3477 denn
544 3438 606 3477 was
629 3418 707 3477 fehlt
734 3419 797 3477 ihm
819 3439 869 3476 um
892 3418 977 3477 nicht
998 3418 1193 3496 wahnwitnig
1214 3437 1252 3476 nu
1274 3417 1363 3477 sein?

438 3519 527 3578 Doch
550 3539 581 3578 es
604 3519 680 3578 wird
703 3519 886 3579 nachlassen
908 3540 969 3578 von
992 3517 1088 3576 Wuth
1111 3518 1190 3576 noch
1214 3517 1268 3576 das
1290 3519 1383 3577 Hera.

248 3647 297 3712 Ex
313 3651 400 3730 ψυχή
423 3652 474 3712 sat
496 3652 622 3713 constat
643 3649 799 3732 quomodo
820 3649 943 3712 factum
964 3653 1042 3728 τίῑχῖχ
1065 3648 1122 3711 sit:
1144 3647 1207 3710 vid.
1224 3646 1323 3710 Porso
1344 3647 1385 3711 ad

248 3755 331 3822 Med.
355 3759 434 3823 553:
470 3780 531 3822 nec
559 3759 679 3822 relicua
707 3757 943 3842 quibusmodis
972 3757 1077 3821 varias
1104 3756 1139 3820 in
1165 3759 1274 3840 partes
1295 3756 1384 3840 paul-

248 3865 339 3932 latim
361 3867 428 3932 sint
448 3871 608 3952 corrupta,
631 3871 737 3951 potest
760 3867 906 3951 cuiquam
927 3889 995 3932 esse
1015 3867 1193 3931 obscurum.
1243 3867 1288 3930 ἔτι
1312 3887 1384 3948 par-

247 3977 346 4041 ticula
368 3977 480 4040 eadem
501 3977 626 4042 ratione
649 3977 850 4061 accipienda,
875 3998 937 4060 qua
958 4000 988 4041 v,
1013 3977 1074 4042 909
1095 3976 1115 4055 ἠ
1137 3979 1198 4056 μὴν
1227 3977 1272 4040 ἔτι
1301 3975 1383 4040 Zeti(

248 4108 274 4150 e.
292 4109 321 4170 q.
339 4109 364 4151 s.
381 4124 423 4137 —-
444 4085 534 4161 Quod
557 4089 664 4150 autem
686 4086 804 4150 attinet
826 4085 866 4150 ad
888 4086 1039 4150 Porsonis
1060 4085 1237 4168 inventum,
1261 4084 1288 4148 εἰ
1309 4084 1383 4162 μηδ’

247 4197 375 4276 ἀτυχῶν
397 4233 448 4280 —-‚
484 4196 517 4260 id
549 4197 676 4280 quidem
708 4217 774 4258 non
801 4218 865 4259 uno
895 4197 1084 4281 argumento
1114 4194 1244 4279 coargui
1266 4194 1382 4276 polest.

246 4303 315 4371 Nee
348 4306 434 4372 enim
466 4305 544 4372 satis
577 4305 673 4390 plena
706 4305 943 4390 comparatione
977 4303 1171 4372 diversitatis
1208 4304 1384 4390 scripturae
