3184 5100
606 341 767 390 sensura
790 341 963 390 emmona.
1290 327 1349 390 707

210 492 344 556 moriam
373 494 571 557 conectendi.
622 493 695 557 Vno
732 495 829 558 verbo
856 516 969 559 moneo
997 494 1036 557 de
1064 497 1216 558 accentus
1245 494 1350 576 pravi-

210 605 279 666 tate
300 602 395 679 Αἴγυς
418 602 556 685 formae,
581 625 600 666 a
623 604 714 668 uobis
737 604 852 688 ubique
875 608 1050 668 correctae:
1090 603 1187 690 [nuuc
1210 604 1306 668 etiam
1331 627 1350 668 a

211 712 372 777 Meiuekio
402 712 558 797 Stephani
587 715 635 777 sui
664 738 695 798 p.
718 714 777 798 45,
811 716 845 796 1,
875 715 951 778 item
980 738 1011 798 p.
1034 714 1113 796 400,
1145 717 1181 778 'll
1212 715 1247 778 iu
1274 735 1350 778 voce

212 822 364 910 Aristone]

295 1152 454 1227 Quoniam
475 1175 639 1218 versamur
661 1156 695 1219 in
718 1155 942 1220 Pausaniae
969 1156 1140 1219 historia
1163 1156 1350 1220 Lacedae-

210 1264 444 1346 moniorum,
468 1265 609 1328 eiusdem
631 1265 720 1328 lubet
740 1267 838 1330 verba
860 1265 934 1329 libri
949 1265 999 1329 ΙΙΙ
1021 1287 1089 1350 cap.
1108 1267 1127 1329 2
1143 1270 1222 1330 extr.
1247 1267 1351 1350 posita

213 1377 413 1456 pertractare
441 1374 643 1459 diligentius:
681 1375 854 1454 ἀνέετηεαν
883 1379 918 1440 δὲ
945 1379 995 1440 καὶ
1017 1378 1110 1440 Ἕλος
1138 1378 1189 1441 ἐπὶ
1216 1377 1352 1461 θαλάεεῃ

211 1484 347 1564 πόλιεμα
370 1486 505 1564 Ἀχαιῶν
529 1485 689 1568 ἐχόντων,
713 1487 763 1550 καὶ
785 1487 946 1565 Ἀργείου(
968 1489 1035 1550 roi(
1057 1486 1188 1550 Εἵλωειν
1212 1487 1350 1566 ἀμύναν·

214 1615 271 1658 τα(
293 1595 377 1678 μάχῃ
400 1599 535 1660 vicora.
570 1595 657 1669 Quae
680 1595 839 1677 expeditio
854 1617 916 1678 quo
937 1596 1025 1659 facta
1047 1596 1090 1659 sit
1111 1599 1264 1679 tempore,
1287 1619 1353 1660 non

212 1703 277 1767 vidi
311 1725 510 1788 aquoquam
539 1704 727 1788 quaesitum.
778 1705 884 1788 Atque
917 1706 1102 1769 Alcamenis
1129 1706 1273 1788 quidem,
1304 1706 1352 1769 cui

214 1815 360 1878 facinora
388 1815 445 1879 illa
467 1814 590 1878 tribuit·
606 1814 800 1898 Pausanias,
830 1816 1068 1880 accuratissime
1091 1816 1226 1880 describi
1248 1817 1355 1899 potest

214 1928 315 1988 aetas.
366 1923 498 1988 Etenim
532 1925 650 1988 bellum
677 1925 910 1989 Messeniacum
939 1926 1079 2009 primum
1110 1929 1253 1990 exortum
1286 1947 1354 1990 esse

212 2034 353 2117 prodidit
381 2033 559 2098 Pausanias
590 2033 652 2118 Ν,
681 2037 703 2099 4
733 2037 813 2116 §3,
826 2035 869 2123 [4]
899 2058 963 2098 una
991 2039 1097 2100 aetate
1125 2039 1198 2119 post
1225 2036 1354 2100 caedem

211 2144 346 2228 Telecli,
382 2145 421 2209 de
457 2167 519 2228 qua
554 2145 732 2228 expositum
761 2149 811 2210 est
844 2145 908 2228 ΠΙ,
937 2147 973 2228 2,
1002 2147 1037 2226 63
1071 2145 1133 2227 IV,
1162 2147 1201 2229 4,
1231 2147 1267 2228 23
1295 2146 1352 2229 Ν,

214 2255 266 2336 31,
289 2256 327 2337 3,
352 2255 412 2319 hoc
435 2259 484 2319 est
506 2255 696 2339 olympiadis
723 2255 770 2320 lX
793 2277 879 2320 anno
901 2255 1020 2336 altera,
1051 2255 1097 2318 uti
1120 2255 1204 2319 idem
1226 2277 1353 2320 accura-

212 2365 276 2427 tius
297 2363 444 2428 definivit
464 2364 527 2448 Ν,
550 2365 587 2447 5,
611 2367 632 2429 4
656 2363 738 2453 [10]:
767 2365 808 2429 cf.
834 2365 958 2429 (lorsini
987 2364 1155 2428 Fastorum
1177 2366 1266 2430 attic.
1292 2368 1351 2430 vol.

216 2473 264 2536 lll
289 2496 321 2556 p.
348 2475 396 2538 l‘l.
438 2474 489 2538 Ex
511 2497 571 2558 quo
595 2476 798 2559 consequitur
819 2474 999 2558 olympiade
1020 2475 1124 2558 prima
1146 2480 1179 2539 et
1193 2475 1354 2540 Teleelum

216 2604 285 2647 csse
308 2583 515 2649 interfectum
538 2589 571 2648 ct
586 2585 626 2650 ad
647 2586 815 2668 imperium
831 2585 1002 2649 accessisse
1018 2585 1236 2649 Alcamenem.
1268 2585 1354 2649 Eun-

164 2681 167 2690 ’
213 2693 285 2758 dem
312 2697 419 2758 autem
447 2695 674 2759 demonstrabo
696 2699 832 2759 mortem
854 2695 970 2759 obiisse
992 2695 1109 2779 olymp.
1133 2695 1164 2760 X
1187 2717 1272 2760 auno
1295 2697 1354 2760 cir-

214 2805 293 2869 citer
320 2805 426 2868 tertio.
471 2804 557 2870 Nam
586 2806 661 2870 belli
691 2805 881 2870 Messeniani
909 2806 1004 2888 primi
1026 2826 1112 2870 anno
1135 2805 1237 2889 primo
1260 2806 1388 2870 Alea-8

214 2936 321 2980 menes
344 2916 513 2999 occupavit
539 2917 735 2998 Ampheam,
764 2915 865 3000 quode
894 2915 965 2980 vide
987 2915 1081 2979 Paua.
1104 2915 1167 2998 IV,
1191 2917 1227 2999 5,
1249 2917 1270 2982 3
1294 2914 1354 3003 [913

213 3031 327 3109 quarto
350 3029 457 3090 autem
479 3025 554 3090 belli
578 3048 674 3108 annu,
699 3026 759 3090 hoe
781 3029 829 3090 est
851 3026 891 3089 ol.
916 3025 963 3108 X,
987 3027 1023 3108 2,
1053 3047 1162 3110 pugna
1186 3027 1354 3091 commissa

214 3136 325 3199 estad
357 3137 537 3219 χαράδραν,
572 3139 608 3199 ut
636 3136 720 3200 idem
749 3136 882 3199 tradidit
904 3135 970 3218 Ν,
994 3137 1072 3218 7,2
1103 3133 1134 3222 [3
1156 3135 1255 3224 sqq.]‚
1289 3159 1354 3200 uon

215 3245 390 3309 nominatis
428 3246 748 3310 Lacedaemoniorum
789 3245 928 3329 regibus.
992 3246 1089 3308 Auno
1128 3249 1234 3309 autem
1272 3247 1355 3309 inse-

214 3355 341 3438 quenti,
371 3355 413 3418 cl.
442 3355 488 3437 X,
517 3357 553 3438 3,
590 3377 661 3419 cunr
689 3355 857 3419 Messeniis
885 3375 998 3418 manus
1025 3353 1129 3418 denuo
1159 3356 1355 3418 conseruisse

214 3464 483 3528 Lacedaemonios
513 3466 591 3528 duce
619 3465 777 3549 Polydoro
805 3469 934 3548 narrat,
968 3487 1031 3548 quo
1059 3464 1185 3548 quidem
1212 3468 1355 3548 tempore

214 3574 281 3638 vita
308 3575 373 3637 iam
406 3575 575 3639 defunctus
602 3575 701 3639 fuerit
729 3577 935 3640 Alcamenes:
979 3573 1041 3655 IV,
1071 3574 1105 3656 7,
1134 3575 1154 3638 3
1185 3573 1240 3662 [l].
1292 3575 1355 3637 lta-

215 3706 275 3768 que
303 3685 446 3768 proxime
475 3685 600 3750 videtur
627 3685 778 3748 accedere
808 3685 848 3749 ad
875 3687 1044 3749 veritatem
1071 3683 1165 3766 illud,
1193 3687 1229 3748 ut
1260 3685 1354 3748 Alea·

214 3815 340 3858 monem
369 3795 584 3859 existimemus
613 3797 686 3878 post
713 3795 868 3878 proelium
892 3795 933 3858 ad
960 3795 1124 3875 χαράδραν
1154 3794 1355 3858 commissum

214 3904 341 3970 demum
356 3905 487 3990 obiisse3
509 3905 651 3989 alioquin
667 3905 753 3968 enim
768 3907 834 3969 eius
853 3925 938 3967 mors
960 3905 1025 3968 iam
1048 3907 1144 3967 antea
1168 3924 1354 3968 commemo-

215 4016 316 4080 randa
338 4015 518 4080 Pausaniae
546 4019 625 4079 erat.
670 4015 806 4080 Mirifice
834 4017 941 4078 autem
968 4014 1043 4078 huic
1064 4013 1184 4078 rationi
1207 4013 1356 4097 congruit

215 4125 346 4190 Diodori
369 4125 468 4191 Siculi
490 4124 653 4208 memoria,
678 4125 732 4209 qui
747 4125 797 4190 vel
819 4123 993 4188 XXXVIII
1007 4123 1057 4186 vel
1073 4121 1231 4186 XXXVII
1253 4145 1355 4187 anuos

215 4235 424 4300 Alcamenen
447 4257 600 4321 regnasse
628 4235 757 4320 scripsit
783 4235 967 4319 fragmento
988 4233 1125 4318 quodam
1154 4234 1194 4296 ab
1216 4232 1355 4306 Eusebio

216 4350 342 4408 servato
372 4345 435 4408 vol.
463 4346 479 4409 Ι
507 4369 538 4428 p.
563 4347 626 4410 319
656 4368 703 4429 sq.
739 4344 875 4426 exempli
909 4343 1055 4407 Armenii
1087 4343 1234 4407 Venetiis
1266 4341 1353 4422 editi,

1084 4446 1152 4509 45*
