3218 5094
602 389 648 435 mr
671 388 740 436 ouo
765 389 808 434 ar
832 387 972 436 omoun.
1293 373 1355 436 647

216 545 299 608 rent.
322 581 365 590 -
385 543 442 606 Ori
464 563 580 606 nomen
597 541 760 624 Stephano
783 543 987 605 restituturus
1009 541 1181 624 aliquando
1203 542 1300 604 etiam
1322 543 1357 606 in

216 653 266 715 his
282 674 369 716 eram
384 676 415 736 p.
432 654 463 734 4,
480 653 537 717 32:
553 655 721 733 Ἄβαρνοε,
737 655 830 716 πόλι(
845 653 894 716 καὶ
909 654 1000 732 χώρα
1015 651 1097 732 ἄκρα
1111 657 1167 731 τῆ(
1181 653 1355 732 Παριανῆε.

215 763 391 841 Ἡρόδοτοι
419 766 454 828 δὲ
482 764 517 828 ἐν
544 763 677 846 τετάρτῃ
706 763 819 842 φητὶν,
853 761 901 826 ὅτι
930 762 1073 842 Ἀβαρνίε
1100 764 1232 839 λέγεται.
1274 763 1356 826 ἀλλὰ

217 875 268 937 καὶ
290 873 333 937 εἰ(
355 894 400 938 οε.
445 873 574 936 Falsum
596 871 750 936 Herodoti
779 872 997 934 testimonium
1019 871 1174 954 putabam
1196 873 1242 935 sie
1264 893 1356 955 posse

216 983 386 1046 removeri:
410 983 509 1062 Ὠροε
524 986 559 1049 δὲ
575 984 610 1048 ἐν
625 983 758 1066 τετάρτῃ
782 983 889 1062 φηείνε
913 981 1030 1064 quippe
1053 963 1198 1062 Ἀβαρνίε
1218 982 1356 1044 formam

217 1114 328 1175 reapse
362 1092 418 1156 Ori
447 1093 638 1156 auctoritate
672 1095 885 1156 contestatam
917 1091 1071 1155 habemus
1101 1092 1136 1154 in
1169 1091 1276 1174 Etym.
1309 1091 1354 1155 M.

217 1224 247 1284 p.
272 1202 308 1283 2,
336 1203 383 1266 13.
413 1202 470 1266 26ε
507 1204 557 1268 καὶ
587 1203 652 1267 ἀπὸ
680 1202 799 1267 τούτου
822 1202 994 1281 Ἀπαρνίδα
1022 1206 1190 1280 κληθῆναι,
1221 1203 1300 1267 κατὰ
1321 1205 1357 1266 δὲ

216 1314 397 1391 ἐναλλαγὴν
425 1317 484 1378 τοῦ
513 1313 669 1392 ετοιχείου
699 1312 867 1391 Ἀβαρνίδα
894 1311 963 1394 (υδί
991 1312 1142 1396 vulgatur
1163 1313 1356 1391 Ἀπαρνίδην

216 1425 249 1484 et
276 1423 486 1506 Ἀβαρνίδην).
533 1421 602 1496 Qua
631 1421 815 1485 coniectura
843 1422 986 1504 quamvis
1015 1423 1200 1504 exoptatum
1228 1421 1355 1485 nancis-

217 1553 325 1594 camur
359 1532 453 1594 libri
482 1531 645 1594 Ethnioon
675 1532 807 1615 quarti
837 1531 1070 1614 testimonium,
1105 1531 1146 1593 ad
1171 1531 1356 1615 fragmenta

216 1641 280 1703 suis
303 1641 431 1725 singula
453 1641 530 1704 loeis
552 1640 772 1704 distribuenda
793 1641 1009 1723 utilissimum,
1032 1645 1142 1704 tamen
1166 1663 1199 1704 re
1222 1641 1356 1724 diligen-

216 1750 279 1814 tius
302 1752 465 1832 pensitato
487 1752 522 1814 in
544 1750 705 1814 Holstenii
728 1751 922 1814 sententiam
939 1752 1135 1830 Ἡρωδιανόε
1158 1751 1356 1814 restituentis

217 1860 355 1923 concedo
379 1883 450 1928 eum
473 1861 604 1924 Osanna
633 1861 668 1924 in
690 1859 825 1924 Philam.
849 1883 880 1944 p.
904 1860 984 1944 306,
1015 1863 1070 1924 sed
1098 1860 1183 1924 hane
1211 1861 1356 1944 equidem

216 1969 257 2032 ob
280 1991 438 2050 caussam,
463 1971 545 2054 quod
568 1971 603 2034 in
624 1971 695 2053 ipso
717 1973 857 2054 quarto
878 1975 935 2048 τῆε
958 1971 1098 2036 καθόλου
1119 1969 1202 2033 libro
1224 1971 1356 2034 nomina

216 2079 247 2142 in
278 2101 326 2145 νιε
354 2081 536 2144 desinentia
563 2082 605 2145 ab
633 2079 816 2144 Herodiano
843 2080 943 2144 fuisse
969 2083 1110 2144 tractata
1138 2081 1284 2144 novimus
1318 2103 1356 2144 ex

215 2189 347 2252 Arcadii
379 2191 561 2254 summario.
608 2189 756 2256 (laterum
784 2191 980 2270 ‘llpmbrovdc
1015 2212 1072 2273 pro
1099 2191 1274 2270 ‘deboroc
1306 2191 1357 2254 vel
1374 2202 1407 2248 59

214 2301 398 2379 Ἡρώδοτοε
421 2301 612 2384 quinquiens
635 2299 731 2363 redde
747 2299 894 2364 Gudiano
916 2322 948 2383 p.
966 2301 1018 2382 83,
1034 2301 1085 2364 53.
1109 2297 1182 2382 232,
1205 2299 1257 2362 42.
1281 2301 1354 2383 239,

214 2408 245 2472 5.
272 2412 321 2472 14.
347 2411 398 2473 16.
420 2447 463 2457 —-
485 2409 538 2474 Sic
559 2411 758 2488 revertimur,
781 2432 800 2472 a
822 2432 884 2493 quo
907 2409 1163 2492 exordiebemur‚
1193 2408 1233 2472 ad
1255 2409 1355 2474 Hero-

216 2521 361 2583 dianum:
396 2520 446 2583 eui
469 2543 534 2584 non
556 2520 595 2583 de
617 2520 742 2604 legibus
763 2523 891 2583 tantum
913 2518 1083 2603 gentilium
1104 2518 1354 2602 formandorum,

216 2629 270 2692 sed
297 2629 337 2692 de
370 2629 505 2714 singulis
536 2651 659 2712 quoque
688 2629 870 2693 nominibus
887 2630 981 2694 ¹Orus
1009 2629 1195 2693 adversatus
1224 2632 1273 2693 eet
1285 2680 1293 2712 ,
1329 2631 1356 2694 si

216 2739 372 2802 eredimus
396 2738 552 2822 Stephani
574 2761 640 2803 non
663 2739 911 2822 compendifaeti
933 2761 964 2824 p.
985 2739 1055 2822 169,
1075 2740 1114 2803 13
1136 2739 1175 2802 de
1197 2741 1355 2805 Δώτιον

215 2849 398 2914 testimonio
420 2849 518 2912 variis
540 2849 753 2933 gravibusque
776 2848 1029 2913 dubitationibus
1051 2850 1199 2933 obnoxie,
1223 2871 1357 2934 quarum

215 2960 383 3023 minimam
404 2955 643 3052 partemid'em
665 2959 719 3022 ille
747 2958 858 3042 tetigit
885 2959 1033 3024 Oeannus
1055 2982 1088 3042 p.
1113 2960 1175 3024 305
1197 2983 1256 3044 sq,
1287 2960 1356 3024 nul·

215 3069 280 3132 lam
302 3068 448 3152 Heynius
471 3069 505 3132 in
521 3068 632 3132 Iliadis
656 3069 774 3134 3594:
796 3070 910 3149 ἐκλήθη
933 3072 968 3135 δὲ
991 3071 1122 3135 Δώτιον
1146 3070 1212 3136 ἀπὸ
1235 3072 1356 3135 Δώτου

216 3184 274 3244 τοῦ
296 3181 465 3255 Πελαεγοῦ
488 3179 612 3254 παιδός,
644 3180 689 3244 dre
710 3181 908 3259 Ἡριυδιανὸε
930 3180 966 3245 ἐν
988 3177 1030 3259 η’·
1053 3180 1170 3244 Δώτοτ
1193 3181 1212 3244 ὁ
1233 3181 1355 3246 Πελαε-

215 3293 294 3366 γοῦ,
321 3288 384 3367 ἀφ’
407 3289 447 3353 οὗ
470 3290 508 3352 τὸ
531 3290 662 3355 Δώτιον
684 3291 805 3354 πεδίον.
833 3290 869 3354 ἐκ
894 3294 1043 3371 περιττοῦ
1065 3290 1175 3354 τοίνυν
1198 3290 1296 3369 Ὦροτ
1320 3291 1355 3356 ἐν

216 3402 282 3463 τοῑτ
305 3398 441 3462 ἐθνικοί(
463 3404 538 3481 τῇδε
561 3400 690 3479 γράφει·
713 3401 762 3464 καὶ
778 3401 818 3463 τὰ
832 3401 904 3479 περὶ
920 3400 1061 3479 Θάμυριν
1083 3404 1355 3480 παριττοροῦντοτ

216 3511 274 3572 τοῦ
301 3511 437 3585 ποιητοῦ
464 3508 562 3574 πάλιν
584 3510 729 3575 ‘litlebec
763 3511 881 3591 Δωτίῳ
909 3509 945 3574 ἐν
978 3508 1078 3592 πεδίῳ
1110 3510 1221 3589 φάτκει
1256 3511 1356 3574 αὐτὸν

215 3619 441 3696 τετυφλώτθαι.
466 3619 625 3684 ευντάετει
646 3621 709 3698 γὰρ
731 3623 828 3684 τοῦτο
844 3623 911 3684 τοῐε
933 3621 1246 3701 διχογραφουμένοιε
1268 3642 1356 3700 πραι-

218 3728 370 3792 τοτιίποιε
391 3731 459 3792 τών
481 3728 624 3795 ἐθνικῶν.
655 3729 766 3805 ἐπάγει
780 3732 814 3806 γ’
830 3729 902 3794 οὗν·
926 3730 1048 3810 οὐγὰρ
1071 3729 1117 3794 ώε
1138 3731 1156 3808 ἡ
1181 3731 1355 3808 Χαλκηδών

215 3839 266 3902 καί
289 3839 463 3917 Καρχηδών
493 3839 543 3902 καὶ
571 3840 611 3902 τὰ
637 3843 769 3903 τοιαῦτα
796 3841 929 3915 λέγεται.
970 3841 990 3916 ἡ
1018 3841 1075 3918 μὲν
1097 3841 1160 3918 γὰρ
1183 3842 1234 3906 διὰ
1256 3844 1314 3905 τοῦ
1337 3842 1355 3903 λ
1400 3842 1404 3848 ’

216 3950 287 4026 περὶ
315 3948 373 4012 τὸν
395 3947 543 4054 ῌόντον,
571 3949 649 4026 ἡδὲ
677 3950 729 4012 διὰ
755 3953 814 4012 τοῦ
836 3970 854 4026 ρ
877 3950 941 4026 πρὸ
969 3952 1025 4027 τῆτ
1048 3951 1170 4029 Λιβύηε.
1208 3951 1296 4028 ἡμεῑε
1318 3971 1355 4026 γε

216 4057 396 4136 προτίθεμεν
425 4058 583 4124 δείξαντεε
613 4060 665 4123 διὰ
691 4060 826 4123 πολλῶν
861 4065 1043 4138 μαρτυριῶν
1072 4055 1183 4138 ἕτερον
1214 4060 1274 4142 [τὸ]
1304 4063 1355 4124 διὰ

216 4171 275 4230 τοῦ
297 4189 316 4245 ρ
338 4168 474 4246 Δώριον
496 4171 545 4232 καί
568 4158 680 4249 ἕτεροί
706 4169 744 4232 τὸ
767 4169 818 4231 διὰ
840 4171 898 4231 τοῦ
920 4189 938 4232 τ
960 4169 1099 4232 Δώτιον.
1144 4167 1284 4232 Dubium
1307 4173 1356 4234 est

218 4273 349 4338 Hesiodi
366 4297 499 4340 nomen:
524 4279 611 4341 ouius
634 4277 693 4341 etsi
710 4277 829 4359 Δωτίῳ
852 4278 888 4341 ἐν
911 4278 1011 4359 πεδίῳ
1033 4278 1131 4341 verba
1154 4277 1269 4342 Strabo
1292 4299 1354 4343 ser-

217 4384 306 4448 vavit
322 4381 373 4471 [fr.
391 4385 431 4448 76
448 4385 566 4450 Goettl.
584 4388 632 4451 ed.
650 4387 705 4451 alt.
726 4388 782 4451 141
800 4386 1007 4476 Mareksehq,
1023 4391 1132 4454 tamen
1147 4388 1213 4454 illio
1228 4389 1352 4476 quidem
