3254 5086
530 355 689 406 nionrsn
710 355 1063 406 HALIOARNASSENSIS.
1304 345 1368 408 519

227 508 265 570 ie
280 495 341 572 ωε
357 507 485 572 maioris
499 459 539 572 xii
553 507 712 572 vitintte
733 508 933 592 integritatis
956 509 1138 574 coniectura
1160 511 1239 576 itii.
1269 510 1368 578 velut

226 637 335 680 omnes
363 617 399 682 in
426 639 459 680 se
486 617 632 682 veritatis
664 639 813 684 numeros
845 639 939 684 nemo
966 623 1044 702 puio
1071 619 1261 686 diffitebitur
1287 621 1367 687 hoec

226 726 355 811 habere,
380 747 461 810 quoe
482 727 569 792 infra
591 729 694 812 posui,
717 728 811 792 unius
826 727 994 794 Vrbinoiis
1016 729 1248 813 supplementa.
1278 731 1367 796 Libri
1396 810 1400 816 ι
1457 733 1460 739 ’

226 835 291 921 III,
316 837 371 900 72:
408 839 591 918 διηγήςομαι
619 841 654 904 δὲ
681 840 731 904 καὶ
758 841 815 906 τὸν
838 843 893 920 τῆς
922 839 1091 920 ἐπιβουλῆς
1119 841 1243 921 τρόπον
1273 837 1366 927 [ἀπὸ

226 951 291 1027 τῆς
314 947 470 1026 πρώτης
494 947 775 1031 ἐπιχειρήςεως
797 947 1188 1034 αὐτῶνάρξάμενος]
1218 951 1368 1032 όΝέβιος

226 1057 348 1124 ἐκεῖνος
377 1059 440 1122 κτλ.
461 1095 505 1107 -
530 1056 578 1122 IV
586 1107 594 1140 ‚
618 1057 676 1122 57:
710 1058 889 1139 ἐγέγραπτο
911 1059 946 1122 δ’
967 1059 1003 1125 έν
1029 1059 1122 1143 αὐτῇ·
1150 1060 1281 1139 μάλιςτα
1308 1063 1366 1140 μὲν

226 1170 331 1233 ζῶντα
363 1171 564 1246 παραδοῦναι
596 1169 654 1233 τόν
688 1167 759 1234 υἱὸν
793 1167 880 1252 αὐτῷ
914 1167 988 1252 [καὶ
1022 1169 1242 1248 κομίζεςθαι
1274 1171 1366 1235 τοὺς

226 1277 607 1356 διωμολογημένους
628 1277 822 1361 μιςθούς,]
852 1277 910 1342 έὰν
932 1279 968 1342 δὲ
991 1277 1148 1343 ἀδύνατος
1170 1282 1206 1363 ᾗ,
1235 1281 1294 1359 τήν
1317 1301 1365 1345 κε·

225 1387 334 1466 φαλὴν
362 1385 566 1466 ἀποτεμόντα
593 1387 715 1466 πέμψαι
742 1387 838 1470 αὐτῷ.
888 1384 952 1448 Vbi
975 1387 1058 1470 quod
1086 1387 1190 1452 deleto
1216 1387 1304 1472 αὐτῷ
1330 1388 1365 1452 in

226 1499 256 1558 B
270 1497 320 1558 est
335 1493 495 1562 ἀδύνατος
511 1497 530 1580 ᾑ
544 1498 643 1562 τοῦτο
665 1498 734 1578 τὴν,
758 1495 819 1560 hoo
841 1493 968 1578 quidem
990 1495 1134 1580 exemplo
1157 1517 1225 1560 esse
1246 1499 1364 1580 potest,

225 1603 312 1686 quali
339 1603 377 1666 de
404 1625 522 1689 genere
555 1603 622 1667 sini
654 1626 732 1687 quas
761 1603 808 1667 illi
841 1603 922 1668 libro
955 1608 1151 1668 correcturos
1182 1605 1366 1688 tribuimus3

225 1713 363 1778 offensus
393 1712 478 1778 enim
511 1713 590 1777 satis
624 1713 778 1798 languido
810 1713 897 1798 αὐτῷ
930 1713 1119 1796 pronomine
1151 1714 1267 1798 voluit,
1301 1714 1365 1779 nisi

225 1821 383 1905 fallimur,
412 1821 563 1886 librarius
593 1823 651 1888 ἐὰν
680 1825 716 1888 δὲ
743 1822 921 1890 ἀδύνατον
951 1825 1107 1907 ῇτοῦτο,
1136 1826 1193 1902 τὴν
1221 1825 1364 1904 κεφαλὴν

225 1931 428 2012 ἀποτεμόντα
461 1934 598 2013 πέμψαι;
630 1931 685 1996 sed
711 1931 800 2015 prius
827 1930 1082 1996 additamentum
1114 1932 1193 1996 illud
1226 1933 1366 1997 servasii

225 2041 370 2124 profecto
393 2062 432 2104 ex
454 2043 628 2126 archetypo
651 2043 756 2129 suo.*)
771 2080 814 2094 —·
835 2041 910 2106 Non
924 2041 1033 2125 dispar
1054 2043 1167 2106 horum
1188 2043 1271 2106 ratio
1293 2065 1364 2126 sup-

224 2151 467 2234 plementorum,
490 2172 571 2234 quse
594 2151 653 2216 soli
676 2157 700 2216 C
720 2155 836 2216 oumB
858 2151 1048 2235 communio,
1073 2174 1111 2216 ex
1134 2152 1274 2216 eiusdem
1296 2152 1364 2216 fon-

224 2260 282 2342 tis,
317 2259 431 2324 diversi
459 2283 478 2323 a
510 2259 655 2326 Ohisinni
687 2261 797 2343 fonte,
831 2260 1031 2343 proesianiio
1066 2262 1240 2344 repetenda
1278 2265 1363 2326 suni.

223 2370 250 2452 Ι,
278 2369 335 2436 54:
372 2371 442 2436 ἐπεὶ
469 2371 550 2452 φέρε
578 2369 666 2436 τίνας
693 2371 733 2436 ἂν
756 2369 853 2435 αἰτίας
881 2370 950 2450 ἔχοι
976 2391 1022 2434 τις
1044 2369 1217 2436 ὑποθέςθαι
1238 2377 1305 2436 τῶν
1327 2372 1364 2437 ἐν

224 2481 337 2563 Ἰταλίᾳ
365 2479 464 2544 αὐτοῦ
486 2479 674 2562 μνημάτων,
709 2479 754 2561 [εἰ
780 2480 872 2560 μήτε
901 2479 990 2561 ἦρξε
1018 2479 1172 2545 τούτων
1194 2483 1272 2546 τῶν
1295 2501 1363 2560 χω-

224 2589 317 2671 ρίων
339 2590 431 2669 μήτε
453 2591 686 2666 καταγωγὰς
702 2589 742 2654 ἐν
758 2589 893 2654 αὐτοῖς
916 2589 1128 2667 έποιήςατο
1150 2589 1237 2668 μήθ’
1259 2588 1363 2654 όλως

225 2700 401 2777 ἐγνώςθη
428 2700 525 2779 πρὸς
561 2697 729 2784 αὐτῶνι]
765 2698 840 2764 ἀλλ’
867 2698 947 2778 ὑπὲρ
982 2700 1039 2778 μέν
1072 2699 1199 2764 τούτων
1232 2701 1294 2763 κτλ.
1321 2735 1364 2747 -

222 2807 283 2891 III,
306 2808 363 2874 39:
386 2809 465 2888 μετὰ
486 2812 583 2873 τοῦτο
604 2809 748 2885 γίνονται
769 2809 915 2874 Λατίνων
936 2828 971 2872 τε
986 2809 1035 2872 καὶ
1050 2807 1217 2888 Ῥωμαίων
1241 2808 1363 2890 [μεγά-

225 2922 309 2983 λαις
330 2917 519 2998 δυνάμεςι
541 2919 897 3001 παραταξαμένων]
922 2917 1019 2997 μάχαι
1042 2917 1148 2983 διτταί.
1169 2955 1210 2964 -
1233 2915 1290 2998 IV,
1309 2917 1362 2980 15³

224 3028 326 3093 ὡςδὲ
349 3027 532 3093 Οὐενώνιος
551 3027 729 3108 ἱςτόρηκεν,
759 3025 802 3091 εἰς
824 3027 897 3106 μίαν
919 3049 953 3092 τε
976 3028 1026 3092 καὶ
1040 3022 1227 3107 τριάκοντα,
1253 3025 1363 3109 [ὥςτε

225 3139 291 3203 ςὺν
320 3139 403 3200 ταῖς
431 3138 526 3201 κατὰ
555 3137 672 3202 πόλιν
701 3137 839 3202 οὔςαις
869 3138 1197 3215 ἐκπεπληρῶςθαι
1219 3137 1286 3200 τὰς
1309 3135 1363 3200 ἔτι

224 3247 285 3310 καὶ
307 3247 362 3312 εἰς
383 3247 480 3326 ἡμᾶς
503 3245 757 3326 ὑπαρχούςας
779 3247 991 3327 τριάκοντα
1017 3247 1078 3310 καὶ
1099 3244 1234 3327 πέντε]
1258 3245 1363 3324 φυλάς

224 3360 286 3420 κτλ.
310 3394 351 3402 —-
372 3353 430 3436 IV,
454 3355 510 3420 39:
539 3356 578 3420 τὰ
600 3356 678 3435 μετὰ
699 3359 798 3420 ταῦτα
820 3357 908 3423 δεινὰ
929 3358 986 3436 μὲν
1009 3355 1199 3431 ἀκουςθῆναι
1228 3353 1253 3436 ],
1277 3357 1362 3415 eoo·
1466 3445 1468 3448 Ι

223 3467 344 3546 μαςτὰ
365 3467 408 3530 δέ
430 3465 491 3529 καὶ
513 3463 655 3530 όπιςτα
678 3466 917 3548 πραχθῆναι]
946 3469 1002 3543 τῆς
1029 3463 1158 3529 ἀνοςίας
1186 3462 1286 3526 αὐτοῦ
1308 3466 1361 3524 Θυ-

223 3575 341 3656 γατρός
363 3575 441 3654 ἔργα
462 3575 678 3654 παραδίδοται.

756 3741 829 3821 53·

309 3877 380 3944 Orsi
404 3899 510 3941 sumus
534 3900 552 3940 o
575 3875 818 3960 simplicissimis
841 3874 1003 3958 exemplis.
1044 3875 1089 3936 At
1104 3871 1190 3936 enini
1205 3870 1255 3933 rel
1271 3871 1360 3952 haee,

224 3989 337 4072 quibus
365 4009 442 4050 sane
471 3987 540 4050 sine
568 4007 686 4070 magno
716 3984 764 4048 vel
792 4005 896 4046 rerum
926 3984 973 4046 vel
1003 3981 1234 4045 sententiarum
1267 3980 1362 4043 deiri-

291 4265 316 4329 *)
340 4263 389 4332 [Ex
410 4264 625 4333 interpolatione
652 4281 713 4317 esse
732 4263 812 4326 αὐτῷ
842 4258 956 4314 vitiosus
981 4258 1010 4312 in
1034 4259 1141 4323 πέμψαι
1164 4259 1243 4325 αὐτῷ
1270 4255 1362 4310 hiatus

224 4351 338 4425 arguit]
