3272 5088
260 305 325 372 430
596 362 598 366 ,
700 321 970 373 001000000Ῑο

261 479 366 558 vacat,
390 497 455 540 non
471 495 540 540 esse
561 480 635 560 post
655 477 773 560 olymp.
793 476 882 542 XCII
905 499 1026 540 annum
1048 477 1184 542 alterum
1199 475 1234 540 in
1249 497 1398 540 scaenam

261 586 458 668 productam.
489 586 596 669 Atque
617 585 691 650 huic
713 586 775 670 ipsi
796 571 948 670 temporis
969 589 1089 669 puncto
1104 586 1287 671 Agathonis
1308 607 1398 669 prae·

261 695 366 758 sentia
392 695 547 758 vindicari
583 698 689 778 potest
716 695 915 760 memorabili
943 695 1126 759 Aristotelis
1159 695 1296 779 quodam
1329 695 1398 760 loco

261 804 310 867 vel
333 805 520 888 quicumque
543 809 653 869 auctor
675 808 724 870 est
737 804 925 869 Ethicorum
946 806 987 868 ad
1003 805 1180 869 Eudemum
1195 805 1396 888 scriptorum,

225 937 229 944 ·
260 913 315 976 lib.
339 912 388 978 III
411 935 438 978 c.
461 914 482 979 5
504 915 550 998 (p.
576 915 636 979 123
658 913 778 1000 Sylb.):
813 917 862 980 καὶ
885 917 1006 994 μᾶλλον
1029 915 1069 980 ἂν
1092 916 1292 996 φροντὶεειεν
1315 915 1397 994 ἀνὴρ

260 1025 503 1104 μεγαλόψυχος,
530 1025 560 1088 τί
582 1028 670 1090 δοκεῖ
691 1025 738 1090 ἑνὶ
761 1025 939 1109 moncuq,
968 1026 1143 1103 ἢπολλοῑ(
1169 1026 1397 1106 τυγχάνουειν·

262 1133 393 1214 ὥςπερ
416 1135 608 1213 Ἀντιφῶν
637 1135 710 1215 ἔφη
739 1135 839 1214 πρὸ(
861 1135 1074 1212 Ἀγάθωνα,
1111 1135 1398 1214 κατεψηφιεμέ-

260 1264 336 1307 νωε
358 1245 429 1322 τὴν
452 1243 672 1320 ἀπολογίαν
695 1245 969 1309 ἐπαινέεαντα.
1013 1242 1179 1306 Postrema
1202 1243 1326 1327 corrige
1348 1243 1397 1307 vel

174 1377 175 1380 ¹
260 1352 322 1416 sic:
346 1353 692 1433 κατεψηφιεμένου
713 1355 771 1431 τὴν
787 1353 965 1429 ἀπολογίαν
981 1353 1199 1430 ἐπαινέεαντα,
1223 1352 1272 1416 vel
1293 1373 1397 1418 κατε-

260 1464 522 1543 ψηφιεμένοε,
550 1465 608 1541 τήν
637 1463 690 1527 ἀπ.
713 1463 763 1527 ἐπ.
771 1512 779 1543 ,
804 1462 886 1546 quod
909 1483 1100 1546 quamquam
1121 1462 1252 1545 propius
1274 1461 1399 1526 accedit

261 1571 301 1634 ad
323 1572 501 1636 litterarum
524 1571 775 1654 similitudinem,
799 1571 904 1635 minus
919 1575 1029 1636 tamen
1049 1573 1157 1655 placet
1171 1572 1282 1636 altere.
1307 1571 1397 1635 ‘Nam

259 1684 583 1763 κατεψηφιεμένων,
612 1682 694 1766 quod
723 1682 845 1764 placuit
865 1681 1014 1745 Eduardo
1037 1681 1183 1746 Meiere
1213 1679 1291 1768 [viro
1314 1681 1397 1745 bono

260 1791 432 1874 imprimiS,
456 1791 656 1875 praeceptori
676 1791 856 1875 factorique
877 1790 1201 1877 benevolentissim0]‚
1225 1813 1291 1854 non
1312 1790 1397 1854 vide-

259 1903 312 1962 tur
333 1921 442 1964 verum
464 1901 576 1964 haberi
597 1922 690 1984 posse
707 1901 805 1984 prius,
829 1923 924 1985 quam
940 1901 1037 1964 etiam
1053 1900 1293 1984 Archeptolemi
1309 1922 1397 1965 caus·

260 2030 329 2072 sam
361 2010 496 2074 eundem
529 2010 632 2095 egisse
661 2011 896 2094 Antiphontem
928 2011 1099 2093 probatum
1127 2010 1196 2074 crit.
1240 2009 1289 2076 Cf.
1324 2009 1397 2074 Plu-

259 2118 365 2182 tarchi
386 2119 443 2184 vit.
466 2118 497 2182 X
519 2124 600 2183 orat.
623 2142 656 2203 p,
672 2120 745 2184 310.
761 2121 834 2184 314.
850 2119 913 2184 315
928 2119 1037 2184 Reisk.
1075 2119 1159 2183 Illud
1181 2123 1288 2183 autem
1308 2119 1397 2182 testi·

259 2228 411 2310 monium,
436 2232 468 2292 01
489 2229 656 2314 Agathoni
678 2229 886 2294 honorificum
908 2233 941 2294 et
961 2250 1035 2294 vero
1058 2228 1264 2312 Antiphonti,
1287 2229 1397 2292 mirari

259 2338 336 2403 licet
362 2339 402 2402 ab
424 2339 572 2403 omnibus
599 2361 667 2404 esse
694 2340 969 2423 praetermissum,
992 2339 1107 2423 quide
1137 2338 1291 2402 alterutro
1315 2360 1396 2402 oom-

260 2449 395 2512 mentati
410 2451 496 2513 sunt.
523 2448 597 2514 Non
619 2438 726 2533 potest
747 2454 853 2513 autem
874 2449 1014 2512 dubitari
1037 2448 1114 2532 quin
1130 2448 1310 2525 ἀπολογίαν
1325 2448 1396 2512 Ari·

260 2559 390 2623 etoteles
417 2558 534 2623 dixerit
562 2559 814 2623 laudatissimam
836 2559 925 2622 illam
951 2558 1397 2638 aepl'ucrocrdcewcoratio

212 2681 243 2729 19
260 2690 351 2752 nem,
385 2669 550 2752 praeclaro
577 2668 770 2752 Thucydidis
802 2667 973 2752 praeconio
1000 2668 1194 2732 celebrarem
1220 2667 1295 2731 libri
1317 2667 1396 2732 VIII

260 2800 330 2863 cap.
354 2779 410 2844 68:
447 2779 487 2842 de
510 2779 597 2842 cuius
619 2777 724 2842 verbis
751 2779 823 2842 vide
844 2778 1001 2863 Kruegeri
1025 2781 1229 2842 commentat.
1252 2777 1395 2861 Thucyd.

259 2909 291 2972 p.
315 2889 378 2952 373
400 2909 447 2971 sq.
491 2888 604 2972 Itaque
637 2910 708 2952 cum
734 2888 836 2952 oratio
865 2888 921 2952 illa
949 2887 1061 2951 habita
1088 2888 1131 2952 sit
1159 2887 1281 2970 etipse
1303 2887 1396 2952 Anti·

259 2996 347 3080 phon
369 2997 482 3061 infami
504 2997 660 3081 supplicio
683 2998 815 3062 affectus
837 2998 955 3082 olymp.
978 2997 1068 3062 XCII
1091 3019 1177 3061 anno
1199 2998 1235 3079 2,
1259 2997 1292 3060 id
1313 2997 1395 3081 quod

260 3111 350 3170 extra
382 3106 614 3171 dubitationem
645 3109 752 3191 posuit
782 3107 993 3172 Ruhnkenius
1026 3111 1196 3172 comment.
1230 3106 1269 3170 de
1302 3107 1396 3172 Anti·

259 3215 380 3299 000010
403 3239 472 3300 cap.
496 3215 529 3280 Π
552 3221 631 3281 extr.
662 3217 707 3303 (p.
734 3216 1038 3300 165—1680pus0.
1064 3216 1112 3281 ed.
1137 3217 1193 3280 alt.
1217 3216 1394 3301 Lugdun.):

260 3326 481 3411 Agatheam,
511 3327 596 3390 illius
623 3327 836 3409 laudatorem,
871 3327 1074 3410 consequitur
1101 3348 1168 3390 000
1194 3346 1287 3409 posse
1309 3326 1396 3410 prius

259 3457 354 3519 quam
376 3436 493 3520 olymp.
517 3435 608 3502 XCII
636 3459 723 3500 anno
745 3436 873 3501 circiter
893 3436 989 3500 tertio
1012 3435 1156 3500 Athenas
1178 3435 1352 3520 reliquisse.

343 3546 484 3611 Fuerunt
506 3551 613 3611 autem
642 3547 696 3631 qui
723 3550 883 3610 mortuum
911 3545 1045 3610 eundem
1067 3546 1165 3609 fuisse
1187 3545 1396 3629 opinarentur

258 3655 323 3721 iam
345 3657 387 3720 ol.
411 3655 517 3722 XCIII
540 3680 568 3720 a.
592 3658 612 3721 3
634 3661 765 3740 propter
782 3656 947 3720 Ranarum
968 3677 1077 3720 versus
1099 3655 1140 3719 83
1163 3678 1248 3740 sqq:

314 3802 387 3867 ἩΡ.
411 3801 555 3877 Ἀγάθων
577 3803 613 3866 δὲ
635 3806 700 3865 ποῦ
723 3803 812 3872 'crim
836 3802 889 3865 ΔΙ.
912 3800 1082 3866 ἀπολιπών
1104 3801 1140 3878 μ’
1161 3799 1337 3881 ἀποίχεται,

319 3913 438 3988 ἀγαθὸς
462 3913 593 3990 ποιητὴς
615 3912 664 3975 καὶ
686 3913 836 3977 ποθεινὸς
858 3915 924 3975 rol(
947 3911 1061 3990 φίλοις.

314 4022 387 4087 ἩΡ.
411 4025 469 4087 ποῐ
489 4026 547 4100 γῆ(
570 4022 589 4086 ὁ
611 4022 756 4099 τλήμων;
779 4022 830 4085 ΔΙ.
853 4021 886 4084 ἐ(
908 4021 1059 4099 μακάρων
1083 4019 1231 4098 εὐωχίαν.

256 4243 335 4308 1000,
358 4239 434 4295 cuius
456 4241 541 4310 longa
562 4243 605 4296 001
627 4239 661 4296 de
679 4237 985 4310 Thesmophoriazuson
1006 4235 1180 4310 temporibus
1198 4237 1394 4294 commentatio

257 4333 286 4388 10
304 4333 480 4388 enarratione
498 4334 555 4388 eius
574 4331 684 4388 fabulae
703 4351 729 4402 p,
749 4340 798 4388 308
817 4337 888 4404 sqq]
