3254 5092
628 375 664 420 m
687 375 969 424 narsroruanau.
1306 363 1369 428 215

231 528 364 590 vertitur
386 526 499 590 deinde
521 527 750 610 grarmnaticus
766 528 806 590 ad
829 527 966 611 priorem
989 529 1236 613 praefationem,
1261 534 1297 593 ut
1311 553 1368 594 au-

231 637 388 720 tiquorum
422 635 632 720 interpretum
665 637 797 700 nomina
835 637 911 701 iude
944 639 1140 702 transcribat
1172 643 1206 702 et
1237 641 1368 704 resectis

229 745 379 809 inanibus
402 745 522 826 verbis,
552 745 676 810 omissis
702 768 782 830 quae
805 750 901 810 antea
924 747 1051 811 aliunde
1078 749 1180 830 petita
1207 753 1366 832 posuerat,

230 856 492 940 quemadmodum
515 855 677 919 comoedia
699 878 755 939 per
777 861 842 920 tres
858 860 980 921 aetates
995 861 1119 921 mutata
1135 859 1192 940 sit,
1216 865 1366 940 exponat.

230 965 310 1028 Tum
334 985 407 1028 vero
430 986 469 1028 ex
491 965 593 1028 altera
615 969 707 1048 parte
729 965 892 1050 integrum
908 971 1004 1050 caput
1025 967 1156 1030 tertium
1178 968 1366 1051 interponit,

230 1097 291 1158 qua
312 1075 348 1138 in
369 1096 403 1137 re
426 1095 491 1137 non
514 1074 627 1138 inutile
650 1079 698 1139 est
720 1075 801 1139 scire
824 1076 931 1158 capita
953 1080 987 1140 et
1007 1076 1197 1159 interstitia,
1220 1099 1301 1159 quae
1323 1077 1367 1140 fe-

230 1184 343 1266 cimuS,
368 1184 402 1248 in
426 1183 533 1247 codice
555 1184 658 1248 rubris
680 1185 797 1248 litteris
820 1185 972 1250 distincta
995 1207 1073 1249 esse.
1117 1185 1238 1250 Rursus
1261 1188 1368 1250 autem

229 1294 270 1358 ab
292 1315 329 1358 eo
351 1293 465 1376 prioris
487 1294 588 1376 partis
611 1294 696 1375 loco,
720 1295 754 1357 in
776 1315 838 1377 quo
860 1295 1047 1358 substiterat
1069 1295 1108 1378 (Ι,
1132 1297 1177 1380 5),
1202 1317 1296 1378 opere
1318 1317 1365 1360 re-

228 1407 316 1466 texto
333 1405 377 1466 ‘ea
399 1423 480 1486 quae
506 1401 545 1465 de
567 1402 738 1486 Dionysio,
769 1401 915 1485 Cratete,
944 1403 1077 1468 Euclide
1099 1405 1220 1488 scripta
1242 1405 1368 1469 invenit

230 1535 294 1576 nou
309 1511 430 1594 minus,
455 1533 551 1594 quam
566 1515 642 1574 ante
656 1511 695 1575 (le
710 1511 883 1576 Heliodoro
898 1513 1035 1596 fecerat,
1060 1514 1249 1596 corrumpit,
1268 1535 1366 1596 eoque

230 1622 432 1705 perturbatus
454 1621 599 1684 ordinem
621 1642 743 1705 quoque
758 1642 864 1684 rerum
882 1621 1025 1685 invertit.
1062 1622 1113 1686 lta
1136 1621 1185 1686 his
1208 1622 1366 1686 adfinem
1413 1635 1421 1650 ·

229 1731 389 1814 perductis
411 1730 533 1813 reliqua
555 1729 712 1793 secundae
735 1730 836 1813 partis
853 1731 976 1814 capita,
1000 1753 1080 1814 quae
1103 1731 1181 1794 satis
1203 1731 1314 1813 ineps
1334 1735 1367 1795 et

231 1840 291 1922 ita,
315 1843 351 1903 ut
371 1838 509 1902 hominis
532 1839 672 1902 indolem
693 1859 822 1922 prorsus
848 1841 1030 1924 pervideas,
1061 1840 1164 1904 verbis
1186 1842 1316 1917 γένοιτο
1340 1843 1368 1906 δ’

230 1951 268 2015 ἂν
298 1950 513 2030 (αφεετέραὴ
541 1953 608 2015 τῶν
627 1950 788 2015 τοιούτων
811 1951 991 2015 hibernalis
1020 1949 1085 2015 ὼδέ
1107 1971 1177 2014 πω(
1199 1950 1244 2032 (p.
1272 1950 1366 2036 1241)

229 2059 391 2140 annectit,
416 2080 472 2122 suo
493 2058 587 2121 modo
602 2059 637 2121 in
658 2080 750 2122 usum
765 2080 856 2122 suum
872 2059 1039 2122 convertit.
1070 2057 1161 2123 Nihil
1176 2059 1211 2122 in
1233 2059 1283 2122 his
1305 2063 1364 2140 est,

229 2168 311 2252 quod
333 2167 565 2232 dubitationem
587 2167 763 2251 relinquat,
795 2168 857 2231 nisi
880 2168 950 2251 quis
971 2168 1070 2250 forte,
1099 2171 1135 2231 ut
1156 2168 1261 2232 dicam
1283 2169 1366 2252 quod

229 2278 348 2359 sentio,
383 2277 511 2340 brevem
543 2279 582 2340 de
616 2277 778 2340 comoedia
811 2276 990 2340 Alcibiadis
1023 2277 1215 2340 auctoritate
1241 2280 1366 2340 mutata

229 2387 446 2450 narrationem
462 2387 507 2470 (p.
527 2387 622 2471 1239)
638 2385 767 2450 aliunde
782 2385 918 2469 petitam
931 2407 1000 2449 esse
1015 2386 1117 2469 dicat,
1141 2389 1177 2448 ut
1198 2385 1237 2449 de
1252 2390 1366 2468 quarto

229 2498 342 2580 prioris
365 2496 466 2579 partis
489 2496 594 2579 capite
617 2496 699 2560 nihil
721 2495 885 2558 Parisinus
907 2495 1136 2578 grammaticus
1159 2495 1316 2576 attigerit.

313 2605 374 2670 Sed
397 2605 536 2684 ἀπορίαν
559 2609 689 2668 movent
711 2604 814 2687 prima
837 2604 954 2667 codicis
976 2603 1114 2666 Parisini
1137 2603 1261 2684 capita,
1285 2623 1366 2685 quae

228 2717 263 2778 in
278 2715 491 2779 Ambrosiano
512 2714 630 2796 partim
646 2713 776 2795 desunt,
800 2714 919 2796 partim
941 2716 1008 2776 tam
1030 2712 1163 2776 diversis
1184 2711 1307 2793 verbis,
1331 2715 1367 2775 ut

228 2825 304 2888 hinc
325 2824 427 2908 petita
443 2845 592 2886 essenon
614 2823 754 2905 possint,
779 2825 936 2904 concepta
954 2825 1038 2885 sunt.
1076 2822 1183 2904 Atque
1205 2819 1284 2883 illud
1306 2823 1364 2903 est,

228 2956 289 3018 quo
311 2933 543 2998 intricatiorem
564 2933 649 2995 hanc
670 2952 738 2994 rem
766 2931 898 2997 evadere
926 2931 1002 2994 dixi.
1047 2928 1132 2994 Nam
1154 2951 1226 2993 cum
1253 2929 1367 2992 horum

228 3043 384 3107 maximus
399 3042 441 3105 sit
463 3044 496 3105 et
518 3063 589 3105 cum
605 3041 676 3106 aliis
692 3040 855 3104 nonnullis
870 3039 1156 3120 commentariolis,
1180 3039 1234 3121 qui
1247 3037 1365 3102 fabulis

229 3151 472 3235 Aristophaneis
501 3151 536 3214 iu
569 3150 729 3214 codicibus
763 3149 897 3233 praefixi
929 3152 1020 3231 sunt,
1056 3152 1089 3212 et
1120 3169 1191 3211 cum
1218 3147 1366 3231 Dionysii

228 3261 361 3325 Thracis
383 3259 511 3324 scholiis
534 3259 636 3322 Bekk.
662 3259 782 3322 Anecd.
807 3282 838 3341 p.
857 3258 917 3322 747
934 3280 999 3341 sq.,
1023 3260 1057 3321 et
1077 3278 1152 3320 vcro
1175 3256 1272 3320 etiam
1294 3279 1366 3320 cum

229 3370 363 3434 Taetzae
386 3369 500 3432 iambis
516 3369 621 3434 Oram.
638 3367 761 3432 Anecd.
779 3369 882 3432 Oxou.
899 3366 947 3430 Ill
969 3389 1001 3450 p.
1018 3366 1081 3430 340
1095 3387 1163 3449 sqq.
1181 3387 1363 3447 consensus,

228 3479 291 3544 dici
324 3479 451 3562 nequit,
486 3499 566 3561 quae
598 3478 684 3541 inter
715 3477 773 3541 has
802 3476 1053 3560 Byzantinorum
1085 3473 1365 3559 grammaticorum

229 3588 417 3673 scriptiones
439 3587 522 3650 ratio
536 3587 723 3650 intercedat.
762 3585 950 3668 Quanquam
971 3584 1122 3669 quoniam
1136 3583 1220 3646 hanc
1242 3602 1365 3666 quoque
1384 3601 1433 3650 127

230 3697 366 3762 Parisini
396 3696 616 3760 commentarii
651 3699 775 3779 partem
808 3716 825 3757 e
858 3693 1093 3778 prolegomenis
1120 3689 1365 3774 Aristophaneis

229 3806 375 3871 haustam
403 3827 470 3870 esse
499 3805 650 3887 vidimus,
684 3805 849 3888 probabile
877 3824 954 3868 sane
982 3807 1046 3884 est,
1081 3801 1178 3865 aliam
1205 3798 1366 3883 quandam

230 3916 363 3979 Taetzae
390 3915 611 3997 scriptionem,
640 3935 720 3997 quae
749 3914 783 3976 in
810 3912 944 3976 historie
974 3910 1153 3974 comoediae
1179 3907 1365 3992 indaganda

229 4025 425 4105 versabatur,
443 4024 508 4087 sive
524 4023 565 4085 ab
580 4023 650 4105 ipso
662 4019 888 4103 Aristophanis
902 4019 1162 4102 interpretationi
1177 4016 1363 4101 praefixam,

230 4135 295 4197 sive
317 4135 358 4197 ab
381 4133 444 4196 alio
466 4131 601 4216 quodam
624 4129 834 4214 grammatico
857 4130 890 4194 in
913 4129 1039 4192 brevius
1056 4129 1253 4191 contractam
1276 4125 1364 4188 etin

230 4241 290 4306 hoc
317 4243 387 4306 loco
416 4242 553 4326 positam
581 4239 739 4320 extitisse,
775 4260 791 4300 e
825 4260 886 4321 qua
914 4259 978 4301 non
1006 4237 1107 4300 solum
1138 4235 1219 4298 haec
1247 4234 1364 4298 codicis

231 4351 368 4414 Parisini
383 4372 473 4434 pars,
489 4349 545 4413 sed
560 4371 598 4412 ea
613 4349 710 4412 etiam
718 4396 727 4430 ,
744 4369 824 4432 quae
839 4346 985 4412 insimili
1000 4347 1187 4430 argumento
1202 4343 1365 4408 versantia
