3254 5086
536 381 691 431 uroursn
716 383 1064 433 unurcnnuassausrs.
1310 368 1370 433 491.

233 533 277 600 Flt
299 535 422 600 codices
445 519 571 621 quidem
596 541 701 600 EFVa
730 536 894 600 sciendum
920 541 969 600 est
995 559 1052 621 per
1078 539 1274 620 prooemium
1301 541 1372 602 tan·

232 647 301 710 tum
322 645 555 730 Dionysianurn
582 667 729 709 excussos
759 667 838 710 esse.
884 645 1002 721 Quodsi
1025 647 1150 711 diversa
1173 670 1190 712 e
1219 653 1298 712 Vct
1326 655 1372 711 Va

233 755 423 839 afferuntur,
452 756 484 819 id
512 755 650 819 dubitari
679 756 732 820 vix
760 759 865 839 potest
892 756 970 839 quin
998 757 1041 820 sit
1068 758 1162 821 alicui
1191 758 1289 822 errori
1316 758 1372 822 tri-

232 865 401 929 buendum.
447 865 567 930 (lontra
594 866 696 929 nostri
724 866 838 929 erroris
861 867 990 950 quaevis
1019 867 1152 951 suspitio
1179 869 1289 951 procul
1316 867 1371 931 ha-

233 975 347 1058 benda,
367 976 648 1060 quotienscumque
663 975 702 1038 do
718 982 743 1039 Α
762 976 825 1039 alia
847 997 933 1040 nunc
955 979 1110 1041 testamur
1132 981 1228 1062 atque
1249 979 1372 1041 factum

233 1088 281 1148 est
307 1086 341 1149 in
364 1107 401 1149 ea
424 1108 519 1170 quam
546 1107 641 1169 supra
671 1086 956 1150 commemorabam
984 1085 1217 1151 dissertatione.
1268 1087 1372 1150 Licuit

232 1194 318 1258 enim
345 1217 431 1258 nunc
459 1195 551 1259 huius
580 1195 697 1259 codicis
727 1195 896 1259 collatione
928 1197 974 1259 uti
1003 1197 1099 1281 longe
1127 1196 1371 1282 diligentissime

232 1304 329 1387 facta,
349 1326 430 1388 quac
451 1306 591 1370 sociatae
604 1306 644 1368 A.
657 1305 750 1388 Fene,
771 1304 877 1370 Caroli
893 1306 1029 1389 nepotis,
1051 1311 1083 1370 et
1095 1307 1224 1370 Aemilii
1239 1305 1372 1370 Braunii

231 1414 333 1477 nostri
348 1435 463 1498 operae
479 1415 621 1479 debetur.
651 1415 802 1479 Eiusdem
820 1417 926 1478 autem
942 1413 1076 1478 Braunii
1098 1415 1252 1480 beneficio
1274 1416 1372 1480 etiam

231 1522 398 1587 Vrbinatis
416 1530 444 1588 B
464 1547 548 1588 nova
572 1526 699 1588 collatio
721 1529 850 1608 praesto
865 1525 944 1588 fuit:
967 1546 1048 1610 quae
1070 1547 1167 1609 opera
1190 1547 1284 1610 quam
1306 1547 1372 1590 non

233 1655 468 1717 supervacanea
490 1635 604 1717 fuerit,
628 1635 775 1698 instituta
798 1634 1027 1698 Hudsouianae
1050 1635 1266 1698 adnotationis
1289 1657 1371 1699 com·

231 1744 400 1826 paratione
427 1745 505 1808 satis
533 1746 599 1807 iam
627 1745 789 1808 aestimari
817 1745 945 1828 poterit.
998 1743 1145 1809 Cetemm
1172 1745 1371 1829 paucissimis

231 1852 294 1915 illis
329 1853 423 1936 locis,
462 1854 575 1938 quibus
609 1855 648 1917 de
682 1855 858 1938 scripturae
894 1854 1110 1937 discrepantia
1148 1855 1189 1918 ab
1218 1853 1371 1919 Hudsono

232 1966 477 2026 commemorata
510 1967 597 2028 tacet
625 1963 799 2046 BrauniuS‚
834 1965 907 2027 huic
941 1964 1144 2047 apposuimus
1173 1969 1221 2028 Bb
1248 1967 1369 2028 notam.

231 2067 393 2136 Parisinos
421 2079 526 2137 autem
553 2074 668 2156 libros,
698 2074 858 2136 notabiles
886 2073 957 2136 illos
981 2095 1051 2137 curn
1074 2074 1231 2138 secundae
1257 2097 1371 2139 manus

232 2183 480 2246 correctionibus
523 2187 592 2246 tum
628 2184 855 2266 scripturarum
889 2185 923 2247 in
959 2185 1159 2267 marginibus
1196 2183 1370 2267 positamm

231 2290 450 2376 multitudine,
485 2294 545 2377 ipsi
574 2293 792 2357 tractavimus
806 2295 836 2378 *)
887 2292 981 2356 Vnde
1009 2297 1041 2357 et
1070 2293 1133 2357 alia
1161 2294 1196 2356 in
1224 2293 1371 2378 Dionysii

231 2401 486 2466 emendationem
514 2425 578 2466 non
606 2403 786 2487 spernenda
819 2402 1039 2467 redundamnt
1066 2406 1098 2466 et
1125 2403 1198 2464 fons
1226 2404 1370 2486 ratioque

230 2511 384 2595 principis
407 2511 556 2576 editionis
578 2513 764 2595 planissime
780 2512 894 2594 patuit.
919 2512 1019 2586 Quem
1033 2513 1157 2574 fontem
1176 2511 1236 2590 etsi
1257 2533 1370 2594 parum

230 2642 307 2684 sane
330 2620 496 2704 limpidum
519 2623 735 2706 cognovimus,
760 2644 825 2685 non
848 2622 936 2685 nulla
959 2625 1067 2684 tamen
1092 2627 1147 2683 ΒΡ
1165 2619 1257 2704 (qu
1273 2622 1369 2704 potis-

231 2729 358 2815 simum)
388 2733 438 2794 vel
468 2733 564 2795 etiam
593 2732 661 2795 sola
685 2739 711 2794 P
735 2732 950 2815 praebuerunt
986 2734 1095 2815 aperte
1127 2730 1369 2813 praestabiliora

230 2839 275 2902 eis
298 2862 378 2924 quae
400 2842 435 2904 in
457 2847 513 2904 AB
535 2844 673 2904 exstant.
718 2841 807 2904 Inter
830 2841 886 2903 lios
909 2845 1016 2904 autem
1038 2841 1124 2923 ipsos
1146 2838 1223 2904 duos
1247 2840 1403 2904 codices2

231 2953 263 3012 et
290 2950 482 3033 antiquitate
512 2957 544 3014 et
572 2951 716 3014 bonitate
749 2951 880 3014 eximios
913 2973 994 3033 quae
1021 2953 1130 3013 mutua
1156 2952 1238 3014 ratio
1272 2950 1369 3014 inter-

231 3058 339 3142 cedat,
367 3059 530 3124 difficilius
563 3083 657 3143 quam
682 3060 845 3143 quaeritur
877 3061 1095 3142 respondetur.
1147 3059 1207 3134 Qui
1241 3061 1300 3124 etsi
1335 3062 1369 3123 in

229 3168 378 3232 tollendis
401 3169 524 3232 mendis
547 3169 737 3232 deteriorum
760 3169 912 3232 librorum
939 3169 1123 3250 saepissime
1153 3169 1367 3251 consentiunt,

230 3281 338 3342 tamen
367 3301 437 3342 cum
465 3279 610 3362 plurimis
638 3279 790 3362 exemplis
823 3278 883 3361 ipsi
911 3277 1121 3359 dissentiant,
1160 3280 1273 3341 neuter
1306 3279 1368 3342 dici

230 3391 336 3471 potest
362 3391 525 3472 tamquam
554 3388 701 3472 ingenita
730 3389 847 3450 virtute
870 3388 916 3450 ita
938 3391 1103 3470 praestare
1132 3387 1241 3469 alteri,
1273 3391 1308 3450 ut
1330 3409 1368 3450 ex

230 3519 266 3560 co
298 3499 387 3582 (quasi
426 3498 577 3580 primario
609 3497 700 3560 fonte
734 3497 863 3560 criticae
902 3497 979 3560 artis
1019 3496 1180 3560 factitatio
1220 3496 1366 3580 pendeat,

230 3607 468 3690 posthabendus
497 3610 603 3669 autem
625 3607 683 3688 sit,
707 3606 733 3668 si
757 3627 773 3669 e
795 3606 999 3669 multitudine
1021 3607 1177 3669 bonarum
1199 3605 1368 3688 scriptura-

230 3737 298 3779 rum
328 3715 479 3779 iudicium
508 3716 581 3797 fiat,
611 3717 693 3779 alter
715 3715 823 3780 codex.
867 3715 969 3778 Immo
991 3719 1024 3778 et
1045 3713 1216 3778 manilesto
1238 3713 1369 3777 vitiosas

230 3825 280 3889 vel
307 3828 392 3889 solus
422 3829 447 3886 Α
480 3826 530 3889 vel
556 3830 584 3888 B
616 3825 701 3888 solus
734 3825 847 3906 habet,
882 3829 914 3886 et
941 3824 1112 3888 manifesto
1145 3845 1235 3886 veras
1262 3823 1312 3885 vel
1341 3828 1370 3885 B

230 3935 313 3998 solus
351 3935 401 3998 vel
437 3935 522 3997 solus
561 3941 602 4016 A,
641 3934 734 4016 idque
772 3935 839 4016 pari
877 3934 977 3998 ferme
1013 3934 1047 3996 iu
1083 3939 1215 4016 utroque
1251 3952 1368 4016 genere

297 4205 322 4271 ²²)
347 4203 420 4271 [Nisi
438 4205 512 4270 quod
530 4206 559 4257 et
577 4202 737 4257 Coisliniani
755 4205 784 4256 et
801 4201 882 4271 Regii
899 4203 1033 4256 maiorem
1054 4205 1165 4272 partem
1187 4201 1272 4256 habui
1294 4219 1309 4255 a
1329 4219 1369 4255 se-

230 4292 288 4347 duli
304 4294 423 4348 hominis
436 4295 536 4350 Graeci
553 4295 709 4360 collatione,
728 4294 772 4348 cui
789 4293 925 4364 Sypsomo
944 4311 1058 4360 nomeu,
1075 4311 1131 4348 non
1144 4294 1218 4360 quod
1236 4293 1262 4348 ei
1277 4293 1368 4349 Kicss-

229 4385 331 4454 lingius
355 4385 408 4440 vol.
427 4387 439 4440 Ι
460 4388 547 4457 praef.
567 4405 593 4456 p.
607 4387 646 4440 Vl
664 4387 737 4454 lecit,
756 4385 928 4457 Syposomo.]
1184 4389 1190 4400 '
