3272 5088
647 408 789 456 aauo1c1
812 409 961 456 larana.
1313 392 1374 457 427

239 560 325 626 intra
347 561 440 625 unius
462 563 581 626 mensis
606 562 745 645 spatium
767 565 800 625 et
822 561 968 646 componi
990 562 1133 626 fabulam
1156 561 1294 646 potuisse
1316 561 1377 625 ele-

239 671 463 755 gantissimam
486 675 519 734 et
540 671 645 736 doceri
672 671 844 738 histriones
867 675 898 735 et
921 672 1088 736 choreutas
1110 671 1236 736 institui
1259 673 1291 735 et
1312 693 1376 735 om-

240 803 313 845 nem
336 781 451 845 instrui
474 786 665 866 apparatum
686 782 913 867 scaenicum.*)
957 781 1062 857 Quid?
1083 781 1166 865 quod
1189 782 1255 845 veri
1276 781 1377 845 multo

240 889 318 954 adeo
340 891 474 956 similius
496 896 545 955 est
566 892 734 956 recitatam
755 895 883 957 tantum
903 913 970 956 esse
986 891 1151 976 Sophoclis
1165 891 1376 976 tragoediam,

240 1000 489 1066 Anthesterione
511 1023 637 1066 mense:
681 1001 720 1066 de
742 1024 804 1086 quo
826 1024 944 1087 genere
967 1001 1176 1066 certaminum
1199 1001 1378 1066 Boeckhius

241 1111 386 1193 exposuIt
408 1132 521 1176 eornm.
546 1112 584 1176 de
605 1111 697 1176 festis
719 1110 887 1176 Bacchicis
916 1113 1010 1192 521.
1055 1112 1167 1196 Itaque
1194 1133 1259 1176 non
1286 1110 1377 1175 video

241 1219 316 1303 quid
338 1221 380 1284 sit
402 1221 571 1305 relicuum,
605 1221 668 1286 nisi
695 1226 732 1285 ut
758 1225 917 1286 mortuum
939 1221 1127 1307 Sophoclem
1155 1243 1223 1286 esse
1251 1242 1377 1285 censea-

240 1351 310 1394 mus
342 1331 481 1396 aecrmdo
508 1331 548 1396 ol.
577 1331 684 1396 XCIII
717 1354 817 1397 anno:
854 1331 937 1417 quod
970 1332 1029 1396 etsi
1062 1331 1223 1396 Boeckhio
1256 1352 1378 1415 quoque

241 1439 343 1503 visum
372 1444 421 1504 est
443 1441 464 1504 l.
489 1463 516 1506 c.
540 1463 571 1525 p.
596 1441 635 1506 97
664 1441 738 1506 adn.
769 1442 831 1505 120
853 1445 885 1506 et
911 1464 943 1525 p.
970 1443 1029 1507 103
1058 1441 1131 1504 adn.
1162 1441 1238 1523 145,
1268 1444 1378 1504 tamen

242 1548 320 1614 adeo
357 1554 518 1635 repugnat
557 1551 720 1615 constanti
751 1551 1006 1615 testimoniorum
1041 1549 1227 1633 memoriae,
1266 1549 1378 1633 quibus

244 1657 410 1742 Sophoclis
432 1661 538 1724 obitus
561 1661 601 1724 ad
623 1661 664 1724 ol.
688 1660 812 1742 XCIII,
835 1662 855 1725 3
878 1661 1024 1743 refertur,
1048 1664 1084 1724 ut
1106 1659 1180 1746 quid
1202 1658 1263 1723 hac
1284 1659 1323 1722 de
1345 1679 1379 1722 re

242 1769 446 1834 statuendum
486 1770 543 1854 sit,
581 1770 673 1835 valde
711 1770 843 1834 fluctuet
875 1769 1035 1835 iudicium.
1080 1770 1278 1854 Quamquam
1313 1791 1378 1833 non

242 1877 324 1943 nihil
346 1878 581 1978 discrepantiae
608 1881 707 1944 fuisse
732 1883 876 1944 veterum
898 1881 995 1945 etiam
1017 1879 1056 1945 de
1078 1879 1244 1964 Sophoclis
1265 1881 1378 1962 morte,

244 1987 310 2053 eius
332 1990 536 2075 grammatici
559 1991 664 2056 verbIs
687 1989 833 2074 arguitur
854 1989 908 2073 qui
924 1990 1039 2075 Oedipi
1056 1989 1188 2055 Colonei
1209 2009 1378 2074 argumen-

242 2101 310 2162 tum
333 2099 463 2183 scripsit
483 2101 525 2165 ab
547 2100 700 2164 Elnrsleio
722 2099 841 2163 editum
864 2121 903 2162 ex
926 2100 1032 2166 codiee
1047 2099 1277 2164 Laurentiano:
1302 2101 1378 2164 Καλ-

243 2209 329 2288 λίου,
363 2211 420 2290 ἐφ’
449 2210 489 2275 οὑ
521 2232 617 2291 oncis
646 2211 681 2275 ol
713 2213 876 2277 πλείου(
903 2213 961 2277 τὸν
989 2211 1157 2291 (οφοκλέα
1187 2213 1378 2292 aeterniter,

243 2339 323 2402 quae
352 2319 460 2384 nescio
493 2341 536 2384 an
563 2320 598 2384 in
626 2321 712 2385 illam
747 2325 872 2406 partem
902 2319 1091 2403 explicanda
1123 2319 1198 2382 sint.
1244 2319 1380 2384 Accedit

244 2429 349 2492 autem
372 2429 457 2494 aliud
480 2429 640 2514 quiddam.
670 2429 801 2495 Etenim
824 2429 996 2514 Sophocles
1018 2429 1045 2492 si
1067 2431 1207 2493 mortuus
1229 2428 1272 2492 sii
1294 2450 1380 2492 anno

244 2536 344 2602 altero
366 2539 407 2602 ol.
432 2537 548 2622 XCIII,
573 2539 683 2605 eodem
699 2540 902 2625 consequitur
924 2539 1039 2604 obiisse
1054 2538 1250 2623 Euripidem,
1274 2540 1310 2602 ut
1332 2542 1381 2602 est

244 2646 278 2712 in
306 2647 465 2714 Marmore
492 2648 588 2714 Pario
595 2700 603 2733 ‚
633 2650 707 2734 quia
729 2649 875 2735 Euripidi
903 2649 1107 2734 superstitem
1134 2647 1232 2714 fuisse
1261 2647 1379 2731 Sopho-

246 2831 444 2839 ‚⁹—

311 2927 336 2994 *1
359 2927 410 2995 [De
432 2928 486 2982 hae
507 2929 749 2997 argumentatione
772 2929 861 2996 deque
884 2928 981 2982 mortis
1003 2930 1129 2997 tempore
1158 2945 1219 2982 cum
1241 2925 1380 2996 Euripidis

245 3020 303 3072 tum
322 3017 466 3088 Sophoclis
483 3021 567 3090 plane
586 3020 784 3075 assentientem
796 3023 894 3076 nactus
908 3039 967 3075 sum
979 3019 1184 3076 Boeckhium
1203 3019 1283 3089 Corp.
1297 3019 1379 3074 inser.

245 3129 286 3178 gr.
299 3111 324 3164 Il
336 3130 363 3181 p.
378 3118 436 3179 342,
454 3111 695 3168 Clintonianas
713 3114 835 3168 rationes
854 3133 880 3184 p.
895 3113 1055 3168 su-eled.
1073 3113 1176 3182 Krucg.
1196 3130 1245 3166 suo
1263 3112 1322 3167 iure
1339 3130 1379 3167 re·

245 3202 374 3259 latentem
386 3207 418 3258 ut
428 3222 542 3275 prorsus
555 3206 737 3261 abhorrentes
750 3225 767 3262 a
778 3225 857 3262 vero:
876 3206 1004 3274 idemque
1017 3205 1104 3261 seculi
1117 3207 1181 3259 sunt
1193 3204 1222 3259 C.
1237 3206 1268 3260 0.
1281 3203 1380 3260 Muel-

245 3297 337 3351 lerus
360 3297 430 3353 Hist.
450 3297 503 3353 litt.
529 3315 569 3368 gr.
590 3299 659 3369 Hp.
680 3307 736 3356 183.
758 3307 819 3366 179,
843 3299 871 3354 C.
890 3300 920 3354 F.
939 3300 1150 3354 Hermannus
1177 3297 1206 3352 in
1227 3297 1380 3353 Annalibus

246 3389 305 3444 erit.
323 3389 547 3446 Berolinensibns
565 3409 590 3446 a.
606 3397 671 3448 1813
689 3410 724 3446 m.
743 3394 809 3462 Apr.
828 3411 856 3462 p.
870 3399 918 3448 847
932 3409 982 3460 sq,
1000 3393 1034 3446 de
1052 3391 1184 3462 Euripide
1201 3390 1285 3446 etiam
1303 3391 1381 3446 Har·

245 3485 370 3552 tangus
389 3483 538 3554 ‘Euripidis
556 3484 688 3540 restituti’
706 3489 726 3542 t.
745 3485 772 3540 II
789 3505 815 3556 p.
835 3491 882 3540 ⁶01
903 3503 962 3554 sqq.
987 3485 1046 3538 Nee
1061 3484 1097 3538 ab
1114 3484 1163 3538 illa
1181 3501 1225 3537 me
1243 3483 1382 3538 sententia

246 3573 375 3631 direllore
392 3579 555 3646 potuerim,
577 3593 649 3645 quae
672 3579 708 3632 ab
726 3578 788 3633 aliis
806 3578 1063 3648 contra'disputata
1084 3576 1152 3642 vidi,
1174 3576 1278 3646 partim
1295 3576 1382 3630 oonsi-

246 3669 342 3724 derate
359 3668 609 3738 intellegenterque
626 3670 819 3738 iudicantibus,
837 3671 940 3740 purtim
958 3671 1026 3725 miro
1044 3669 1168 3739 fingendi
1179 3669 1381 3738 argutandique

245 3762 361 3818 artificIo
383 3762 604 3832 indulgentibus:
635 3781 650 3818 e
673 3764 772 3831 quibus
794 3763 907 3818 honoris
930 3781 1028 3819 caussa
1051 3764 1166 3833 designo
1184 3761 1259 3817 vitae
1277 3761 1381 3832 Sopho·

246 3855 321 3912 eleae
340 3855 489 3926 scriptores
508 3855 713 3912 Fordinandum
732 3857 944 3912 Schultzium
962 3857 1062 3924 (Berol.
1076 3875 1100 3911 a.
1114 3859 1190 3924 1836)
1208 3875 1236 3925 p.
1251 3861 1298 3909 163
1311 3871 1382 3923 sqq,

247 3947 423 4004 Theodorum
445 3947 629 4018 Bergkium
651 3949 703 4018 (ed.
727 3949 802 4020 Lipa.
827 3967 851 4004 a.
876 3953 952 4018 1858)
978 3968 1005 4019 p.
1029 3949 1092 4003 XXI
1114 3966 1189 4017 sqq,
1216 3948 1382 4004 Guilelmum

246 4041 462 4097 Dindorlium
480 4042 533 4108 (ed.
549 4030 634 4096 Onon.
650 4059 674 4097 a.
691 4048 756 4098 1880
768 4044 820 4098 rol.
834 4041 910 4112 VIII)
928 4061 955 4112 p.
966 4041 1017 4096 XX
1035 4058 1109 4110 sqq.;
1127 4071 1159 4081 -
1178 4041 1383 4096 Ferdinandum

247 4134 412 4188 Ranlrium
424 4133 453 4187 in
465 4133 524 4189 vita
535 4135 729 4205 Aristophanis
743 4139 777 4204 (a.
795 4139 868 4202 1830)
880 4155 906 4204 p.
919 4135 1069 4200 CCLXXII,
1081 4135 1239 4203 Adolphum
1252 4133 1383 4188 Schoel-

247 4226 327 4280 lium
345 4226 529 4297 ε8001101100,
548 4228 606 4283 sein
624 4229 717 4284 Leben
735 4228 792 4283 und
809 4227 939 4282 Wirlren'
964 4231 999 4294 (a.
1020 4231 1095 4294 1848)
1116 4245 1143 4296 p.
1164 4233 1213 4282 359
1232 4244 1291 4295 sqq.
1328 4217 1382 4281 Aii-

248 4319 314 4386 quid
334 4321 434 4374 hanam
455 4337 548 4375 rerum
569 4321 666 4390 attigit
687 4321 772 4376 etiam
798 4320 1008 4376 Fritzschius
1035 4319 1110 4390 apud
1136 4319 1168 4375 G.
1193 4319 1382 4376 Hermannum

248 4411 347 4486 Opurc.
366 4413 392 4467 V
409 4432 435 4486 p.
455 4413 597 4482 8080010]
