3218 5094
286 317 349 380 610
669 332 715 380 ou
740 333 809 380 oso
832 333 877 380 ur
900 333 1041 383 oaronn.

1590 429 1591 464 ί

286 485 403 564 Ὠρίων
427 485 446 550 6
469 487 619 568 Θηβαῖοι,
643 506 737 568 quam
759 485 793 548 in
808 485 908 565 Ὠροε
930 487 949 550 6
973 487 1125 565 Μιλήειοε
1147 486 1265 549 mutari
1287 486 1388 570 Ὦρα(
1412 487 1432 552 6

286 596 426 674 Θηβαῑοε
454 595 565 678 verba,
586 617 694 684 'quem
727 593 765 658 ad
800 593 928 658 modum
961 595 1077 676 Ὠρίων
1110 597 1128 660 6
1158 597 1299 676 Θηβαῖοι
1332 597 1432 660 etiam

286 727 318 786 p.
344 704 414 787 108,
437 705 480 769 40
507 705 641 789 legitur,
672 707 705 768 et
726 727 757 788 p.
784 705 839 787 12,
863 705 903 768 31
928 705 1046 785 Ὠρίων
1075 707 1094 770 6
1121 706 1333 784 ἐτυμολόγοε;
1362 728 1432 770 sae·

286 814 358 896 pius
385 813 471 877 enim
498 815 677 878 accuratior
706 814 834 879 Orionis
863 813 1008 878 definitio
1036 815 1193 898 quaedam
1219 838 1285 879 non
1313 816 1431 900 reperi-

285 927 348 986 tur.
399 925 498 1008 Atqui
533 928 684 1009 quattuor
715 925 790 988 illae
818 945 912 988 voces
943 925 984 988 ab
1013 924 1141 989 Orionis
1169 925 1272 989 lexico
1299 926 1428 989 absunt.

285 1033 347 1116 Vt,
381 1035 456 1118 quid
489 1035 614 1099 consilii
647 1056 810 1118 caperem,
849 1034 1078 1118 propemodum
1111 1035 1329 1119 desperarem,
1366 1035 1430 1098 nisi

285 1145 499 1228 prosperrimo
537 1167 613 1209 casu
649 1146 775 1208 illarum
808 1145 942 1208 'tertiam
979 1145 1116 1230 (τελετή)
1154 1145 1251 1208 etiam
1287 1143 1430 1208 Zonaras

285 1277 317 1337 p.
344 1255 589 1337 insonaret,
618 1276 747 1338 prorsus
775 1255 901 1338 quidem
925 1276 1100 1339 congruam
1127 1260 1255 1338 praeter
1276 1255 1429 1338 importu-

285 1386 363 1427 num
385 1367 526 1445 Θηβαῖοι
548 1387 681 1445 nomen,
709 1387 767 1448 pro
795 1387 856 1448 quo
877 1365 998 1449 liquido
1020 1365 1190 1449 scriptum,
1221 1364 1302 1450 quod
1324 1366 1429 1448 ipsum

286 1475 533 1559 exoptabamus,
566 1477 725 1554 Μιλήαοε.
770 1473 886 1549 Quodsi
916 1476 957 1539 ab
985 1497 1022 1538 ea
1045 1497 1137 1558 voce,
1166 1497 1261 1559 quam
1283 1495 1360 1539 sane
1381 1477 1429 1539 ni-

287 1584 333 1647 hil
355 1584 713 1669 impediretquominus
735 1585 875 1667 potuisse
899 1585 1027 1650 Orionis
1050 1607 1118 1649 esse
1140 1589 1338 1670 putaremus,
1363 1607 1428 1650 cer·

283 1694 407 1757 tissimo
435 1695 618 1759 testimonio
645 1695 834 1758 Thebanum
862 1696 1052 1759 removimus
1086 1695 1232 1782 (mirifica
1263 1695 1349 1760 enim
1375 1695 1428 1759 Pi·

284 1804 366 1868 nedo
388 1805 511 1868 fallitur
532 1805 566 1868 in
590 1805 699 1888 Steph.
724 1803 802 1888 Byz.
825 1828 857 1888 p.
882 1806 946 1870 694
959 1807 1007 1891 b):
1030 1828 1107 1870 num
1129 1806 1264 1870 eundem
1287 1827 1427 1870 errorem

284 1914 499 1986 dubitabimus
520 1915 555 1978 in
577 1915 715 1998 reliquas
738 1915 816 1978 duas
844 1915 1036 2000 transferre,
1068 1915 1429 2001 ethnioographum

163 2033 175 2062 ⁴
285 2027 447 2086 auctorem
474 2027 586 2108 suapte
613 2028 730 2088 natura
752 2025 963 2089 testificantes
991 2029 1024 2089 et
1052 2027 1143 2110 quasi
1166 2025 1429 2090 conclamantes?

284 2133 374 2196 Nihil
402 2133 503 2217 igitur
531 2156 590 2196 nos
617 2134 809 2218 morabitur,
838 2135 920 2218 qnod
950 2158 1048 2199 unum
1075 2136 1258 2222 refragatur
1284 2135 1429 2200 Zonaras

285 2243 482 2326 exemplum,
506 2243 610 2328 magis
633 2245 730 2308 etiam
752 2243 830 2307 illud
845 2245 1065 2330 suspitiosum,
1089 2245 1172 2331 quod
1194 2269 1266 2310 cum
1288 2247 1429 2326 Θηβαῖοι

283 2374 401 2417 nomen
423 2376 488 2417 uno
509 2353 570 2418 hoc
592 2355 662 2418 loeo
684 2354 719 2418 in
742 2354 886 2419 Zonaras
908 2355 1010 2420 lexico
1033 2359 1153 2440 exstat,
1182 2359 1250 2420 tum
1278 2357 1348 2440 ipsa
1370 2377 1427 2436 μα-

283 2465 453 2547 νόφιιλλον
481 2486 541 2528 vox
564 2486 624 2528 nec
653 2465 688 2528 in
716 2465 909 2549 reliquorum
936 2466 1000 2530 ullo
1023 2465 1316 2550 Etymologicorum
1343 2465 1429 2530 redit

284 2577 316 2638 et
346 2573 491 2638 Zonarae
521 2575 620 2657 ipsius
648 2597 712 2638 uno
739 2575 913 2640 Dresdensi
942 2575 1049 2640 codice
1082 2575 1207 2659 prodita
1241 2580 1299 2640 est.
1345 2575 1428 2650 Qua·

284 2687 414 2767 propter
436 2685 486 2747 his
509 2687 595 2748 certe
617 2685 727 2768 paucis
754 2685 908 2769 exemplis
936 2687 1044 2750 nescio
1073 2709 1115 2750 an
1141 2709 1207 2750 non
1229 2686 1352 2750 librarii
1374 2686 1428 2750 lit-

283 2797 424 2857 terarum
445 2793 565 2858 formas
587 2795 687 2875 Ὠρο(
709 2799 741 2858 et
763 2797 878 2876 Ὠρίων
901 2797 1130 2880 permutarint,
1158 2797 1213 2860 sed
1235 2796 1298 2879 ipsi
1320 2817 1427 2880 gram·

285 2904 394 2966 malici
410 2904 510 2967 Orum
530 2907 563 2967 et
578 2904 730 2969 Orionem
749 2907 987 2990 grammaticos.
1023 2909 1130 2989 Atque
1150 2905 1234 2970 idem
1255 2906 1368 2969 cadere
1391 2907 1428 2969 in

233 3023 265 3070 ‘27
285 3013 474 3097 scriptorem
489 3013 721 3080 Ooislinianum
741 3037 870 3079 necesse
891 3019 939 3078 est
955 3017 1011 3097 §4
1032 3020 1252 3099 memoratum,
1277 3017 1318 3080 ab
1339 3017 1426 3080 illius

285 3123 368 3186 modi
384 3125 520 3187 fortasse
539 3125 708 3208 exemplis,
727 3127 833 3209 qualia
851 3127 945 3189 huius
962 3131 982 3207 ξ
999 3126 1092 3190 initio
1105 3127 1214 3210 posui,
1232 3127 1423 3209 profectum.

368 3235 430 3300 Sed
452 3257 551 3299 unum
580 3235 759 3319 exemplum
787 3239 850 3320 est,
879 3236 914 3299 in
942 3236 1025 3320 quod
1053 3259 1093 3300 ne
1122 3237 1201 3300 haec
1223 3235 1350 3320 quidem
1373 3257 1425 3300 ac·

285 3344 477 3409 commodari
500 3345 663 3410 excusatio
685 3349 806 3429 potest,
835 3345 944 3430 Etym.
968 3345 1011 3409 M.
1035 3368 1067 3428 p.
1093 3347 1170 3430 724,
1193 3347 1229 3410 4:
1260 3347 1425 3426 (πιλάδεε,

285 3457 315 3520 αἱ
337 3455 458 3537 ὕφαλοι
481 3458 609 3536 πέτραι,
637 3457 709 3522 οἷον
740 3458 939 3522 ἀποεπάδεε·
969 3457 988 3535 ἢ
1017 3455 1066 3520 ὅτι
1093 3457 1271 3535 μελαίνεται
1292 3457 1330 3521 τὸ
1353 3461 1426 3522 κατ’

284 3566 382 3630 αὐτὰ(
404 3568 518 3646 μέροε,
549 3568 647 3650 [παρὰ
674 3568 712 3631 τὸ
732 3571 860 3644 επῐλοε,
890 3568 909 3632 6
932 3567 1071 3646 (ημαίνει
1097 3569 1155 3632 τὸν
1177 3568 1282 3646 ῥύπον
1304 3565 1385 3630 adde
1408 3589 1425 3631 e

237 3725 244 3732 .
285 3676 366 3739 Oud.
396 3677 476 3759 509,
506 3676 556 3764 21,
587 3679 606 3757 ἢ
635 3677 710 3761 [ὅτι]
738 3679 975 3757 επηλυγγώδειε
1008 3676 1082 3742 είείν
1112 3678 1143 3741 αλ
1176 3681 1278 3742 κοῖλαι
1300 3679 1425 3758 πέτραι,

284 3788 371 3866 παρὰ
393 3789 430 3852 τὸ
460 3788 568 3852 cador.
612 3788 717 3851 οὕτω(
745 3787 869 3867 Ὠρίων.
913 3788 932 3851 6
960 3789 996 3851 δὲ
1018 3787 1134 3870 Ὠροε,
1163 3789 1251 3867 παρὰ
1277 3789 1315 3852 τὸ
1337 3789 1424 3853 λεπί-

284 3903 387 3963 ζεεθαι
411 3897 475 3960 ὑπὸ
498 3901 564 3962 τῶν
587 3898 735 3976 κυμάτων
757 3902 814 3976 τῆε
836 3897 1007 3977 θαλάεεηε,
1035 3897 1135 3962 οἱονεὶ
1157 3898 1245 3961 λεπί(
1266 3917 1311 3966 τι(
1335 3898 1424 3964 odra.

284 4005 426 4080 Ouocum
449 4007 671 4070 contendenda
693 4011 770 4070 sunt
791 4029 872 4090 quae
894 4029 926 4090 p.
942 4007 1016 4090 683,
1032 4007 1075 4072 35
1095 4007 1268 4070 traduntur
1288 4006 1328 4070 de
1344 4010 1425 4089 πόρ-

284 4138 339 4196 κηε
373 4139 464 4182 voce:
499 4119 587 4198 παρὰ
618 4119 656 4182 τὸ
684 4119 857 4198 περιέχειν·
890 4117 995 4182 οὕτωε
1023 4117 1130 4198 Ὠροε.
1180 4119 1198 4182 6
1229 4121 1265 4182 δὲ
1294 4118 1425 4198 Ὠρίων,

285 4226 350 4291 ἀπὸ
373 4233 430 4292 τοῦ
453 4231 562 4308 πείρω.
606 4226 702 4310 Apud
725 4227 877 4292 Orionem
903 4227 983 4292 haec
1011 4231 1138 4290 tantum
1166 4227 1270 4310 posita
1292 4249 1323 4310 p.
1350 4227 1423 4312 125,

284 4336 341 4399 31:
370 4338 506 4418 πόρκηε,
530 4339 548 4402 6
571 4339 753 4417 δακτύλιοι,
781 4340 868 4418 παρὰ
894 4339 931 4402 τὸ
954 4338 1121 4418 περιέχειν.
1164 4336 1334 4419 Quocirca,
1359 4338 1426 4404 nisi
