3218 5094
535 332 794 382 anouoaoorvn
818 333 1101 382 vrnnoaonnnsn.
1323 317 1383 381 581

243 487 345 572 praef.
382 488 443 551 vol.
471 487 488 550 I
520 509 553 570 p.
577 485 624 550 lX
653 509 700 570 sq.
729 486 813 550 idem
846 486 979 550 adeatur
1013 485 1179 551 Heersnus
1207 510 1240 570 p.
1273 485 1384 571 192*);

244 598 282 661 de
311 599 459 662 universo
486 601 594 662 autern
621 619 739 682 genere
773 597 1041 680 paroemiaco‚
1074 597 1157 682 quod
1189 596 1384 662 multimodis

245 710 418 793 cognatum
441 712 489 772 est
511 730 583 772 curn
605 730 642 772 eo
665 729 758 792 quem
780 730 839 770 nos
861 708 1070 772 tractavimus
1099 708 1185 791 loeo,
1219 730 1384 792 speramus

242 819 312 884 fore
344 821 381 883 ui
418 819 596 884 luculenter
629 817 863 884 Schneidewini
897 817 1002 882 surdio
1035 819 1232 883 edoceamur.
1290 817 1384 906 [Edo-

243 929 369 1014 cuilque
392 930 446 994 ille
468 931 502 994 in
525 930 726 1014 praefatione
748 928 892 1013 ‘Corpori
908 928 1270 1016 Paroemiographorum
1292 951 1384 1014 grae·
1424 985 1426 989 .

243 1047 362 1104 corum'
387 1062 406 1104 a
428 1062 496 1104 sese
519 1040 749 1124 Leulsehioque
772 1061 828 1104 suo
851 1040 936 1104 edito
959 1063 988 1103 a.
1016 1040 1097 1105 1839
1119 1040 1318 1128 praemissa]

327 1149 444 1227 Quodsi
468 1173 506 1214 ex
528 1154 632 1235 lanta,
656 1153 810 1235 quautam
833 1173 850 1214 c
872 1149 1116 1216 Vindobonensi
1139 1150 1246 1215 codice
1269 1173 1382 1236 propo-

242 1262 371 1344 suimus,
397 1265 638 1346 praeceptorum
660 1261 865 1325 mullitudine
888 1284 986 1326 unum
1009 1261 1114 1346 vobis,
1139 1262 1380 1346 commilitonem

243 1371 528 1439 commendandum
550 1373 593 1437 sil
614 1375 742 1456 praeter
764 1375 887 1456 celera,
911 1395 977 1436 non
1000 1372 1180 1438 invenimus
1202 1373 1286 1457 quod
1308 1373 1382 1438 huic

241 1484 310 1547 loco
340 1483 445 1566 aplius
474 1483 529 1546 illo
551 1483 600 1554 ait
625 1483 790 1567 praeclare
818 1483 1041 1566 pronuntiatu:
1079 1483 1110 1548 ol
1138 1486 1383 1564 πεπαιδευμένοι

241 1595 337 1660 τότον
358 1595 545 1676 διαφέροντι
567 1599 632 1659 τῶν
655 1593 870 1674 ἀπαιδεύτων,
899 1594 977 1658 ὅτον
1000 1595 1073 1659 θεὸτ
1096 1599 1163 1660 τῶν
1186 1595 1380 1675 ἀνθρώπων,

241 1705 290 1768 vel
313 1726 393 1788 quae
418 1704 601 1768 Aristotelis
629 1705 726 1768 verba
754 1707 830 1768 sunl
858 1703 935 1770 δεον
959 1704 989 1769 οἱ
1011 1708 1130 1770 ζῶντε(
1157 1711 1224 1771 τῶν
1246 1707 1381 1772 τεθνεώ-

240 1836 317 1880 των.
349 1815 481 1890 Quodsi
506 1815 612 1878 animo
635 1814 823 1900 impressum
840 1817 872 1878 el
886 1817 1050 1898 tamquam
1074 1815 1270 1898 insculptum
1292 1819 1380 1880 lene-

240 1923 327 2007 bilis,
350 1945 416 1988 non
439 1947 584 1989 veremur
605 1946 646 1988 ne
668 1947 706 1988 ex
722 1926 777 2008 eis,
802 1946 935 2009 quarum
956 1925 1021 1988 iam
1044 1925 1133 1990 vobis
1155 1925 1294 1990 indicem
1316 1929 1380 1990 lra-

240 2035 359 2118 dimus,
394 2035 511 2100 scholis
539 2057 605 2099 non
637 2035 842 2119 pulcherrimi
876 2035 999 2100 fructus
1022 2035 1061 2099 ad
1090 2057 1146 2100 vos
1174 2036 1241 2100 sint
1267 2037 1380 2101 redun-

239 2144 356 2210 daturi.

306 2367 330 2432 ¹⁸)
350 2367 401 2435 [De
418 2367 461 2420 his
479 2367 535 2421 eive
548 2367 730 2422 Democrihcis
748 2367 805 2422 sive
819 2367 1009 2422 Democraheis
1028 2368 1091 2422 vide
1109 2386 1182 2422 nunc
1198 2368 1377 2422 Mullachium

238 2459 349 2528 Fragm.
369 2459 525 2530 philosoph.
546 2477 588 2530 gr.
612 2461 710 2528 (Paris.
729 2479 754 2516 a.
775 2464 853 2528 1860)
871 2480 898 2530 p.
917 2467 966 2518 399
985 2463 1057 2530 sqq.]
