3218 5094
274 380 336 446 668
658 399 706 448 nn
728 400 798 448 oso
821 401 866 447 au
889 400 1031 449 caicus.

275 553 429 636 gumenta
450 553 618 636 petantur,
646 574 727 636 quae
755 574 820 618 non
843 553 944 618 libera
972 557 1047 618 sunt
1068 553 1284 640 dubitatione,
1314 555 1416 620 subsi-

275 660 423 725 stendum
449 660 484 726 in
506 661 646 746 priorum
668 663 849 727 litterarum
875 655 980 748 priore
1002 685 1125 748 quoque
1153 686 1267 728 vocum
1291 665 1414 749 ordine,

275 771 484 854 posteriorum
506 776 613 837 autem
635 772 680 837 eis
703 772 847 856 vocibus,
872 796 950 858 quas
971 774 1007 838 in
1029 773 1164 838 Eudemi
1186 776 1288 840 lexico
1309 775 1414 840 rheto

275 881 341 945 rico
372 881 438 968 legi
465 871 604 947 Bekkeri
631 883 671 946 ad
700 885 895 963 (υναγωγήν
929 883 1095 949 adnotatio
1127 885 1272 950 testetur.
1323 883 1414 951 Haec

275 995 382 1056 autem
404 1015 484 1076 quae
508 997 595 1057 certa
617 997 707 1077 sunt,
741 994 894 1077 quoniam
920 1015 984 1058 una
1008 1017 1079 1059 cum
1101 994 1272 1078 Execrptis
1293 994 1414 1060 Vindo-

274 1101 469 1167 bonensibus
492 1103 576 1186 apud
603 1102 762 1168 Suidam
791 1107 906 1168 cuncta
934 1108 1078 1187 exstant,
1113 1105 1317 1190 consequitur
1347 1127 1413 1170 non

275 1213 315 1276 ab
343 1213 430 1276 omni
456 1217 549 1296 parte
575 1235 686 1296 verum
708 1236 776 1278 esse
798 1213 1005 1278 Valckenarii
1032 1213 1071 1278 de
1099 1221 1205 1280 Indice
1231 1222 1413 1295 serapionem

273 1325 389 1387 Saldae
412 1331 553 1403 praefixo
575 1322 741 1408 iudicium,
771 1323 820 1388 his
842 1323 1005 1407 proditum
1027 1324 1235 1389 adnotatione
1256 1325 1291 1389 in
1313 1324 1413 1393 Theo-

275 1432 346 1496 criti
369 1432 525 1497 Adoniaz.
548 1455 579 1516 p.
603 1433 665 1497 297
688 1438 729 1498 A:
766 1445 814 1514 at,
845 1441 920 1513 quid
944 1441 1086 1514 sentiam,
1114 1442 1228 1514 paucis
1249 1441 1411 1514 declarem,

273 1545 400 1607 sardam
428 1565 483 1622 eqo
510 1550 629 1622 quidem
657 1550 759 1610 iudico
783 1550 899 1610 nullum
927 1550 1035 1609 vidisse
1056 1549 1251 1623 Lexicorum,
1282 1553 1412 1625 quaein

270 1657 377 1730 fronte
402 1659 476 1718 libri
501 1667 714 1718 memorantur.
759 1654 817 1720 Oui
849 1654 946 1718 affine
975 1657 1039 1737 cst,
1073 1654 1155 1738 quod
1189 1653 1344 1738 Hesychii
1371 1661 1416 1718 ad

273 1765 432 1841 Ezdoqr'um
453 1770 611 1844 epistolem
634 1785 699 1828 una
722 1786 794 1828 cum
814 1764 972 1849 Appionis
996 1766 1028 1828 et
1043 1763 1208 1828 Heliodori
1230 1765 1412 1830 nominibus

274 1873 315 1935 ab
337 1873 478 1937 eiusdem
506 1873 592 1937 illius
613 1872 821 1938 Valckenarii
844 1872 1066 1938 criminatione
1095 1874 1140 1959 (p.
1163 1873 1227 1939 299
1249 1875 1292 1958 Β)
1315 1874 1412 1956 felici,

273 1985 310 2044 ut
341 1981 421 2045 mihi
453 2003 639 2064 persuasum
672 1987 735 2066 est,
771 2003 918 2047 successu
949 1981 1095 2048 Ranlrius
1128 1983 1314 2048 vindicavit.
1364 1983 1413 2048 De

274 2079 417 2155 Eudbmo
461 2094 568 2155 autem
606 2091 689 2175 quod
727 2093 769 2156 ab
802 2093 890 2156 omni
927 2096 1019 2177 parte
1058 2097 1179 2158 certum
1217 2096 1280 2172 est,
1331 2115 1413 2158 novo

274 2200 350 2264 licet
372 2205 562 2286 argumento
583 2203 643 2266 hoc
666 2201 828 2266 declarare
851 2203 950 2287 quod,
975 2225 1055 2288 quae
1081 2206 1231 2288 quattuor
1256 2225 1412 2288 prover-

223 2330 255 2377 su
273 2311 338 2375 bia
373 2311 414 2374 ab
441 2310 584 2376 Eudemo
611 2315 752 2377 tractata
779 2334 847 2378 esse
873 2312 1012 2377 Michael
1037 2313 1223 2396 Apostolius
1249 2313 1413 2398 signifieat

274 2422 374 2504 per.
394 2422 462 2487 108.
489 2423 558 2487 114.
583 2422 645 2488 258
661 2445 707 2506 sq.
733 2423 775 2508 [p.
793 2423 866 2488 339.
883 2423 956 2487 425.
980 2423 1053 2488 507.
1079 2423 1140 2487 716
1163 2423 1212 2488 cd.
1235 2421 1412 2512 Leutsch.],

274 2553 312 2595 ea
340 2554 411 2596 erun
439 2531 573 2596 Eudemi
602 2533 806 2597 enarratione
834 2532 952 2616 partim
979 2533 1143 2616 mutilata,
1181 2535 1301 2616 partim
1332 2533 1414 2598 inte·

274 2643 379 2727 griore
411 2641 496 2706 idem
533 2642 588 2706 ille
627 2643 766 2726 suscepit
805 2641 919 2708 Suidas
957 2665 987 2708 v.
1017 2647 1098 2727 γαλῇ
1140 2645 1254 2726 χιτών,
1289 2643 1413 2720 εὐγενέ-

274 2772 383 2832 (τεροε
413 2753 552 2834 Κόδρου,
582 2754 718 2834 Λιβυκὸν
746 2754 874 2834 θηρίον,
908 2753 1106 2833 convocent
1140 2749 1284 2839 [quorum
1312 2754 1413 2817 altero

274 2865 306 2925 et
332 2863 445 2944 quarto
472 2881 513 2924 ne
542 2883 660 2925 nomeu
685 2861 813 2946 quidem
838 2861 973 2926 Eudemi
1001 2861 1221 2951 desideratur]¹
1274 2861 1413 2938 Quorum

274 2969 421 3033 ultimum
442 2973 570 3034 tantum
592 2971 722 3035 transiit
743 2972 988 3052 ἱ11(υναγωγήν
1010 2994 1042 3055 p.
1060 2973 1133 3055 409,
1157 2971 1200 3036 29
1222 2971 1355 3036 Baohm.
1371 3011 1415 3023 -

275 3079 336 3144 Sed
367 3079 405 3144 de
440 3079 570 3165 reliquis
602 3067 739 3165 practer
759 3081 937 3146 Eudemum
968 3080 1084 3146 Suidae
1116 3081 1260 3146 fontibus
1293 3083 1328 3147 in
1360 3081 1413 3146 In-

274 3189 344 3253 dice
365 3189 420 3253 illo
442 3189 572 3274 positis,
596 3190 760 3276 Eugenio,
789 3191 954 3274 Helladio,
978 3192 1119 3274 Zosimo,
1149 3190 1303 3276 Caecilio,
1331 3193 1413 3256 Lon-

274 3300 352 3384 gino
379 3299 503 3383 Cassi0,
527 3299 686 3384 Luperco,
720 3300 872 3384 Vestino,
903 3301 1023 3365 Pacato
1052 3301 1117 3366 sive
1143 3301 1292 3385 Irenaeo,
1320 3301 1413 3366 Pam·

274 3409 378 3492 philo,
402 3409 547 3474 Pollione
569 3410 643 3494 quid
666 3411 871 3475 statuendum
893 3411 950 3492 sit,
980 3433 1047 3475 non
1069 3414 1174 3495 potest
1195 3412 1259 3476 nisi
1280 3433 1414 3496 operosa

274 3519 545 3604 pervestigatione
573 3519 738 3605 indagari:
780 3542 876 3604 quam
909 3524 1019 3585 tamen
1052 3525 1183 3605 propter
1209 3521 1414 3606 Pamphilum

274 3650 341 3694 non
374 3629 512 3694 debebat
539 3629 684 3694 Raukius
718 3630 968 3714 perhorrescere.
1014 3629 1083 3696 Nec
1112 3635 1188 3695 ante
1210 3631 1413 3696 exanclatam

274 3737 364 3803 illam
390 3759 521 3823 operam
548 3739 689 3804 iudicare
715 3739 793 3820 illud
821 3740 897 3804 licet
924 3740 1017 3825 quale
1051 3741 1108 3824 sit,
1137 3741 1226 3824 ¹quod
1255 3761 1272 3804 c
1299 3740 1413 3804 lexico·

274 3849 407 3934 graphia
434 3849 475 3913 ab
503 3849 573 3932 ipso
596 3849 694 3915 Suida
722 3849 905 3914 memoratis
931 3849 1026 3914 unius
1049 3850 1214 3915 Orionis
1235 3850 1372 3914 lexieum
1394 3871 1414 3913 a

274 3959 415 4043 praefixo
437 3959 628 4042 scriptorum
656 3959 761 4023 indice
784 3959 890 4024 abest:
927 3959 967 4023 de
988 3981 1051 4044 quo
1072 3958 1305 4042 Valckenarius
1333 3959 1415 4023 dixit

274 4091 306 4153 p.
330 4068 392 4133 298
415 4073 453 4132 B.
477 4107 519 4118 —
541 4067 706 4133 Postremo
723 4069 883 4134 Eudemus
905 4091 969 4154 qua
991 4071 1096 4135 aetate
1119 4069 1235 4134 vixisse
1256 4069 1412 4153 videatur,

275 4201 312 4242 ca
334 4178 387 4242 via
409 4179 614 4263 patefaciam,
638 4201 734 4265 quam
756 4203 787 4264 p.
814 4182 850 4244 11
877 4179 1132 4244 commendatam
1153 4179 1215 4264 ipsi
1237 4178 1303 4244 Oro
1325 4178 1414 4242 adhi-

274 4287 338 4350 bui.
383 4288 487 4373 Igitur
517 4310 589 4353 cum
617 4289 652 4352 iu
687 4289 897 4354 excitatorum
924 4289 1181 4354 testimoniorum
1207 4287 1415 4353 multitudiue

274 4417 339 4458 nou
363 4396 512 4462 mediocri
535 4401 645 4462 tamen
667 4399 836 4464 Aeliano
863 4400 1073 4464 recentiorem
1100 4399 1289 4483 scriptorem
1310 4395 1415 4462 Eude-
