3254 5092
615 353 651 398 ιν
674 353 957 400 κατοκονπκκιιιι.
1290 335 1353 400 209

214 508 313 571 αὐτόν
337 505 560 582 άπατήςαντες.
605 506 700 569 Ἀλλά
724 505 838 583 ῥητέον
861 505 910 568 καὶ
938 505 968 568 τί
988 511 1034 588 τῷ
1065 505 1122 589 βίῳ
1144 509 1244 568 ταῦτα
1271 507 1353 568 λυςι-
1374 517 1421 564 120

215 728 313 789 λικοῑς
335 726 371 788 δέ
393 724 550 788 τοιούτοις
573 723 603 786 οἱ
626 725 753 802 ςάτυροι
776 723 994 800 καθηδύνουςι.
1029 725 1148 802 λυρικοὶ
1170 726 1223 802 δἐ,
1250 725 1282 786 οἳ
1303 725 1353 787 καὶ

214 836 356 898 κυκλικοὶ
383 835 431 897 καὶ
459 834 659 914 διθύραμβοι,
688 835 707 911 ἢ
737 835 839 916 ᾔνουν
868 833 1072 897 κυδαίνοντες
1095 833 1231 910 ἀθλητὰς
1255 834 1353 908 ἀγῶςι

191 948 373 1008 τνικῶντας
406 945 425 1020 ἢ
459 943 580 1021 ὕμνουν
613 943 775 1007 Διόνυςον
809 944 828 1020 ἢ
863 943 913 1005 καὶ
948 943 1077 1020 ἑτέρους
1115 943 1217 1006 θεούς.
1271 942 1354 1004 Ἐπεὶ

215 1058 354 1117 τοςαῦτα
384 1058 495 1133 ςαφῶς
524 1053 597 1131 ἡμῖν
626 1053 677 1116 καὶ
705 1052 868 1128 ςυντόμως
901 1051 1032 1130 ἐρρήθη,
1066 1052 1146 1130 φέρε
1180 1052 1230 1115 καὶ
1262 1050 1353 1113 όπως
1420 1095 1421 1100 1

215 1167 315 1227 ταῦτα
337 1165 376 1227 τὰ
398 1163 540 1241 δράματα
562 1163 759 1238 ἐδιδάςκετο,
775 1163 941 1226 διδακτέον
962 1181 1023 1240 μοι.

299 1273 330 1336 4.
361 1273 501 1350 Πρῶτον
529 1274 587 1350 μὲν
614 1272 649 1335 ἐν
679 1273 796 1356 ἐαρινῷ
824 1277 922 1354 καιρῷ
957 1272 1221 1335 πολυαναλῶτοις
1252 1271 1353 1334 δαπά-

216 1402 284 1447 ναις
308 1382 583 1458 κατεςκευάζετοὴ
607 1383 702 1458 ςκηνὴ
718 1381 913 1460 τριωρόφοις
929 1381 1168 1458 οἰκοδομήμαςι,
1190 1382 1352 1443 πεποικιλ-

179 1512 203 1548 10
216 1493 293 1570 μένη
316 1491 574 1570 παραπετάςμαςι
590 1491 639 1553 καὶ
663 1489 793 1553 ὀθόναις
816 1492 941 1553 λευκαῖς
957 1491 1006 1553 καὶ
1028 1488 1203 1567 μελαίναις,
1228 1489 1353 1568 βύρςαις

214 1621 248 1665 τε
264 1601 477 1675 παταγούςαις
493 1600 542 1663 καὶ
558 1599 782 1682 χειροτινάκτῳ
798 1601 882 1677 πυρὶ,
899 1598 1050 1676 ὀρύγμαςί
1065 1619 1099 1661 τε
1115 1598 1353 1672 καταγαίοιςκαὶ

215 1710 400 1789 όπογαίοις,
423 1711 472 1772 καὶ
487 1709 616 1773 ὑδάτων
637 1711 822 1786 δεξαμεναῑς
837 1707 881 1771 είς
900 1707 1002 1770 τύπον
1022 1707 1176 1784 θαλάςςης
1194 1708 1354 1788 ταρτάρου

216 1821 297 1901 ᾅδου
318 1823 485 1899 κεραυνῶν
506 1820 555 1882 καὶ
577 1821 736 1898 βροντῶν,
756 1822 815 1894 γῆς
836 1817 885 1879 καὶ
907 1816 1038 1892 νυκτὸς,
1062 1815 1216 1894 ούρανοῦ,
1238 1817 1355 1894 ἡμέρας

203 1931 267 2008 Ικαὶ
289 1928 478 2007 ἀνακτόρων
501 1929 551 1992 καὶ
578 1928 711 1991 πάντων
740 1926 865 1990 ἁπλῶς·
893 1926 993 1989 αὐλάς
1015 1946 1049 1990 τε
1072 1925 1112 1989 οὐ
1134 1927 1243 2005 μικράς
1268 1926 1354 2004 εἶχεν

180 2059 205 2096 ιι
219 2039 457 2116 ἐξειργαςμένας
478 2038 529 2101 καὶ
551 2037 669 2115 ἀψῖδας
692 2036 735 2100 εἰς
764 2036 868 2100 τύπον
898 2036 993 2100 ὁδῶν.
1037 2036 1103 2099 Διὰ
1125 2038 1182 2114 μὲν
1206 2035 1266 2100 οῦν
1288 2036 1355 2115 άρι-

217 2151 326 2227 ςτερᾶς
349 2147 466 2226 ἀψῖδας
488 2146 645 2224 ἐχώρουν,
668 2147 708 2210 ἂν
732 2146 776 2211 ῶς
799 2146 834 2209 ἐκ
856 2146 984 2210 πόλεως
1012 2144 1090 2223 ἦςαν
1115 2146 1287 2210 ὁδεύοντες
1310 2146 1354 2208 ῶς

217 2258 297 2334 πρός
320 2257 441 2334 ἀγροὺς
463 2256 513 2318 καί
535 2256 665 2334 θέατρα·
690 2256 730 2320 ἂν
752 2257 788 2319 δὲ
810 2256 893 2334 πρὸς
915 2255 1011 2318 πόλιν
1035 2255 1080 2318 ῶς
1108 2255 1142 2318 ἐκ
1169 2255 1313 2334 θεάτρων
1335 2256 1354 2332 ἢ

217 2366 270 2429 ἀπ’
293 2367 404 2444 ἀγροῦ,
427 2365 479 2428 διὰ
501 2367 612 2430 δεξιάς.
657 2366 797 2428 Τοιαῦτα
818 2365 874 2442 μέν
898 2365 918 2440 ἡ
940 2368 995 2441 τῆς
1018 2367 1132 2441 ςκηνῆς
1155 2365 1290 2443 ἐργαςία.

293 2475 323 2538 5.
341 2476 388 2539 Τὰ
400 2473 527 2553 ςκηνικὰ
543 2475 570 2538 δ’
586 2473 640 2537 ἀπ’
652 2474 748 2550 αὐτῆς
763 2474 946 2551 καλούμενα
960 2465 1103 2551 δράματα
1117 2475 1167 2536 καὶ
1178 2477 1355 2552 πρακτικῶς

180 2602 205 2639 ²0
218 2585 355 2648 ἐτελεῖτο
378 2585 428 2647 καὶ
450 2586 594 2657 λογικῶς.
631 2583 776 2647 (ύςταςις
798 2585 833 2646 δέ
855 2583 981 2647 τούτων
997 2582 1119 2662 ὑπῆρχε
1141 2583 1180 2646 τὰ
1195 2586 1261 2645 τῶν
1278 2581 1355 2645 ὑπο-

217 2698 333 2773 κριτῶν
348 2696 520 2771 πρόςωπα·
542 2692 701 2770 πρόςωπα
724 2693 758 2756 δὲ
780 2695 847 2754 τοῖς
870 2693 926 2768 μὲν
942 2694 1099 2768 τραγικοῖς
1114 2693 1165 2754 καὶ
1179 2694 1355 2770 ςατυρικοῑς

218 2803 280 2866 ἀνὰ
303 2805 412 2867 δεκαέξ
434 2801 527 2880 ἦςαν·
550 2802 568 2865 δ
591 2803 728 2880 κωμικὸς
750 2801 785 2863 δέ
811 2799 897 2878 εἶχεν
919 2785 969 2864 κδ·
999 2800 1198 2879 ἃπρόςωπα
1226 2801 1355 2880 ὑποκρι-

217 2913 286 2975 τικὰ
314 2919 381 2976 τῶν
410 2916 509 2990 τριῶν
538 2915 691 2989 ςκηνικῶν
719 2910 917 2987 ποιημάτων,
944 2910 984 2972 τά
1011 2909 1110 2973 οἰκεῖα
1136 2916 1182 2993 τῷ
1209 2911 1282 2974 καθ’
1309 2910 1355 2974 ἑνὶ

218 3022 326 3085 αὐτῶν
359 3023 409 3084 καὶ
432 3021 548 3103 οἰκείῳ
580 3020 794 3099 ἠθροιςμένως
827 3040 856 3082 τι
889 3022 1033 3096 δρῶντα,
1071 3019 1170 3097 χορὸς
1202 3019 1353 3083 ἐκαλεῖτο.

181 3149 205 3186 τι
218 3132 396 3209 Διαιρεθεὶς
412 3133 447 3195 δέ
469 3130 487 3194 ό
503 3130 602 3210 χορὸς
617 3129 660 3193 εἰς
676 3131 732 3206 μὲν
748 3130 889 3207 τμήματα
903 3127 974 3203 δύο,
996 3127 1142 3206 ἡμιχόρια
1158 3128 1355 3207 ὠνομάζετο,

218 3245 477 3318 παραχρηςτικῶς
505 3241 540 3302 δὲ
569 3239 618 3302 καὶ
645 3240 756 3317 χορός·
791 3237 817 3301 εί
845 3238 881 3300 δὲ
909 3236 953 3300 είς
981 3236 1040 3299 ἕνα
1067 3236 1124 3301 ἕνα
1156 3239 1271 3316 ἐτμήθη
1307 3241 1357 3303 καί

219 3351 357 3428 μερικὸν,
373 3349 539 3427 ὑποκριταὶ
554 3347 665 3410 ἁπλῶς
681 3349 856 3411 ἐκαλοῦντο
872 3351 970 3428 κοινῷ
985 3351 1031 3430 τῷ
1045 3345 1187 3424 ὀνόματι,
1203 3349 1302 3412 διὰτὸ
1315 3351 1355 3426 μὴ

219 3459 368 3523 δύναςθαι
383 3463 437 3540 μιᾷ
459 3457 562 3534 κλήςει
584 3459 832 3537 περιληφθῆναι,
849 3455 927 3519 ῶςό
948 3456 1048 3534 χορὸς
1070 3456 1120 3518 καὶ
1141 3456 1180 3520 τὰ
1202 3457 1356 3536 ἡμιχόρια.

219 3570 429 3645 Διαιροῦνται
450 3568 511 3645 γὰρ
534 3567 573 3631 τὰ
596 3567 704 3645 μερικὰ
726 3569 825 3629 ταῦτα
840 3564 884 3628 εἰς
906 3565 1004 3636 πόςα;
1027 3565 1071 3629 είς
1092 3565 1356 3642 προλογίῑοντας,

183 3698 207 3736 ω
222 3677 263 3740 εἰς
286 3676 436 3752 ἄγγελον,
463 3675 506 3740 εἰς
529 3676 711 3751 ἐξάγγελον,
734 3674 777 3738 είς
799 3677 1033 3752 καταςκόπους,
1061 3675 1104 3738 είς
1126 3675 1288 3754 φύλακας,
1313 3675 1356 3738 εἰς

219 3785 343 3865 ἥρωας,
367 3785 411 3850 εἰς
432 3786 543 3863 θεοὺς,
565 3785 608 3849 εἰς
623 3784 705 3847 ἄλλα
720 3784 821 3863 μυρία.
851 3784 984 3848 Τούτων
1000 3783 1060 3848 οῦν
1081 3788 1147 3849 τῶν
1169 3783 1356 3860 προςῶπων
1377 3791 1421 3838 1⁶21

219 3895 256 3958 τό
288 3895 368 3958 όλον
401 3893 569 3972 όίθροιςμα,
604 3895 622 3956 ὃ
656 3896 706 3958 καὶ
739 3895 837 3972 χορός
871 3893 1025 3970 ἐκαλεῖτο,
1059 3893 1198 3956 εἰςελθὸν
1228 3893 1269 3955 εἰς
1297 3895 1356 3972 τὴν

221 4003 409 4082 όρχήςτραν,
430 4005 470 4082 ἣν
494 4004 618 4084 ἐφαςαν
640 4005 689 4067 καὶ
712 4006 840 4093 λογεῖον
863 4039 903 4050 —-
920 4004 977 4080 τὴν
996 4004 1032 4065 δέ
1052 4001 1218 4067 εἰςέλευςιν
1239 4002 1354 4080 ταύτην

330 4149 342 4174 Ι

222 4179 421 4186 --Μ--ῌ--ι-

286 4267 427 4320 ῦτέοοά.
481 4274 504 4321 3.
519 4267 545 4321 οἱ
558 4263 617 4320 cod.
674 4267 707 4336 [9.
721 4265 927 4334 οίκοδωμήμαςι
940 4263 1011 4336 cod]
1067 4269 1104 4317 14.
1118 4263 1282 4330 ἀνακτόροις
1297 4264 1356 4318 cod.

221 4355 271 4424 [26.
290 4361 339 4412 ἕνα
357 4362 423 4411 καθ’
441 4361 508 4413 ἕναθ
542 4359 572 4412 F.
592 4361 634 4428 R.)

273 4461 318 4498 θα.
339 4461 500 4497 amenum
522 4463 669 4497 υτυευςῐικ
690 4465 707 4502 ι,
1117 4446 1156 4507 14
