3270 5094
248 371 312 436 374
604 387 651 433 un
676 387 847 435 anscnrm
870 385 1038 434 vaasmvs

249 540 362 604 horum
390 539 532 604 omnium
562 540 831 604 constructionem
858 537 1011 622 pervidit:
1039 536 1252 621 improbanda
1283 539 1390 600 autem

251 672 322 714 cum
345 650 408 714 alia
430 653 498 714 tum
520 649 598 713 illud
605 701 614 733 ‚
639 650 721 734 quod
743 672 809 714 non
824 649 929 714 minus
951 649 1096 732 profecto
1112 648 1293 724 ταυτολόγα
1315 649 1391 710 sunt

250 761 380 841 πρόναα
402 763 435 824 et
455 761 648 840 δουρίπηχθ’
670 761 781 836 ἁγνοῖς
803 761 914 839 δόμοις
942 781 1037 843 quam
1060 759 1144 842 apud
1167 757 1391 822 Hermanuum

251 870 513 954 Dindorfiumque
541 877 568 936 b.
593 871 703 947 ἁγνοῖς
725 871 835 949 δόμοις
858 873 891 934 et
912 871 976 950 πρὸ
998 873 1088 935 ναῶν
1116 868 1224 932 verba.
1268 866 1391 931 Rursus

251 983 358 1044 autem
394 1001 466 1045 cum
501 980 569 1044 solo
601 979 767 1044 Dindorfio
800 979 936 1044 alterum
967 980 1180 1056 ταυτολογίας
1212 977 1391 1061 exemplum

251 1090 427 1175 participat
455 1090 552 1153 etiam
579 1090 685 1154 minus
711 1089 895 1172 tolerabile,
930 1088 1013 1173 quod
1042 1089 1183 1153 cernitur
1204 1088 1239 1152 in
1262 1089 1392 1168 λάφυρα

251 1203 341 1284 δᾴων
365 1204 397 1263 et
418 1201 584 1278 πολεμίων
612 1201 768 1278 ἐςθήμοιτα
790 1199 968 1263 vocabulis:
1006 1199 1067 1264 sibi
1095 1202 1202 1263 autem
1229 1198 1392 1283 propriam

252 1309 337 1374 hanc
360 1310 503 1393 culpam,
532 1309 615 1392 quod
637 1309 768 1373 minime
791 1309 955 1394 vulgarem
978 1312 1085 1390 ςτέψω
1109 1309 1196 1373 vocis
1218 1331 1310 1372 usum
1332 1307 1392 1372 sibi

252 1420 412 1504 persuasit
432 1419 657 1502 interpolatori
679 1418 797 1484 deberi.
843 1418 912 1494 Quo
934 1419 1058 1484 accedit
1080 1420 1163 1504 quod
1184 1439 1314 1502 prorsus
1335 1418 1393 1481 im-

223 1594 227 1600 .
253 1531 367 1594 merito
398 1529 492 1594 nobis
520 1529 646 1594 videtur
668 1529 746 1592 illud
773 1528 809 1592 in
830 1528 1018 1593 Hermanno
1047 1529 1225 1612 criminari,
1255 1528 1337 1612 quod
1365 1528 1393 1591 is

253 1663 319 1705 non
352 1640 484 1704 ferenda
516 1639 649 1703 libidine
682 1638 746 1702 clia
774 1661 812 1702 ex
840 1639 912 1703 aliis
940 1639 1077 1704 Medicei
1105 1639 1222 1703 codicis
1250 1638 1393 1702 versibus

254 1754 401 1834 suscepta
422 1751 457 1814 in
479 1771 578 1814 unum
601 1749 786 1813 contulerit:
814 1749 906 1833 quasi
928 1772 994 1814 non
1016 1750 1113 1833 longe
1134 1747 1394 1833 frequentissimo

253 1883 312 1924 usu
333 1859 394 1925 hoe
420 1861 525 1943 ipsum
553 1859 697 1941 eveniat,
730 1862 767 1921 ut
789 1858 966 1942 promiscue
994 1859 1029 1923 in
1052 1859 1212 1924 codicibus
1236 1857 1393 1944 congluti-

254 1969 340 2034 natis
368 1969 557 2052 scriptorum
585 1968 912 2052 interpolatorumque
940 1969 1044 2033 verbis
1072 1969 1152 2033 illud
1180 1991 1278 2032 unum
1306 1989 1394 2051 spec-

255 2079 389 2143 tandum
415 2079 474 2162 sit,
509 2081 545 2142 ut
572 2076 645 2162 quid
675 2081 788 2160 suapte
814 2082 931 2143 natura
960 2079 1096 2164 dignum
1128 2099 1197 2143 esse
1227 2079 1393 2161 scriptore,

255 2189 331 2274 quid
363 2209 474 2271 sapere
507 2189 715 2274 interpretem
748 2187 908 2270 videatur,
945 2189 1066 2252 acriore
1098 2189 1214 2254 iudicio
1247 2187 1395 2270 dispicia-

255 2323 333 2365 mus.
377 2298 472 2363 Hanc
499 2298 600 2383 igitur
627 2320 771 2362 normam
799 2298 900 2362 secuti
928 2299 1064 2382 primum
1092 2301 1156 2380 πρὸ
1179 2304 1270 2364 ναῶν
1297 2298 1395 2361 inter-

255 2412 490 2495 pretamentum
520 2429 588 2473 esse
616 2409 744 2473 illorum
773 2429 853 2492 quae
883 2411 958 2471 suut
986 2410 1177 2489 δουρίπηχθ’
1202 2409 1313 2485 ἁγνοῖς
1343 2409 1395 2472 δό-

255 2542 326 2601 μοις
349 2519 610 2603 pronuntiamus:
633 2517 747 2582 deinde
764 2519 927 2597 πολεμίων
950 2517 1272 2602 interpretamentum
1293 2519 1395 2583 buirus

257 2630 410 2694 nominis:
454 2633 566 2693 contra
607 2649 673 2691 non
710 2628 911 2692 concedimus
948 2629 1083 2693 eandem
1124 2629 1282 2693 rationem
1327 2649 1396 2691 esse

257 2741 413 2820 ἐςθήματα
436 2741 468 2802 et
495 2739 625 2818 λάφυρα
650 2739 827 2810 notionum.
872 2737 957 2803 Nam
986 2740 1045 2803 etsi
1073 2739 1152 2804 illud
1174 2738 1302 2822 quidem
1328 2736 1397 2800 fere

258 2850 417 2934 poeticum
444 2850 569 2912 tantum
594 2850 658 2932 est,
688 2850 722 2912 at
748 2849 809 2912 hoc
837 2870 897 2913 nec
924 2850 1163 2934 frequentatum
1189 2869 1304 2932 prosae
1326 2869 1396 2911 ora·

257 2959 354 3023 tionis
386 2957 593 3041 scriptoribus
626 2979 686 3021 nec
719 2959 760 3022 ab
791 2959 869 3043 ipsis
902 2959 1035 3043 tragicis
1068 2960 1171 3043 poetis
1204 2959 1269 3023 ullo
1301 2942 1397 3041 pacto
1475 2987 1478 2992 ·

155 3109 159 3115 -
259 3069 398 3132 alienum
433 3067 588 3132 novimus.
643 3066 741 3132 Velut
776 3069 811 3132 in
847 3069 958 3133 eadem
995 3090 1122 3152 prorsus
1160 3091 1271 3134 caussa
1311 3071 1397 3133 θεοῖς

259 3181 389 3260 λάφυρα
428 3181 527 3243 ταῦτα
559 3182 626 3242 τοῖς
661 3181 733 3242 καθ’
766 3180 899 3243 (Ελλάδα
928 3180 1038 3256 δόμοις
1072 3181 1307 3252 ἐπαςςὰλευςαν
1342 3179 1398 3256 ἁρ-

259 3293 352 3369 χαῖον
375 3288 475 3364 γάνος
497 3288 566 3371 ipse
582 3287 759 3370 Aeschylus
781 3287 863 3351 dixit
885 3290 1140 3373 Agamemnonis
1162 3312 1192 3353 v.
1209 3289 1272 3354 556
1288 3289 1397 3372 (ἐπαε-

260 3401 412 3465 ςὰλευςαν
435 3397 562 3482 quidem
585 3398 811 3462 convenienter
833 3398 863 3460 ei
885 3399 968 3482 quod
991 3403 1040 3463 est
1061 3399 1286 3485 δουρῖπηκτα),
1312 3397 1397 3461 simi-

258 3509 332 3572 liter
363 3509 448 3573 idem
482 3511 639 3589 λαφύροις
677 3513 768 3585 δῶμα
806 3510 949 3587 κοςμήςει
982 3510 1104 3588 πατρός
1139 3509 1233 3574 huius
1269 3507 1397 3571 fabulae

258 3640 289 3682 v.
318 3619 399 3700 460,
427 3618 505 3682 item
528 3620 561 3682 ςὲ
582 3618 777 3696 παγχρύςοις
810 3619 874 3694 ἐγὼ
904 3620 1011 3698 ςτέψαι
1040 3621 1198 3700 λαφύροις
1226 3616 1398 3701 Sophocles

260 3727 360 3792 Aiace
382 3728 434 3811 92,
458 3728 522 3792 alia
548 3727 599 3790 vel
627 3726 797 3810 Sophoclis
823 3729 874 3793 vel
895 3727 1062 3812 Euripidia
1089 3748 1130 3791 ne
1152 3747 1239 3790 nunc
1262 3726 1399 3792 cumule-

224 3852 340 3903 xmus.
385 3835 431 3901 Vt
465 3841 551 3901 recte
582 3858 675 3920 sane,
709 3838 883 3922 quamdiu
914 3841 970 3902 aut
995 3839 1150 3917 ἐςθήματα
1183 3841 1239 3900 aut
1270 3837 1400 3919 λάφυρα

261 3947 426 4032 scripsisse
448 3946 625 4031 Aeschylus
653 3948 833 4030 putabitur,
861 3948 940 4012 illud
963 3948 1128 4034 aliquanto
1151 3947 1247 4011 etiam
1270 3946 1399 4032 dignius

261 4061 356 4141 poeta
378 4057 549 4139 habeatur,
573 4057 606 4120 id
628 4056 711 4141 quod
733 4057 896 4122 verissimo
918 4058 1035 4123 iudicio
1057 4057 1263 4122 Hermannus
1286 4055 1397 4139 sensit,

261 4167 378 4232 rectius
399 4170 510 4231 tamen
531 4171 679 4232 neutrum
701 4167 811 4232 eodem
834 4167 1002 4253 indignum
1024 4167 1181 4233 credatur.
1226 4167 1277 4230 lta
1299 4167 1400 4252 igitur

263 4277 442 4360 segregatis
470 4299 489 4340 a
521 4278 734 4361 genuinorum
765 4278 917 4342 societate
950 4277 1070 4362 apertis
1101 4275 1399 4360 interpretamentis

262 4405 342 4469 quse
364 4385 476 4452 relicta
492 4391 566 4454 sunt
587 4391 750 4474 tamquam
772 4410 829 4452 sua
851 4391 965 4474 sponte
986 4388 1021 4455 in
1043 4408 1152 4452 versus
1172 4387 1310 4454 formam
1332 4389 1400 4451 tam
