3226 5096
246 349 306 415 138
545 367 794 414 corroanmuvn
818 365 1085 416 nisevramoms

245 520 386 584 amnium
414 521 554 584 adverte.
598 519 682 584 Nam
713 522 853 584 tractata
881 524 913 584 et
942 523 1091 604 excerpta
1118 544 1137 584 a
1166 521 1282 585 Taetza
1313 521 1383 604 ipsa

244 630 593 715 scholia·Dionysiana
622 653 705 714 esse,
739 632 929 696 documento
959 633 1007 695 est
1034 653 1154 716 magna
1187 653 1268 715 quae
1298 632 1382 695 inter

244 740 329 804 illius
366 741 487 806 iambos
524 744 596 822 περὶ
632 747 791 825 διαφορᾶς
827 746 970 821 ποιητῶν
1007 741 1142 825 scriptos
1179 745 1211 805 et
1244 741 1382 806 Bekkeri

244 851 411 916 Anecdota
438 875 470 936 p.
501 853 562 918 749
590 851 764 916 similitudo
791 852 971 917 intercedit.
1028 851 1077 916 Of.
1106 852 1188 916 Mus
1217 851 1322 916 Rhen.
1352 851 1382 916 V

244 985 275 1044 p.
304 964 376 1028 337.
428 961 566 1026 Rursum
594 965 716 1045 autem,
747 985 819 1026 oum
847 963 888 1028 ab
909 962 959 1026 his
966 1013 975 1046 ,
1010 985 1090 1046 quae
1118 963 1270 1048 legrmtur
1298 962 1381 1046 apud

245 1071 424 1136 Bekkerum
446 1096 477 1156 p.
503 1074 580 1156 747,
611 1073 838 1156 propemodum
867 1095 933 1137 non
960 1073 1111 1137 differant
1137 1095 1217 1157 quae
1250 1074 1284 1137 11
1311 1073 1381 1157 ipso

242 1183 334 1246 initio
349 1183 462 1266 nuperi
483 1183 658 1250 ἀνεκδότου
674 1183 813 1246 Parisini
834 1183 1026 1266 produntur,
1047 1183 1195 1268 numquis
1222 1183 1382 1247 dubitabit

242 1293 318 1376 quin
347 1295 379 1356 11
405 1293 485 1356 haec
514 1293 603 1358 illino
630 1293 696 1357 sint
724 1294 842 1377 petita,
872 1297 905 1357 et
932 1295 1120 1378 praecipuus
1146 1293 1282 1358 Taetzae
1308 1295 1381 1358 fons

242 1402 363 1466 scholia
383 1403 582 1487 Dionysiana
603 1404 739 1487 fuerint,
764 1407 797 1468 et
818 1405 1000 1468 universum
1022 1405 1100 1468 illud
1122 1407 1194 1484 περὶ
1215 1404 1380 1489 κωμῳδία(

242 1514 460 1598 fragmentum
481 1513 662 1578 Parisinum
684 1537 701 1578 e
724 1515 859 1579 Tzetzae
887 1514 922 1579 111
950 1515 1199 1599 Aristophanem
1231 1514 1380 1599 Prolego-

241 1624 343 1689 1111111
365 1629 549 1709 excerptum
571 1624 637 1688 sit?

774 1865 847 1943 §a

242 2006 294 2070 De
332 2006 547 2089 Zenodoto,
591 2007 822 2069 Alexandro
865 2008 1007 2070 Aetolo
1043 2012 1082 2070 et
1119 2002 1385 2090 Lycophrona

675 2115 944 2182 Chalcidensi.

193 2305 223 2352 18
319 2286 923 2372 Progrerlimuradsingulaiudicanda.
946 2285 1086 2362 Quorum
1096 2287 1158 2352 duo
1168 2287 1377 2370 potissimum,

241 2419 321 2480 (pirae
352 2419 369 2460 e
396 2397 517 2461 scholio
545 2397 695 2462 Plautino
724 2397 952 2480 didiceramus,
986 2397 1090 2482 magis
1117 2398 1215 2462 etiam
1244 2397 1379 2481 repertis

241 2506 373 2572 Graecis
407 2509 654 2573 confirmantur:
691 2530 771 2592 quae
804 2507 931 2591 quidem
964 2511 1113 2591 spectant
1149 2508 1189 2571 ad
1226 2508 1379 2572 librorrmr

240 2618 477 2682 multitudinem
505 2619 538 2682 11
571 2618 773 2683 bibliothecis
801 2618 1030 2682 Alexandrinis
1059 2618 1310 2701 reconditorum,
1346 2621 1380 2682 et

240 2729 280 2792 ad
298 2729 440 2792 carmina
455 2727 627 2792 Homerica
641 2727 802 2792 Pisistrati
818 2730 923 2791 aetate
939 2729 980 2792 ab
996 2727 1213 2811 Onomaorito,
1238 2728 1376 2812 Orpheo,

134 2893 135 2896 ,
240 2838 364 2922 Zopyro
379 2841 412 2902 et
433 2842 547 2922 quarto
568 2838 704 2922 quodam
726 2837 854 2902 homine
876 2836 970 2902 docto
992 2837 1157 2921 disposita.
1196 2838 1317 2906 Contra
1338 2838 1377 2902 de

240 2948 341 3012 tribus
364 2948 435 3012 aliis
457 2949 551 3013 rebus
573 2948 739 3013 fatendum
762 2952 810 3012 est
832 2948 915 3012 haud
936 2948 1125 3013 mediocrem
1146 2971 1232 3013 nuno
1254 2949 1377 3013 dubita-

239 3057 360 3122 tionem
374 3059 479 3123 nasci:
502 3081 634 3143 quarum
657 3059 846 3144 gravissima
868 3059 924 3122 illa
940 3062 1004 3142 est,
1028 3081 1108 3142 quae
1131 3059 1200 3143 ipso
1219 3059 1377 3143 principio

239 3168 351 3232 hortun
386 3168 642 3253 fragmentorum
679 3171 952 3236 commemoratur.
1011 3169 1060 3233 Ibi
1097 3169 1183 3233 enim
1221 3191 1302 3254 quae
1338 3170 1377 3233 de

239 3277 439 3361 Alexandro,
468 3279 692 3363 Lycophrona,
722 3279 884 3344 Zenodoto
906 3279 1025 3344 latinus
1048 3280 1206 3362 interpres
1231 3279 1375 3362 tradidit,

239 3411 310 3452 eum
333 3388 372 3452 ad
396 3389 571 3473 composita
593 3389 628 3453 in
650 3411 772 3474 quoque
793 3411 912 3473 genere
940 3392 1105 3472 poetarum
1128 3411 1261 3474 corpora
1283 3411 1376 3474 quae-

238 3498 312 3562 dam
334 3499 406 3582 alii,
437 3499 478 3562 ad
500 3498 641 3584 digestas
664 3501 808 3584 iustoque
830 3500 941 3564 ordine
968 3499 1139 3583 dispositas
1165 3500 1377 3564 bibliothecae

239 3609 346 3692 copias
361 3630 428 3674 non
448 3609 516 3674 aine
533 3610 627 3674 certis
649 3610 846 3695 argumentis
868 3632 927 3674 nos
949 3610 1179 3675 rettulissemus
1201 3633 1233 3695 p.
1253 3611 1376 3675 11.17:

237 3719 357 3804 prodiit
384 3742 470 3785 nuno
498 3720 525 3784 is
553 3721 704 3806 scriptor,
735 3720 789 3804 qui
816 3721 942 3784 illorum
969 3723 1133 3803 neutrum,
1163 3722 1218 3785 sed
1246 3721 1376 3785 tertium

237 3830 387 3915 quiddam
414 3851 520 3894 rursus
553 3830 711 3894 diversum
742 3833 888 3894 testatur.
944 3831 976 3895 ls
1007 3831 1093 3895 enim
1120 3855 1140 3895 a
1167 3831 1375 3915 Lycophrona

166 3955 169 3958 '
239 3941 359 4004 comico
380 3944 475 4024 poeta
503 3941 601 4004 libros
625 3940 776 4023 comicos,
805 3941 947 4025 tragicos
970 3942 1012 4006 ab
1033 3941 1158 4026 tragico
1180 3941 1373 4023 Alexandm,

237 4052 378 4134 poeticos
401 4054 507 4114 autem
529 4050 561 4113 h.
586 4073 613 4114 e.
638 4054 693 4114 aut
715 4051 821 4133 epicos
845 4051 900 4134 (cf.
919 4051 960 4114 ab
981 4052 1019 4116 Ο.
1037 4051 1190 4115 Muellero
1212 4051 1375 4135 disputata

237 4161 271 4224 in
294 4161 376 4224 Mus.
399 4160 461 4224 Rh.
485 4160 516 4225 V
537 4184 569 4245 p.
593 4161 666 4244 340,
696 4160 776 4225 adde
802 4161 908 4225 Tzetz.
938 4161 973 4224 111
995 4161 1151 4246 Lycophr.
1180 4184 1211 4245 p.
1240 4161 1304 4226 249
1326 4183 1373 4244 sq.

237 4272 294 4336 τὸν
317 4273 383 4336 κατ’
405 4271 520 4352 ἐξοχὴν
548 4273 598 4336 καὶ
620 4272 888 4353 ἀπροεδιορίετω(
915 4273 1091 4351 λεγόμενον
1114 4273 1265 4353 ποιητήν,
1298 4271 1375 4335 item

237 4379 404 4446 11101111.
433 4382 556 4446 Anecd.
591 4381 650 4447 Ox.
681 4380 729 4444 lll
762 4404 793 4465 p.
829 4381 907 4463 334,
944 4383 993 4445 16.
1025 4381 1105 4464 339,
1140 4382 1181 4445 27
1209 4382 1374 4460 ποιητικὸν

221 3578 236 3618 Ι
