3254 5092
635 352 670 398 ιιι
693 351 975 399 immersurus.
1313 337 1377 401 229
1473 416 1481 426 ‚

238 503 269 567 Π
291 527 322 588 p.
349 505 377 586 l,
401 507 433 568 et
455 527 488 568 u.
514 505 595 569 1538
619 505 802 584 Φιλοδήμου
824 507 897 586 περὶ
919 507 1106 586 ποιημάτων
1129 512 1190 572 τοῦ
1205 510 1229 572 ἶ
1244 512 1310 573 τῶν
1334 510 1376 572 εἰ(

238 615 297 680 δύο
326 616 364 679 τὸ
389 602 414 694 ᾗ
438 614 454 677 Ι
481 638 512 697 p.
542 615 577 698 6,
613 636 747 699 quocum
776 616 1034 700 coniungendmn
1062 620 1110 680 est
1141 616 1201 680 hoc
1231 640 1263 680 n.
1296 618 1377 682 1425

237 725 422 802 Φιλοδήμου
443 726 516 807 περὶ
537 727 724 805 ποιημάτων
745 733 772 804 ἐ.,
806 724 899 790 Vnde
922 726 1079 810 sequitur,
1102 727 1137 790 in
1159 727 1268 790 multis
1290 727 1376 791 volu-

236 834 392 916 minibus,
422 841 555 919 quorum
582 840 639 898 aut
667 836 770 919 prima
798 839 855 900 aut
881 841 1023 900 extrema
1045 836 1142 900 verba
1169 836 1283 900 idoneo
1306 858 1376 900 seu-

236 944 411 1008 tentiarum
426 945 476 1008 vel
498 945 657 1029 principio
673 947 723 1009 vel
744 947 807 1010 tine
823 950 949 1028 carent,
974 967 1101 1030 prorsus
1122 946 1277 1009 incertum
1295 967 1374 1028 esse,

235 1053 310 1137 quid
333 1055 408 1139 igne
430 1054 586 1137 deletum,
616 1055 691 1138 quid
718 1059 831 1140 suapte
859 1059 975 1120 natura
1003 1056 1225 1140 imperfectum
1252 1056 1309 1138 sit,
1340 1059 1376 1119 ut

236 1163 285 1228 ed.
309 1163 412 1248 Neap.
437 1164 473 1229 T.
497 1164 544 1228 IV
566 1164 742 1248 Polystrati
768 1166 807 1230 de
833 1166 953 1230 iniusto
977 1169 1162 1248 contemptu
1183 1189 1214 1248 p.
1238 1165 1269 1247 2,
1296 1165 1373 1228 ibid.

235 1273 282 1338 IV
304 1295 366 1338 seo.
391 1279 475 1358 part.
499 1297 531 1358 p.
558 1276 586 1358 1,
610 1275 687 1339 ibid.
716 1275 792 1340 VIII
814 1276 937 1340 Philod.
963 1299 993 1360 p.
1014 1279 1041 1339 1.
1079 1275 1279 1360 Quanquam,
1304 1297 1373 1339 cum

234 1384 270 1448 in
281 1385 445 1450 nonnullis
458 1385 683 1467 voluminibus,
696 1386 822 1449 etiamsi
838 1407 912 1468 pars
923 1386 1080 1469 quaedam
1095 1386 1209 1470 papyri
1224 1388 1371 1469 restaret,
1391 1394 1441 1444 249

236 1494 309 1558 finis
331 1494 404 1558 libri
427 1495 586 1559 indicatus
610 1495 668 1577 sit,
699 1499 735 1558 ut
758 1495 806 1558 ed.
830 1495 933 1578 Neap.
957 1495 990 1558 II
1012 1517 1043 1577 p.
1063 1495 1101 1558 12
1123 1500 1157 1559 et
1180 1495 1217 1559 71
1242 1496 1276 1558 in
1299 1495 1373 1559 duo-

235 1603 293 1667 bus
315 1603 447 1687 Epicuri
475 1605 514 1668 de
541 1608 657 1668 natura
685 1605 791 1686 libris,
821 1609 853 1667 et
881 1605 942 1668 vol.
966 1604 1026 1686 III,
1055 1603 1139 1687 quod
1168 1604 1244 1667 duos
1267 1603 1372 1668 Philo·

234 1713 318 1776 demi
340 1713 379 1778 de
395 1714 481 1778 vitiis
504 1715 601 1778 libros
623 1714 658 1778 in
674 1714 809 1799 singulis
832 1735 986 1797 quemque
1009 1714 1138 1797 papyris
1161 1713 1373 1796 perscriptum

148 1900 156 1912 ⁰
236 1823 380 1887 continet
407 1825 463 1908 (cs.
492 1824 568 1888 ibid.
591 1825 606 1888 I
630 1823 754 1888 Philod.
785 1823 824 1887 de
850 1845 930 1886 mus.
954 1847 985 1906 p.
1012 1823 1087 1904 139,
1111 1822 1157 1885 IV
1181 1822 1305 1888 Philod.
1334 1823 1372 1886 de

234 1932 352 1997 rhetor.
375 1956 408 2017 p.
431 1934 484 2016 45,
507 1933 554 1997 VI
576 1934 701 1998 Philod.
730 1933 770 1997 de
798 1934 883 1996 deor.
912 1932 1040 1998 vivendi
1071 1935 1132 1996 rat.
1156 1956 1187 2016 p.
1212 1933 1263 2015 81,
1293 1932 1373 1996 VIII

233 2041 358 2107 Philod.
382 2043 421 2108 de
443 2044 556 2127 philos.
581 2067 612 2128 p.
636 2046 703 2130 37),
728 2044 943 2109 confitendum
965 2064 1042 2107 saue
1066 2048 1130 2126 est,
1160 2043 1245 2106 hunc
1273 2042 1373 2106 videri

233 2173 353 2216 morem
381 2153 532 2234 valuisse,
562 2158 598 2218 ut
624 2155 759 2240 singulis
788 2153 1001 2217 voluminibus
1030 2153 1104 2216 libri
1130 2152 1370 2236 responderent.

234 2261 295 2326 Sed
318 2264 413 2348 longe
436 2263 530 2326 aliter
551 2285 601 2328 res
624 2287 657 2327 se
685 2265 783 2328 habet
810 2264 845 2327 in
872 2285 1052 2346 papyraceo
1079 2262 1189 2326 Iliadis
1212 2262 1372 2326 volumine

234 2373 275 2435 ab
302 2373 419 2457 Anglis
446 2373 480 2435 in
508 2373 726 2456 Elephantine
754 2373 859 2438 insula
887 2375 1028 2456 reperto,
1064 2372 1165 2454 quode
1193 2371 1256 2434 vid.
1287 2371 1370 2435 Phil.

233 2481 315 2546 Mus,
344 2481 497 2548 Cantabr.
528 2483 542 2546 I
571 2505 600 2547 a.
631 2483 710 2548 1831
740 2506 771 2567 p.
804 2483 862 2547 177
890 2503 958 2565 sqq.
989 2485 1021 2544 et
1049 2480 1189 2564 Parthey
1221 2480 1261 2543 de
1288 2481 1370 2544 Mus.

235 2592 408 2656 Alexandr.
431 2615 463 2676 p.
481 2593 532 2657 81.
571 2592 619 2656 Eo
642 2593 727 2656 enim
750 2592 854 2656 ultimi
876 2591 950 2655 libri
972 2590 1114 2654 vicesimi
1135 2589 1240 2673 quarti
1263 2611 1371 2653 versus

233 2699 349 2769 iudea
375 2723 468 2766 versu
493 2704 569 2784 117,
600 2702 689 2765 nulla
716 2703 895 2766 sententiae
925 2701 1127 2765 conclusione
1155 2700 1196 2763 ab
1224 2699 1263 2762 iis
1291 2721 1372 2782 quae

233 2811 428 2894 praecedunt
450 2812 625 2894 disiunct0,
651 2812 871 2894 continentur,
895 2831 955 2874 nec
970 2811 1079 2874 deesse
1095 2809 1264 2893 quicquam
1279 2809 1371 2873 testis

232 2925 281 2983 'est
303 2925 509 2984 centenorum
525 2943 671 2985 versuum
693 2921 872 2985 numeratio
894 2920 1010 2983 litteris
1026 2918 1053 3000 ρ’
1069 2916 1093 2983 t'
1109 2923 1169 2982 etc.
1194 2919 1235 2982 ad
1250 2942 1279 2982 v.
1299 2917 1370 3000 127,

237 3030 294 3093 137
310 3034 371 3094 eto.
389 3031 537 3114 ascriptis
553 3031 706 3094 indicata.
745 3028 839 3094 Vnde
855 3033 989 3112 apparet
1004 3033 1088 3110 tum,
1114 3050 1185 3092 cum
1208 3029 1268 3092 iste
1290 3027 1372 3092 liber

234 3138 439 3222 scriberetur,
463 3162 534 3204 eum
556 3140 655 3204 fuisse
671 3161 807 3220 morem,
831 3142 867 3202 ut
887 3139 914 3202 si
936 3137 1018 3221 quod
1041 3160 1119 3220 opus
1142 3138 1183 3201 ab
1205 3138 1275 3221 ipso
1296 3137 1371 3202 scri-

234 3251 324 3330 ptore
347 3249 488 3330 pluribus
512 3249 618 3330 libris,
643 3250 695 3333 qui
717 3271 782 3312 uno
804 3247 963 3311 volumine
980 3247 1205 3330 comprehendi
1227 3270 1293 3311 non
1315 3269 1370 3330 po-

233 3359 356 3437 terant,
380 3357 516 3423 divisum
538 3363 638 3442 esset,
662 3359 798 3443 singulis
815 3357 1026 3421 voluminibus
1048 3361 1193 3440 tantum,
1217 3360 1370 3440 quantum

234 3469 363 3532 chartae
379 3471 546 3550 caperent,
570 3468 658 3532 nulla
680 3468 807 3532 illorum
829 3467 981 3530 librorum
1003 3467 1127 3560 ratioqe
1149 3467 1260 3529 habita
1282 3488 1370 3528 mau-

234 3577 371 3642 daretur.
417 3577 516 3653 Quem
539 3600 629 3641 usum
652 3600 723 3642 eum
749 3578 784 3641 in
813 3577 851 3640 iis
873 3598 996 3660 quoque
1019 3575 1124 3657 libris,
1156 3575 1210 3658 qui
1232 3575 1371 3638 Alexan·

234 3687 335 3751 driam
358 3687 503 3771 congesti
526 3691 633 3770 erant,
659 3689 795 3751 valuisse
818 3686 1013 3770 probabilius
1036 3687 1093 3766 sit,
1118 3707 1213 3768 quam
1236 3684 1370 3748 alterum

234 3796 338 3878 illum,
362 3817 456 3880 quem
479 3797 513 3859 in
529 3795 822 3862 Herculanensibus
841 3795 1054 3859 voluminibus
1077 3793 1369 3874 animadvertimus,

234 3927 297 3969 non
313 3905 514 3970 mediocriter
530 3909 664 3990 augetur
680 3927 788 3969 eorum
803 3905 998 3968 volmninum
1013 3925 1161 3968 numerus
1170 3955 1178 3986 ,
1203 3925 1283 3986 quae
1299 3924 1370 3967 cum

234 4013 379 4081 binorum
401 4015 554 4078 librorum
582 4019 689 4098 partes
713 4016 1014 4098 complecterentur,
1044 4013 1144 4076 mixta
1172 4016 1258 4076 recte
1285 4011 1369 4075 dice-

233 4123 359 4188 bantur.
404 4123 493 4187 Libri
509 4124 595 4188 enim
617 4125 663 4188 ita
686 4124 749 4188 dici
765 4124 926 4206 solebant,
950 4128 1066 4186 utnon
1082 4144 1160 4205 opus
1176 4121 1367 4202 universmn‚

233 4233 284 4295 sed
314 4233 461 4318 singulae
490 4233 557 4296 eius
585 4237 693 4316 partes
720 4237 950 4316 spectarentur.
996 4231 1045 4297 Of.
1075 4231 1113 4294 de
1143 4231 1192 4294 his
1222 4232 1368 4296 omnibus

233 4339 443 4406 Ritscbelium
464 4343 504 4406 de
527 4343 604 4406 bibl.
627 4344 679 4407 Al.
704 4367 735 4426 p.
752 4343 797 4426 26Ι
816 4365 862 4425 sq.
886 4343 929 4406 30
950 4363 997 4424 sq.
1023 4340 1082 4406 123
1097 4363 1164 4425 sqq.
