3254 5092
256 365 315 430 168
550 379 800 428 coaonnsarvn
823 377 1090 427 msrvrnrrosrs

255 533 475 618 cogitabamus
490 533 529 596 de
544 533 805 613 προτλαβόμενοτ
828 531 1013 615 participio,
1039 534 1071 594 et
1086 530 1183 594 etiam
1204 553 1290 594 nunc
1307 529 1391 615 cogi-

254 648 410 726 taremus,
441 643 504 706 nisi
526 646 594 705 tam
615 642 787 705 barbarum
810 640 1026 704 transferendi
1053 661 1154 726 genus
1184 640 1391 704 intellexisse-

255 775 323 817 mus
347 775 365 816 a
388 753 538 816 Plautino
564 752 737 815 scholiasta
759 751 890 814 omnino
920 751 1059 814 alienum
1089 772 1166 814 esse.
1212 750 1393 814 Romanum

256 863 396 928 codicem
423 863 477 926 diu
500 865 549 926 est
576 882 614 925 ex
643 882 704 945 quo
731 861 835 924 denuo
858 859 980 924 consuli
1004 863 1036 922 et
1064 860 1266 945 diligentius,
1298 881 1393 943 quam

255 973 346 1036 nobis
370 993 553 1036 concessum
575 971 653 1053 fuit,
679 970 855 1034 examinari
877 969 1042 1062 iussimus3
1070 970 1124 1033 sed
1148 970 1251 1034 adhuc
1273 970 1393 1034 frustra

255 1081 557 1166 exspectavimus*).

339 1191 447 1255 Vnum
468 1190 618 1274 quiddam
634 1189 774 1252 noudum
796 1189 976 1274 tetigimus:
1000 1202 1141 1268 quattuor
1156 1198 1245 1254 aunis
1260 1190 1360 1274 script
1382 1228 1394 1237 -

254 1323 324 1364 ram
351 1323 381 1364 ν.
412 1301 467 1383 78,
497 1299 536 1363 de
563 1321 625 1383 qua
654 1299 776 1362 dicetur
804 1299 947 1385 alibi**).
999 1299 1084 1363 Nam
1113 1321 1184 1364 cum
1213 1299 1279 1382 his,
1314 1320 1394 1383 quae

256 1411 359 1474 adhuc
381 1409 626 1493 disputavimus,
656 1409 809 1472 exhausta
832 1409 874 1471 sit
895 1409 993 1491 ipsius
1022 1431 1095 1473 cum
1115 1408 1258 1473 Plautini
1280 1409 1394 1472 scholii
1460 1439 1463 1444 ·

255 1524 323 1583 tum
344 1519 518 1604 fragmenti
535 1518 673 1582 Parisini
696 1517 847 1598 materia,
871 1540 912 1581 ne
935 1519 969 1582 in
991 1519 1106 1582 molem
1129 1518 1255 1582 libellus
1273 1523 1395 1582 crescat

255 1629 472 1711 academicuS,
506 1631 649 1712 praestat
681 1628 734 1690 hic
761 1627 948 1710 subsistere,
982 1628 1104 1710 reliqua
1137 1631 1243 1692 autem
1277 1629 1393 1712 capita,

255 1761 335 1823 quae
350 1761 422 1802 cum
436 1739 486 1802 his
501 1737 739 1822 quaestionibus
755 1736 830 1801 olim
845 1738 1027 1819 nexuimus,
1046 1759 1102 1820 per
1117 1717 1197 1800 alius
1213 1737 1396 1819 scriptionis

256 1849 529 1933 opportimitatem
552 1848 681 1910 iamiam
704 1846 880 1910 instantem
903 1847 1010 1930 aliqua
1033 1847 1214 1910 accessione
1237 1848 1394 1931 supplere.

257 1959 339 2024 Sunt
367 1962 473 2021 autem
502 1979 539 2020 ea
567 1957 605 2019 de
634 1960 740 2020 aetate
768 1955 1011 2039 Aristarchi,
1046 1957 1084 2020 de
1117 1956 1396 2020 stichometria

258 2069 357 2152 deque
380 2067 597 2131 Heliodoro
621 2089 691 2129 curn
714 2066 847 2129 metrico
869 2071 937 2128 tum
960 2066 1201 2150 glossographo.

760 2228 776 2264 ’t
879 2229 896 2264 a

819 2276 836 2310 rit

341 2396 431 2460 Haec
465 2401 571 2460 autem
606 2399 639 2459 et
673 2397 900 2478 scripseramus
949 2398 982 2457 et
1014 2395 1118 2478 operis
1152 2396 1394 2479 tradideramus,

257 2529 328 2572 cum
351 2507 442 2570 nobis
471 2507 570 2569 allata
598 2507 673 2569 sunt
695 2505 754 2568 Th.
780 2504 909 2588 Berglrii
939 2504 977 2567 do
1003 2505 1164 2588 prooemio
1193 2504 1396 2589 Empedoclis

258 2616 498 2697 commentatio,
528 2615 727 2679 Comicomm
754 2635 941 2696 graecorum
965 2635 983 2676 a
1005 2615 1167 2677 Meinekio
1194 2615 1397 2679 collectorum

256 2727 318 2790 vol.
342 2711 471 2808 ll'pars
494 2725 611 2804 altera,
641 2723 876 2786 Schneidewini
899 2724 937 2786 dc
960 2723 1107 2786 Parisino
1130 2726 1202 2803 περὶ
1230 2726 1397 2811 κωμῳδία(

256 2836 411 2918 scriptore
433 2833 575 2896 narratio
597 2833 631 2896 iu
647 2832 849 2915 Ephemorid.
874 2833 1020 2917 Gotting.
1046 2835 1122 2896 anni
1154 2834 1236 2897 1840
1258 2855 1299 2897 m.
1323 2833 1394 2898 Iun.

257 2969 287 3028 p.
313 2944 375 3008 949
397 2965 465 3026 sqq.
490 2942 625 3025 prodita.
671 2943 811 3017 Quorum
833 2941 992 3026 Berghius
1021 2943 1073 3006 hic
1104 2944 1396 3008 commemorandus

258 3057 307 3118 est
334 3057 465 3136 propter
493 3057 670 3134 Oenopiam,
700 3052 735 3114 in
764 3053 850 3115 euius
880 3052 933 3115 ille
961 3053 1065 3116 locum
1093 3053 1193 3136 idem,
1223 3053 1310 3116 cuius
1338 3074 1397 3116 nos

257 3163 393 3227 formam
414 3165 541 3226 tantum
564 3161 830 3245 comparavimus,
857 3167 1010 3242 Gonpylus
1031 3183 1147 3226 nomen
1170 3183 1204 3226 re
1226 3183 1302 3226 vera
1324 3163 1395 3227 sub-

258 3345 460 3355 ——n-

325 3460 349 3526 *)
369 3457 449 3527 [Vide
467 3457 638 3526 Epimctrum
658 3456 721 3510 huic
739 3456 930 3512 dissertationi
948 3456 1122 3526 subiectum]

325 3551 613 3620 **),[Rcservaveram
642 3549 694 3603 hoc
717 3549 911 3603 Aristarcheae
942 3549 1106 3616 quaestioni.
1143 3551 1265 3619 Reperto
1293 3549 1396 3604 Tretza

257 3644 441 3699 Ambrosiano
460 3643 611 3696 scholiasta
628 3641 770 3694 Plautinus
793 3641 932 3710 plerisque
950 3640 1024 3694 visus
1042 3645 1086 3696 est
1103 3644 1175 3696 male
1196 3642 1397 3711 interpretatus

258 3755 319 3792 esse
336 3753 438 3806 graeca
454 3735 541 3789 verba
559 3735 644 3788 haece
657 3752 684 3802 p.
700 3740 756 3799 110,
774 3738 819 3786 26:
838 3737 976 3801 πρότερος
994 3736 1024 3788 δὲ
1042 3737 1078 3801 ἠν
1090 3735 1252 3802 Ζηνόδοτοτ
1267 3735 1396 3802 Ἐφέτιοτ,

258 3832 324 3884 ἐ’δὲ
342 3833 358 3896 ἢ
375 3819 399 3883 δ
415 3831 475 3894 μετ’
497 3829 587 3881 αὐτὸν
612 3827 801 3894 Ἀρίτταρχοτ,
827 3828 870 3881 το1
892 3845 919 3896 p.
942 3833 996 3893 118,
1022 3835 1064 3881 10:
1089 3830 1158 3893 μετὰ
1181 3829 1211 3881 δὲ
1232 3827 1396 3895 Ζηνόδοτον

259 3924 427 3990 Ἀριττάρχῳ
455 3923 541 3975 πάλιν
559 3921 735 3987 ώρθώθητον
752 3921 880 3988 τετάρτῳ
908 3923 924 3986 ἢ
949 3912 964 3974 ἓ
991 3921 1049 3973 ἀπὸ
1067 3920 1231 3987 Ζηνοδότου
1257 3923 1395 3974 τελοῦντι.

258 4017 393 4084 Apertum
406 4016 450 4068 est
466 4013 509 4066 his
522 4013 613 4068 verbis
627 4012 814 4066 successiones
827 4011 941 4081 respici,
960 4012 1110 4066 secundum
1123 4029 1192 4080 quas
1205 4011 1269 4065 inde
1282 4029 1299 4065 a
1311 4011 1395 4064 Zeno-

259 4109 325 4161 doto
345 4109 458 4174 quartus
478 4107 623 4172 quintusve
641 4104 816 4158 Aristarchus
839 4104 931 4159 fuerit.
967 4104 1047 4169 Quod
1065 4104 1088 4158 si
1106 4105 1140 4158 de
1164 4106 1295 4172 quattuor
1313 4119 1396 4157 anno·

259 4201 319 4252 ru'm
345 4199 487 4268 paucitate
514 4199 616 4252 latinus
643 4198 761 4265 scriptor
787 4197 935 4262 intellexit,
965 4198 1083 4266 turpiter
1110 4213 1177 4251 sanc
1204 4198 1313 4265 lapsum
1336 4211 1396 4250 osse

259 4296 385 4361 apparet.
420 4291 522 4346 Verum
545 4291 574 4345 id
596 4292 686 4360 ipsum
709 4289 830 4344 dubitari
848 4293 955 4360 potest,
977 4307 1043 4343 num
1061 4293 1143 4343 tauta
1159 4288 1203 4343 vel
1224 4288 1335 4344 inscitia
1352 4289 1397 4342 vel

258 4385 442 4452 incogitantia
460 4387 504 4438 sat
521 4381 703 4454 probabiliter
722 4384 746 4440 oi
764 4383 910 4453 interpreti
929 4383 1081 4450 tribuatur,
1100 4382 1147 4450 qui
1165 4381 1240 4436 haud
1256 4398 1396 4450 quaquam
