3272 5088
258 322 322 386 486
526 342 572 387 us
595 341 822 390 nnssnauurs
847 342 1139 402 rurrovrrarrsvs

262 494 426 578 seriptum,
451 497 485 556 at
506 499 615 558 tamen
637 515 703 558 non
727 494 865 558 alienum
889 516 908 558 a
930 495 1089 559 scribendi
1109 516 1227 581 genere
1238 495 1401 581 Dionysii3

260 604 335 667 item
365 605 582 684 προαιρέεεοιε
613 605 717 686 potius
745 625 840 687 quam
868 605 1016 684 αἱρέεεωε
1044 629 1076 688 p.
1100 606 1134 690 2,
1164 606 1216 683 16,
1248 607 1400 690 γινομένῃ

261 735 357 799 quam
378 716 536 799 γενομένῃ
559 714 589 797 6,
613 715 669 792 32,
699 715 796 780 οὐδὲν
819 737 914 798 quam
936 718 1010 781 κατ’
1032 718 1128 782 οὐδὲν
1152 717 1181 798 7,
1205 717 1262 800 31,
1286 717 1401 796 τυγχά-

261 845 328 890 νειν
352 845 447 908 quarn
468 829 574 904 τυχεῖν
598 823 703 906 8,12;
727 846 818 908 quae,
842 824 961 909 absque
984 829 1116 888 externa
1139 826 1244 908 aliquo
1268 825 1401 889 auetori-

260 937 329 997 tate
351 937 450 1016 esset,
474 933 605 1016 perinde
628 934 809 998 dicerentur
830 935 951 998 utrovis
973 935 1076 1000 modo.

345 1042 465 1107 Venmi
493 1065 558 1110 non
586 1044 631 1106 ita
658 1048 768 1107 tamen
797 1042 967 1108 Chisianus
995 1048 1155 1128 praestat,
1190 1049 1225 1108 ut
1251 1046 1320 1108 sine
1348 1067 1400 1109 ex-

263 1154 409 1237 ceptione
442 1153 680 1236 posthabendos
713 1154 755 1216 sit
785 1152 935 1218 Vrbinas.
991 1154 1081 1230 Quod
1114 1177 1184 1218 cum
1214 1155 1301 1238 dieo,
1335 1177 1400 1219 non

263 1264 370 1348 cogito
397 1263 436 1326 de
458 1263 639 1326 leviusculis
667 1263 790 1327 mendis
819 1287 893 1327 casu
921 1267 1016 1347 ortis,
1045 1265 1158 1348 quibus
1185 1264 1291 1328 nullus
1319 1266 1400 1328 anti-

262 1373 395 1457 quitatis
427 1373 508 1436 libcr
540 1394 598 1435 ms.
627 1376 695 1435 tum
724 1376 773 1436 est
800 1374 901 1437 bonus
929 1378 964 1438 ut
991 1396 1119 1458 prorsus
1147 1379 1249 1438 vacet.
1304 1372 1402 1439 Velut

262 1482 345 1567 quod
368 1483 402 1546 iu
424 1481 577 1576 Chisiano
600 1482 717 1546 excidit
738 1506 770 1566 p.
793 1486 829 1566 5,
853 1484 896 1548 30
923 1485 957 1549 έκ
979 1489 1056 1566 τῶν,
1081 1485 1130 1547 νο]
1152 1486 1348 1564 μακαιρέλιοι
1370 1489 1402 1548 et

263 1593 444 1673 ὁρμώμενοι
467 1594 621 1676 seriptum
643 1596 692 1656 est
714 1593 743 1676 9,
760 1593 812 1657 26.
829 1593 880 1676 28,
904 1595 955 1658 vel
980 1595 1088 1677 10,16
1109 1596 1239 1660 οὓεεὺν
1263 1598 1402 1658 erratum

263 1725 321 1786 pro
344 1704 401 1768 otc
422 1704 475 1786 έν,
509 1703 627 1766 nullius
659 1707 708 1766 est
735 1705 887 1766 momenti
915 1707 948 1765 et
971 1704 1213 1767 commendandi
1235 1703 1402 1768 Vrbinatis

263 1814 328 1876 vim
355 1812 472 1876 habere
501 1813 551 1875 vel
579 1817 747 1894 propterca
776 1813 902 1896 nequit,
934 1813 1016 1897 quod
1046 1814 1118 1878 huic
1149 1836 1220 1878 curn
1247 1813 1401 1897 Stephani

263 1922 410 1985 Parisino
434 1923 608 1985 communis
632 1923 764 1986 correcti
788 1923 837 1986 vel
853 1924 958 2006 potius
981 1946 1047 1986 non
1069 1925 1226 1988 coimnissi
1242 1924 1312 1987 vitii
1336 1925 1403 1988 laus

265 2034 322 2094 est.
354 2031 524 2116 Singulare
546 2035 595 2094 est
617 2035 649 2094 et
666 2034 773 2096 nescio
796 2032 879 2096 unde
902 2034 1080 2116 profectum
1103 2035 1233 2114 ὑπάρξει
1255 2057 1286 2117 p.
1303 2035 1333 2116 6,
1350 2033 1402 2116 32,

265 2141 317 2204 sed
342 2141 505 2224 gramores
528 2141 588 2204 hac
611 2165 689 2225 (ruas
711 2143 798 2206 infra
821 2144 911 2226 posui
934 2143 964 2207 V
965 2143 1102 2207 rbinatis
1125 2143 1241 2207 codicis
1270 2142 1403 2227 scriptu-

264 2273 331 2315 ras:
355 2251 385 2334 6,
408 2253 429 2314 4
452 2254 685 2334 προελθὸύεηε,
718 2253 746 2332 7,
775 2255 810 2315 11
835 2253 862 2318 εἰ
884 2257 938 2346 δὴ,
968 2255 999 2335 8,
1023 2254 1042 2315 2
1065 2255 1115 2318 καὶ
1137 2255 1284 2335 Λεύκιοε,
1310 2253 1359 2336 10,
1384 2253 1404 2316 8

265 2362 495 2441 ὀγδοηκοετῆε,
525 2363 555 2444 8,
579 2364 599 2424 3
622 2365 654 2425 et
680 2363 728 2444 16,
753 2364 771 2426 7
795 2363 972 2429 Φοινικικόε
1000 2362 1128 2426 forma..
1164 2363 1217 2426 Ab
1239 2363 1305 2445 his,
1329 2384 1403 2446 quo-

265 2493 336 2534 rum
357 2492 427 2535 meo
456 2472 571 2535 iudicio
599 2471 781 2536 indubitata
804 2476 853 2535 est
873 2472 1062 2554 necessitas,
1090 2473 1249 2555 proficisci
1274 2475 1405 2555 propter

201 2568 248 2643 ¹25
264 2580 349 2644 hano
377 2582 478 2664 ipsam
507 2583 730 2645 necessitatem
756 2583 846 2644 licuit
875 2585 907 2645 et
935 2583 975 2645 ad
1004 2582 1066 2644 alia
1089 2582 1245 2667 quaedam
1267 2580 1403 2665 amplec-

266 2691 364 2755 tenda
393 2690 557 2774 progredi,
587 2713 719 2774 quorum
741 2691 951 2773 probabilitas
978 2693 1104 2755 tantum
1127 2693 1228 2754 maior
1250 2691 1405 2775 quaedam

171 2866 174 2875 .
266 2822 361 2883 quani
374 2799 544 2864 (lhisianac
559 2800 730 2863 memoriae
753 2822 820 2864 esse
836 2801 1005 2865 videretur.
1030 2799 1162 2864 Possum
1184 2802 1255 2864 salli
1276 2800 1315 2864 de
1337 2801 1404 2884 qui-

267 2909 415 2972 busdam:
438 2911 493 2972 serl
509 2911 576 2972 visa
592 2912 668 2973 sunt
681 2913 791 2974 tamen
808 2911 1019 2994 pracferenda
1041 2913 1247 2991 παραλλήλαε
1265 2933 1296 2994 p.
1307 2910 1338 2993 2,
1351 2909 1403 2992 31,

266 3020 356 3098 μέχρι
378 3020 408 3101 3,
425 3020 482 3096 31,
507 3022 638 3099 πρώτου
661 3021 766 3103 7,19,
791 3022 928 3086 Ἀντιεύε
950 3021 980 3103 9,
1004 3021 1061 3103 25,
1091 3022 1220 3086 ἐνθένδε
1247 3023 1294 3102 11,
1311 3021 1348 3102 2,
1373 3021 1406 3082 et

266 3130 391 3191 mutata
413 3132 543 3211 propter
565 3130 727 3212 proprium
750 3129 897 3212 Dionysii
925 3130 1086 3194 scribendi
1114 3151 1215 3214 genus
1238 3129 1406 3193 verborum

268 3237 477 3302 collocatione
500 3240 672 3319 ἐθάρρηεεν
688 3240 789 3318 ἀρχήν
808 3241 840 3321 4,
856 3241 907 3322 31,
931 3245 1082 3320 ποιοῦμαι
1097 3241 1293 3318 πραγμάτων
1312 3239 1403 3320 10,1.

268 3347 475 3411 Memorabile
503 3352 551 3411 est
574 3352 695 3426 autem,
724 3371 794 3411 eum
824 3371 889 3412 uon
917 3349 1027 3432 paucis
1055 3349 1254 3432 singularum
1281 3348 1406 3412 vocula-

267 3479 338 3520 rum
360 3457 586 3522 additamentis
608 3457 765 3540 integrior
787 3459 956 3522 tlhisianus
979 3458 1038 3541 sit,
1062 3458 1102 3520 ab
1124 3458 1185 3521 hac
1207 3460 1298 3541 parte
1325 3458 1406 3520 intc-

268 3567 383 3651 grion's
409 3568 443 3630 in
472 3566 630 3631 Vrbinate
663 3567 840 3650 scripturae
868 3589 908 3630 ne
935 3589 1033 3630 unum
1065 3567 1192 3650 quidem
1229 3567 1406 3650 exemplum

269 3681 415 3740 exstare:
448 3699 509 3760 quo
536 3698 602 3740 non
634 3677 747 3740 leviter
780 3677 960 3740 confirmari
996 3680 1139 3740 nostram
1172 3677 1211 3740 de
1243 3675 1406 3759 utriusque

269 3786 342 3849 libri
365 3787 490 3849 ratione
512 3787 707 3849 sententiam
729 3791 873 3870 apparet.

309 3895 316 3906 '
354 3897 516 3960 Summam
540 3895 643 3958 adhuc
665 3895 896 3978 disputatorum
919 3896 1029 3979 paucis
1047 3895 1303 3978 complectamur.
1328 3894 1407 3960 Cum

269 4006 346 4070 alibi
369 4007 466 4069 liceat
482 4006 523 4069 ab
539 4007 703 4088 explorata
727 4005 870 4069 codicum
892 4005 1063 4069 historia
1085 4005 1244 4088 proficisci
1267 4004 1306 4068 od
1328 4004 1407 4067 iudi-

271 4117 353 4180 cium
382 4116 420 4178 de
449 4137 557 4178 corum
595 4114 829 4178 condicione
862 4115 1060 4198 faciendum,
1094 4115 1126 4178 id
1154 4113 1237 4198 quod
1265 4135 1292 4176 e.
1316 4135 1343 4177 e.
1372 4113 1407 4177 in

270 4225 436 4290 Plautinos
466 4224 566 4306 cadit,
601 4247 659 4287 nos
687 4224 813 4307 quidem
847 4225 1007 4288 contraria
1040 4225 1091 4288 via
1124 4223 1229 4288 exorsi
1256 4245 1275 4286 a
1302 4222 1407 4306 pensi-

271 4332 369 4397 tanda
404 4333 589 4396 condieione
623 4333 821 4417 singularum
854 4334 1083 4418 seripturarum
1115 4331 1337 4417 progredimur
1367 4331 1409 4396 ad
