3218 5094
599 373 645 419 nn
669 373 739 422 ono
762 373 806 419 ar
830 372 972 420 111111.
1294 353 1356 419 583

216 527 409 592 aLobeckio
433 530 481 590 est
496 526 646 610 Parergis
669 525 709 589 ad
725 525 943 610 Phrynichum
965 549 997 609 p.
1020 525 1094 608 482,
1117 523 1358 588 necimmerito

216 644 252 704 ut
270 638 408 702 arbitror
430 637 702 721 pemecessarium
724 637 844 701 nostris
859 636 977 699 litteris
993 636 1085 699 nobis
1100 657 1203 719 nuper
1218 635 1358 718 appella-

216 754 284 814 tum
306 748 547 833 Prolegomenis
575 749 610 812 in
632 747 829 811 Theodulum
857 769 888 830 p.
913 745 986 821 IX..
1015 746 1110 810 Nunc
1140 749 1246 810 autem
1275 745 1358 829 quod

216 883 282 925 non
316 859 546 944 grammaticae
579 857 633 922 sed
665 857 948 943 grammaticorum
982 856 1134 920 historiae
1167 856 1358 940 particulam

215 993 273 1036 nos
296 973 490 1034 tractaturos
513 971 582 1053 ipso
605 969 710 1033 indice
733 968 868 1053 professi
892 989 1013 1049 sumus,
1042 967 1075 1030 id
1098 990 1193 1051 quam
1215 968 1280 1030 vim
1302 966 1357 1031 ha-

215 1082 291 1147 beat
312 1081 423 1166 paucis
439 1079 688 1165 significandum
703 1083 762 1144 est.
793 1078 925 1143 Etenim
940 1078 1039 1162 ipsius
1056 1079 1134 1142 artis
1158 1077 1356 1142 enarrandae

214 1193 321 1257 fontes
347 1195 379 1256 et
407 1191 592 1255 testimonia
622 1213 694 1254 cum
721 1193 848 1253 tanturn
871 1211 936 1254 non
961 1189 1069 1252 omnia
1097 1190 1142 1253 eis
1171 1188 1356 1253 continear·

214 1307 267 1367 tur
289 1303 571 1388 grammaticorum
587 1302 726 1385 scriptis,
749 1323 829 1386 1111
852 1300 1009 1384 propitiae
1031 1301 1180 1364 fortunae
1203 1299 1357 1364 beneficio

215 1415 256 1478 ab
278 1413 412 1478 interitu
433 1413 597 1477 vindicata
619 1412 713 1477 hodie
728 1411 876 1476 manibus
898 1413 1091 1474 tractamus:
1114 1411 1209 1474 facile
1232 1410 1266 1473 in
1284 1410 1356 1474 clle-

214 1524 303 1608 gitur
324 1545 390 1589 non
412 1545 505 1607 posse
527 1523 614 1606 prius
637 1524 715 1585 artis
742 1522 883 1606 origines
908 1524 941 1585 et
963 1521 1161 1585 incrementa
1190 1521 1354 1604 explicari,

214 1655 309 1719 quam
332 1635 371 1698 de
393 1634 516 1717 horum,
540 1657 559 1696 a
575 1633 688 1717 quibus
704 1632 808 1696 omnis
830 1635 863 1695 et
884 1631 1105 1716 proficiscatur
1127 1653 1224 1715 opera
1246 1635 1356 1695 nostra

215 1749 246 1808 et
274 1745 313 1808 ad
342 1765 422 1828 quae
449 1765 672 1828 usquequaque
700 1745 879 1807 revertatur
906 1747 1050 1825 oportet,
1079 1746 1356 1806 monumentorum

216 1855 413 1936 condicione,
437 1855 551 1938 forma,
577 1854 720 1936 consilio,
744 1853 805 1916 fide
829 1856 861 1916 et
882 1875 940 1916 usu
963 1853 1009 1916 ita
1030 1853 1073 1915 sit
1095 1853 1289 1936 quaesitum,
1320 1855 1357 1916 ut

215 1969 300 2029 certe
323 1965 520 2050 gravissimis
543 1965 717 2049 quibusque
741 1963 914 2047 exploratis
929 1962 1049 2026 habeas
1063 1962 1119 2026 ubi
1134 1964 1247 2046 pedem
1262 1964 1353 2048 figas.

214 2077 282 2151 Quo
305 2076 431 2160 quidem
458 2076 493 2138 in
520 2095 638 2160 genere
666 2097 761 2158 quam
784 2075 934 2158 pleraque
958 2072 1060 2137 adhuc
1083 2074 1133 2138 vel
1156 2075 1279 2137 incerta
1302 2097 1355 2138 va-

215 2186 324 2250 11111111
346 2186 397 2250 111
420 2187 554 2250 obscura
577 2185 710 2268 lateant,
735 2207 801 2248 non
823 2188 930 2268 potest
944 2205 1133 2268 quemquam
1154 2185 1276 2269 fugere,
1301 2185 1355 2268 qui

213 2297 265 2361 vel
292 2297 405 2360 leviter
432 2297 491 2360 has
519 2295 645 2360 litteras
676 2294 831 2380 attigerit.
877 2293 946 2359 Nec
968 2294 1054 2380 fugit
1075 2295 1153 2358 illud
1176 2295 1225 2358 vel
1250 2295 1354 2359 111111-

213 2406 356 2472 nandum
383 2407 562 2489 Rankinm‚
592 2407 707 2471 emissa
735 2410 811 2470 ante
838 2405 896 2469 hos
924 2405 1001 2469 duos
1030 2427 1131 2470 annos
1162 2408 1354 2469 commenta·

213 2518 300 2582 tione
323 2517 362 2581 de
385 2516 477 2580 lexici
501 2516 699 2600 llesychiani
728 2515 853 2601 origine
884 2519 935 2579 sat
958 2515 1167 2600 probabiliter
1189 2514 1353 2598 disputan·

212 2631 295 2712 tem,
319 2629 369 2693 vel
392 2627 433 2691 K.
457 2627 622 2692 Lehrsium
646 2627 845 2690 Aristarchio
867 2625 972 2690 studio
995 2626 1186 2690 scholiorum
1208 2625 1387 2690 Homeri-2

214 2761 322 2803 corum
344 2739 481 2802 formam
503 2741 536 2801 et
559 2737 820 2821 compositionem
844 2737 1025 2820 nuperrime
1047 2739 1291 2820 perscrutatum.

226 2852 228 2856 ’
297 2849 364 2914 Nos
387 2853 494 2912 autem
517 2848 600 2932 quod
622 2849 683 2911 1111
705 2849 814 2912 oblata
836 2848 996 2913 scribendi
1019 2847 1260 2931 opportunitate
1284 2848 1353 2912 Ori·

212 2961 282 3024 onis
306 2961 442 3025 lexicum
465 2959 664 3042 potissimum
687 2958 879 3043 delegimus,
909 2959 942 3022 in
966 2980 1027 3042 quo
1054 2979 1252 3022 versaremur
1274 2958 1352 3021 iudi·

213 3071 324 3154 cande,
350 3093 415 3134 non
437 3070 571 3133 fecimus
594 3069 654 3132 hoc
676 3074 807 3152 propter
828 3069 1034 3152 praecipuam
1052 3069 1136 3132 illins
1159 3069 1352 3153 gravitatem

212 3181 382 3264 quandam,
406 3203 501 3264 quam
524 3203 589 3244 non
613 3180 700 3244 nullo
720 3180 890 3242 intervallo
906 3180 1040 3243 aliorum
1063 3180 1254 3243 auctoritate
1276 3180 1351 3242 leri-

213 3313 320 3354 corum
341 3290 479 3374 relinqui
502 3290 721 3374 perspicimus,
745 3289 800 3353 scd
824 3312 895 3353 cum
916 3293 1048 3373 propter
1069 3289 1264 3373 quaestionis
1287 3290 1351 3353 suis

211 3401 329 3465 finibus
352 3401 599 3484 comprehensae
628 3401 783 3464 ambitum
810 3400 884 3464 huic
912 3401 1121 3484 scriptionum
1150 3399 1262 3483 generi
1284 3401 1351 3463 fere

213 3511 421 3594 commodum,
444 3515 512 3575 tum
532 3512 615 3595 quod
637 3511 810 3597 singularis
826 3511 872 3576 rei
889 3533 1002 3596 parum
1025 3509 1192 3594 expeditae
1214 3510 1349 3574 difficul-
1400 3551 1404 3558 ·

211 3749 319 3818 opellae
342 3751 454 3803 nostrae
478 3767 623 3804 censuram
649 3751 681 3804 Κ.
708 3749 868 3806 Lehrsius
895 3747 1109 3804 Zimmermanai
1132 3749 1232 3802 Diariis
1262 3749 1347 3816 antiq.

211 3843 328 3896 111111.
350 3849 414 3897 1835
436 3860 462 3911 p.
483 3849 533 3897 449
552 3859 612 3910 sqq.
636 3843 753 3898 inscruit
775 3841 937 3896 eruditionis
961 3845 989 3896 et
1016 3841 1177 3895 subtilitatis
1201 3842 1349 3895 liuninibus

210 3936 336 4004 adaeque
355 3934 540 4005 conspicuam,
559 3954 592 3990 er
612 3954 718 3992 canon
736 3954 780 3991 me
799 3935 921 3990 continui
940 3936 1004 4002 quin
1024 3937 1161 4004 quaedam
1180 3936 1350 3990 adverbum

210 4031 380 4099 transcripta
396 4029 465 4084 meis
483 4047 556 4084 nunc
574 4029 809 4100 disputationibus
828 4029 981 4084 rubiconem
996 4029 1134 4084 comnmui
1153 4032 1184 4083 ut
1195 4031 1263 4100 puto
1278 4048 1349 4084 com-

211 4123 305 4176 modo:
336 4121 364 4175 id
384 4123 458 4190 quod
474 4123 552 4178 illum
570 4141 625 4178 non
644 4141 705 4178 csse
724 4124 904 4192 gravaturum
924 4123 1038 4177 confido,
1059 4155 1091 4161 —
1122 4123 1250 4178 (laterum
1270 4126 1348 4180 ante

210 4214 314 4268 11111111
336 4215 408 4268 hanc
432 4217 695 4272 commentationem
717 4218 751 4271 ele
776 4218 830 4270 Oro
856 4219 883 4271 ct
907 4217 1008 4269 Oriona
1031 4217 1140 4270 brevius
1163 4217 1348 4271 disserueram

209 4307 237 4361 in
259 4307 367 4361 Erschii
393 4309 565 4377 Gruberique
588 4310 810 4380 Encyclopaerlia
836 4309 937 4364 artium
965 4309 1175 4378 litterarumque
1200 4311 1349 4368 universali

210 4403 275 4457 scot.
296 4401 334 4455 Ill
352 4401 404 4456 vol.
423 4401 449 4456 V
467 4405 502 4470 (a.
524 4407 598 4471 1834)
622 4422 648 4472 p.
669 4405 821 4474 arb-283]
