3254 5086
589 391 949 440 ιιλιαιιιιοιανοιιιιιιιτιι.
1276 375 1339 438 545

115 597 122 610 .
199 546 293 630 leolgt
321 567 403 626 nun,
438 545 497 609 mit
525 545 614 608 einer
645 545 924 609 iiberresehenden
953 543 1159 628 Consequenz
1194 565 1250 607 aus
1284 543 1340 606 der

197 657 316 741 obigen
340 656 552 738 Alternative,
577 656 633 744 der
655 655 763 748 kiihne
786 653 998 739 Uebergang:
1022 663 1086 719 ‘ma
1109 678 1143 718 se
1166 655 1189 717 il
1213 654 1339 718 Bekker

198 766 341 831 eonobbe
363 767 435 850 quel
458 766 661 848 frammentO,
686 767 772 850 quali
797 766 925 850 eegiom'
948 789 1046 830 aveve
1070 767 1134 848 egli
1159 788 1177 828 ο
1200 788 1265 828 non
1288 787 1339 831 ac·

199 876 372 942 cesterloP
396 898 439 959 er,
465 877 520 940 der
542 876 624 940 doeh
647 876 718 940 eine
742 877 859 940 andere
882 877 989 940 Liieke
1012 877 1055 940 im
1077 875 1107 939 2.
1131 875 1262 958 Kapitel
1285 875 1340 938 des
1360 887 1408 934 160

197 989 228 1052 2.
253 987 378 1052 Buches
401 1009 458 1050 eus
479 1024 522 1036 ·-
544 989 615 1050 dem
644 986 742 1050 codex
765 987 948 1051 Marcianus
978 987 1143 1064 eusfilllte!
1189 985 1340 1050 Nemlich

198 1098 305 1161 indem
335 1118 370 1160 er
399 1097 450 1160 die
472 1097 585 1160 Worte
613 1099 662 1162 καὶ
691 1100 842 1178 εεβαττὸν
865 1101 1041 1178 προεεῑπον
1063 1099 1121 1162 τὸν
1144 1097 1340 1176 Περτίναιια·

199 1209 232 1273 ἔτ
259 1229 293 1274 τε
320 1211 358 1273 τὸ
386 1208 510 1272 ἐκείνου
538 1207 643 1286 ὄνομα
671 1210 746 1272 τοὺτ
774 1210 917 1287 τυνήθειε
946 1209 1062 1287 ὅρκου(
1091 1207 1264 1285 ὀμόταντεε
1290 1208 1340 1270 καὶ

198 1319 365 1400 θύεαντεε,
395 1322 688 1400 δαφνηφοροῦντεε
716 1323 778 1382 πᾱε
802 1319 820 1383 ὁ
844 1323 943 1396 δῆμοε
973 1320 1023 1382 καὶ
1045 1320 1083 1383 τὸ
1106 1317 1340 1398 ετρατιωτικόν,

201 1477 343 1493 .....
368 1427 487 1491 mittele
511 1427 565 1490 des
581 1426 731 1491 Zusatzes
752 1427 1054 1511 vervollsffindigte:
1078 1429 1185 1506 ἐπειδὴ
1209 1431 1340 1510 προεήει

200 1542 249 1604 καὶ
270 1541 308 1603 τὸ
330 1538 535 1620 περίορθρον,
560 1539 593 1603 ἐε
615 1541 673 1616 τήν
697 1539 854 1618 βαείλειον
869 1537 972 1616 αὐλὴν
990 1539 1153 1616 ἀνήγαγον
1177 1539 1234 1603 τὸν
1257 1539 1341 1616 Περ·

199 1649 324 1714 τίνακαε
359 1649 411 1712 ein
440 1645 570 1730 Ζιιοολα,
600 1647 662 1711 den
686 1647 761 1731 (nur
783 1648 843 1710 mit
865 1649 934 1713 ἐπεὶ
956 1651 992 1714 δὲ
1013 1648 1067 1711 fer
1089 1647 1240 1711 Bekker's
1269 1647 1342 1711 sehr

200 1758 428 1842 nothwendige
450 1757 693 1842 Verbesserung
722 1758 846 1840 ἐπειδὴ)
875 1757 967 1821 nieht
994 1781 1055 1822 nur
1084 1781 1140 1822 eus
1163 1758 1234 1821 dem
1257 1757 1341 1820 Mar-

201 1870 327 1950 cianus,
363 1868 502 1932 sondern
530 1869 611 1931 eben
639 1889 673 1931 so
702 1889 758 1932 aus
787 1867 859 1931 dem
889 1866 1063 1932 Bavarieus
1092 1869 1157 1932 und
1186 1891 1241 1931 αιιιι
1271 1868 1342 1931 dem

201 1979 459 2043 Vindobonensis
499 1978 598 2042 sehon
637 1977 797 2042 Irmiseh's
836 1977 944 2042 Νολοιι
982 1979 1094 2062 λήτιςελ
1133 1979 1342 2062 beigebraeht

200 2091 323 2153 hutten.
369 2089 457 2152 Aber
484 2089 560 2152 weit
587 2088 726 2172 gefehlt‚
762 2089 835 2151 dass
864 2089 947 2152 (λίθον
980 2089 1032 2152 die
1053 2088 1193 2172 riehtige
1215 2088 1343 2172 Ergiin·

201 2221 286 2283 zung
313 2199 414 2262 were!
447 2198 532 2261 dieee
561 2219 627 2260 war
660 2197 813 2262 vielmehr
839 2199 1010 2262 wiederum
1044 2181 1101 2262 eus¹
1134 2198 1205 2262 dem
1237 2199 1342 2262 Codex

201 2323 262 2372 νοιι
287 2308 424 2372 Elasson
446 2329 484 2370 zu
507 2307 717 2390 entnehmen,
746 2308 811 2371 und
840 2331 924 2372 zwar
952 2308 1014 2372 viel
1037 2309 1151 2372 kiirzer
1174 2309 1256 2372 also:
1288 2311 1344 2372 ,καὶ

200 2422 241 2484 τὸ
265 2419 500 2499 ττρατιωτικὸν,
525 2417 567 2482 cic
590 2422 648 2496 τὴν
672 2419 829 2498 βαείλειον
853 2401 952 2484 αὐτὸν
975 2420 1098 2498 ἤγαγον
1122 2419 1232 2496 αὐλήν.
1264 2417 1344 2480 Sehr

202 2529 335 2592 iihnlieh
365 2528 425 2592 wie
453 2549 529 2591 men
558 2527 642 2591 sieht
670 2527 730 2592 mit
757 2528 954 2592 Leisner's
983 2550 1046 2592 von
1078 2527 1213 2592 Irmiseh
1246 2548 1343 2612 ange-

201 2639 327 2702 ftihreer
341 2637 568 2722 Vermuthung
592 2638 689 2702 «forte
712 2639 801 2702 deest
823 2639 866 2704 εἰε
888 2642 946 2719 τὴν
969 2641 1126 2720 βαείλειον
1142 2640 1246 2704 ἑττίαν
1269 2638 1344 2716 ἀνή-

201 2770 326 2826 γαγον»
364 2747 429 2812 und
464 2747 661 2831 «supplenda
695 2748 775 2812 haee
808 2748 970 2832 videntur,
1010 2749 1175 2828 ἀνήγαγον
1209 2749 1251 2813 εἰε
1284 2751 1342 2827 τήν

203 2859 359 2938 βαείλειον
388 2859 516 2940 αὐλήν»,
546 2859 680 2923 woneeh
708 2859 806 2924 sehon
835 2859 943 2922 Wolf
970 2857 1145 2946 [ἀνήγαγον
1174 2859 1273 2923 αὐτὸν
1301 2859 1343 2923 εἰε

202 2969 242 3032 τὰ
270 2969 418 3052 βαεὶλεια]
452 2968 486 3031 in
513 2968 576 3032 den
606 2967 688 3032 Text
720 2973 844 3052 gesetzt
877 2970 977 3033 hatte.
1030 2969 1141 3050 Denn,
1175 2973 1259 3032 trotz
1289 2969 1345 3031 del·

202 3078 420 3164 mengelnden
440 3077 738 3162 Zeitbeetimmung‚
762 3079 888 3143 leuehte
910 3079 966 3143 der
982 3079 1110 3164 Vorzug
1131 3079 1187 3142 der
1207 3080 1343 3144 kiirzern

203 3189 350 3274 Faseung
379 3189 481 3252 daran
504 3189 573 3269 ein,
603 3189 677 3253 dees
705 3190 756 3253 die
778 3189 989 3273 fiberfliiesige
1012 3189 1267 3284 Wiederholung
1289 3189 1344 3252 des

202 3300 384 3379 Περτίνακα
406 3299 507 3381 fehle,
537 3299 602 3362 und
625 3299 697 3362 dass
726 3299 808 3362 euch
831 3300 874 3363 im
896 3301 927 3364 ὁ.
953 3299 1017 3362 und
1039 3300 1084 3362 im
1110 3301 1157 3364 13.
1182 3299 1265 3382 Kap.
1289 3301 1344 3362 dee

204 3561 244 3613 Τὸ
267 3563 463 3614 κατακλειτβὲν
486 3563 563 3615 οὕτω
587 3561 604 3630 [.
625 3603 630 3614 .
650 3605 655 3615 .
674 3563 692 3630 .]
717 3561 822 3630 χωρίον
845 3563 1004 3631 προτέθηκα
1027 3563 1054 3618 ἐξ
1078 3561 1119 3615 ὡν
1143 3563 1226 3617 εἶπον
1251 3566 1295 3616 καί
1314 3561 1344 3616 ἐν

204 3659 245 3720 τῷ
266 3648 303 3718 Β’,
324 3648 354 3718 β’,
372 3659 413 3706 23.
449 3655 542 3708 ἀλλωε
560 3655 613 3721 γὰρ
632 3656 742 3708 ἐλλιπὲε
760 3657 797 3720 ήν
814 3657 849 3708 τὸ
867 3657 972 3724 χωρίον
992 3660 1036 3710 καλ
1055 3657 1258 3722 ἀθεράπευτον.
1282 3656 1345 3708 Und

205 3764 237 3798 zu
256 3747 293 3815 11,
313 3753 341 3812 2,
360 3751 393 3800 23
416 3743 503 3800 heise‘e
526 3765 602 3816 esp.
621 3751 667 3801 88:
698 3749 737 3802 εἰ(
760 3751 815 3814 τὴν
840 3749 976 3813 βατίλειον
999 3751 1089 3803 αὐτὸν
1113 3753 1220 3816 ἤγαγον
1243 3751 1344 3818 αὐλὴν]

204 3843 291 3894 τοῦτό
310 3857 341 3894 τε
354 3843 399 3894 καλ
412 3845 453 3908 τῷ
468 3839 527 3908 (eie)
547 3842 631 3907 ἐντῷ
649 3843 778 3908 τετάρτῳ
799 3845 951 3911 κατωτέρῳ
972 3843 1065 3912 βιβλίῳ
1086 3843 1158 3910 (κεφ.
1177 3828 1223 3910 A')
1242 3861 1346 3912 παρεν-

204 3936 279 3988 τιθέν
298 3953 351 4001 μοι,
371 3934 531 4000 προτέθηκα
548 3939 612 4002 νῦν,
632 3935 805 4002 ἀναπληρῶν
824 3937 857 3989 τὸ
876 3937 1019 3990 ἐλλεῖπον·
1038 3938 1174 3990 (αἰζονται
1191 3940 1244 4004 γὰρ
1263 3939 1344 3992 αὑταὶ

205 4027 233 4080 αἱ
251 4028 462 4096 ἀναπληρώεειε
485 4029 516 4080 ἐν
538 4033 599 4081 ταῑε
618 4029 647 4080 ἐκ
667 4027 796 4082 Βενετίαε
821 4029 973 4096 ἐκδότεειν,
998 4029 1052 4098 ἰδίᾳ
1071 4034 1139 4097 χειρλ
1156 4034 1208 4083 τοῦ
1227 4031 1343 4114 ἔχοντα(

205 4119 321 4172 ἑκάετοιι
339 4121 600 4187 παραγραφόμεναι,
621 4123 709 4175 ἀλλον
727 4125 798 4188 παρ’
815 4123 921 4190 ἑτέρου,
941 4124 993 4176 οὐκ
1005 4123 1064 4176 οἶδ’
1082 4125 1149 4176 ὅθεν
1167 4125 1343 4190 παραλαβόν-

204 4227 267 4266 roc·
297 4215 428 4278 Ἄνθιμοε
452 4215 482 4265 δὲ
505 4215 521 4266 ὁ
541 4215 625 4281 Γαζήε
649 4216 711 4268 εῖπὲ
729 4231 786 4282 μοι,
811 4217 855 4269 ὅτι
874 4219 990 4270 τώζετοι
1003 4199 1041 4269 ὶἐν
1059 4223 1094 4284 τῇ
1115 4218 1273 4287 βιβλιοθήκῃ
1293 4224 1342 4284 τήε

206 4307 388 4359 Ὀλοεεῶνοε·
418 4309 487 4359 ἔνθα
509 4307 686 4373 περιέχονται
707 4313 813 4374 ταίλτα,
844 4310 888 4362 ὡ(
912 4313 966 4364 καλ
990 4311 1095 4363 αὐτὸ(
1118 4312 1153 4363 ἐν
1177 4317 1217 4377 τῇ
1237 4313 1344 4364 αὑτοῦ

205 4399 406 4467 βιβλιοθήκῃ
425 4401 552 4464 ἔγραψε
570 4405 701 4471 ταῦτα]

258 4508 300 4543 ιἰι.
321 4506 485 4541 mesenum
506 4506 651 4542 ονιιοοιιτλ
671 4507 691 4544 ι,
1100 4489 1141 4552 ξήρ’)
