<?xml version="1.0" encoding="UTF-8"?>
<!DOCTYPE html PUBLIC "-//W3C//DTD XHTML 1.0 Transitional//EN"
    "http://www.w3.org/TR/xhtml1/DTD/xhtml1-transitional.dtd">
<html xmlns="http://www.w3.org/1999/xhtml" xml:lang="en" lang="en">
 <head>
  <title>
</title>
<meta http-equiv="Content-Type" content="text/html;charset=utf-8" />
  <meta name='ocr-system' content='tesseract 3.04.00' />
  <meta name='ocr-capabilities' content='ocr_page ocr_carea ocr_par ocr_line ocrx_word'/>
</head>
<body>
  <div class='ocr_page' id='page_1' title='image "./fridericiritsch11wachgoog_0439.png"; bbox 0 0 3272 5088; ppageno 0'>
   <div class='ocr_carea' id='block_1_1' title="bbox 266 313 968 404">
    <p class='ocr_par' dir='ltr' id='par_1_1' title="bbox 266 313 968 404">
     <span class='ocr_line' id='line_1_1' title="bbox 266 313 968 404; baseline -0.013 8"><span class='ocrx_word' id='word_1_1' title='bbox 266 313 337 402; x_wconf 73' lang='grc'><strong>4111</strong></span> <span class='ocrx_word' id='word_1_2' title='bbox 698 347 745 402; x_wconf 80' lang='lat' dir='ltr'>ou</span> <span class='ocrx_word' id='word_1_3' title='bbox 767 351 968 404; x_wconf 74' lang='lat' dir='ltr'>lournoms</span> 
     </span>
    </p>
   </div>
   <div class='ocr_carea' id='block_1_2' title="bbox 156 502 1408 4210">
    <p class='ocr_par' dir='ltr' id='par_1_2' title="bbox 156 502 1408 3644">
     <span class='ocr_line' id='line_1_2' title="bbox 269 502 1407 592; baseline 0.001 -22"><span class='ocrx_word' id='word_1_4' title='bbox 269 505 515 592; x_wconf 87' lang='lat' dir='ltr'>coniungeretur</span> <span class='ocrx_word' id='word_1_5' title='bbox 546 525 618 571; x_wconf 90' lang='lat' dir='ltr'>cum</span> <span class='ocrx_word' id='word_1_6' title='bbox 650 529 688 570; x_wconf 87' lang='lat' dir='ltr'>ea</span> <span class='ocrx_word' id='word_1_7' title='bbox 720 511 752 570; x_wconf 91' lang='lat' dir='ltr'>et</span> <span class='ocrx_word' id='word_1_8' title='bbox 784 511 1022 591; x_wconf 76' lang='lat' dir='ltr'>compararetur</span> <span class='ocrx_word' id='word_1_9' title='bbox 1055 502 1272 572; x_wconf 77' lang='lat' dir='ltr'>Perdiccae</span> <span class='ocrx_word' id='word_1_10' title='bbox 1309 502 1407 591; x_wconf 86' lang='lat' dir='ltr'>impe·</span> 
     </span>
     <span class='ocr_line' id='line_1_3' title="bbox 268 615 1408 701; baseline -0.001 -22"><span class='ocrx_word' id='word_1_11' title='bbox 268 616 365 700; x_wconf 84' lang='lat' dir='ltr'>rium,</span> <span class='ocrx_word' id='word_1_12' title='bbox 405 616 455 680; x_wconf 91' lang='lat' dir='ltr'>cui</span> <span class='ocrx_word' id='word_1_13' title='bbox 481 616 535 680; x_wconf 91' lang='lat' dir='ltr'>ille</span> <span class='ocrx_word' id='word_1_14' title='bbox 563 617 724 680; x_wconf 86' lang='lat' dir='ltr'>successit.</span> <span class='ocrx_word' id='word_1_15' title='bbox 770 615 866 682; x_wconf 83' lang='lat' dir='ltr'>Cuius</span> <span class='ocrx_word' id='word_1_16' title='bbox 893 617 932 680; x_wconf 91' lang='lat' dir='ltr'>de</span> <span class='ocrx_word' id='word_1_17' title='bbox 959 617 1093 700; x_wconf 88' lang='lat' dir='ltr'>imperio</span> <span class='ocrx_word' id='word_1_18' title='bbox 1121 617 1199 680; x_wconf 91' lang='lat' dir='ltr'>item</span> <span class='ocrx_word' id='word_1_19' title='bbox 1226 616 1408 701; x_wconf 84' lang='lat' dir='ltr'>quadrupli-</span> 
     </span>
     <span class='ocr_line' id='line_1_4' title="bbox 235 724 1408 794; baseline 0.003 -10"><span class='ocrx_word' id='word_1_20' title='bbox 235 738 251 784; x_wconf 80' lang='lat' dir='ltr'>s</span> <span class='ocrx_word' id='word_1_21' title='bbox 270 725 349 789; x_wconf 90' lang='lat' dir='ltr'>citer</span> <span class='ocrx_word' id='word_1_22' title='bbox 370 724 586 790; x_wconf 84' lang='lat' dir='ltr'>existimatum</span> <span class='ocrx_word' id='word_1_23' title='bbox 608 747 677 790; x_wconf 88' lang='lat' dir='ltr'>esse</span> <span class='ocrx_word' id='word_1_24' title='bbox 699 747 719 790; x_wconf 89' lang='lat' dir='ltr'>a</span> <span class='ocrx_word' id='word_1_25' title='bbox 740 726 901 790; x_wconf 88' lang='lat' dir='ltr'>veteribus</span> <span class='ocrx_word' id='word_1_26' title='bbox 923 725 1083 789; x_wconf 80' lang='lat' dir='ltr'>historicis</span> <span class='ocrx_word' id='word_1_27' title='bbox 1105 726 1293 794; x_wconf 75' lang='lat' dir='ltr'><strong>Athenaeus</strong></span> <span class='ocrx_word' id='word_1_28' title='bbox 1315 727 1408 790; x_wconf 89' lang='lat' dir='ltr'>docet</span> 
     </span>
     <span class='ocr_line' id='line_1_5' title="bbox 267 833 1408 918; baseline 0.002 -22"><span class='ocrx_word' id='word_1_29' title='bbox 267 833 297 896; x_wconf 90' lang='lat' dir='ltr'>V</span> <span class='ocrx_word' id='word_1_30' title='bbox 319 858 351 918; x_wconf 91' lang='lat' dir='ltr'>p.</span> <span class='ocrx_word' id='word_1_31' title='bbox 378 835 440 900; x_wconf 87' lang='grc'>217</span> <span class='ocrx_word' id='word_1_32' title='bbox 463 841 501 900; x_wconf 84' lang='lat' dir='ltr'>D.</span> <span class='ocrx_word' id='word_1_33' title='bbox 526 841 562 900; x_wconf 85' lang='lat' dir='ltr'>E.</span> <span class='ocrx_word' id='word_1_34' title='bbox 607 835 692 900; x_wconf 89' lang='lat' dir='ltr'>Nam</span> <span class='ocrx_word' id='word_1_35' title='bbox 714 857 786 901; x_wconf 91' lang='lat' dir='ltr'>cum</span> <span class='ocrx_word' id='word_1_36' title='bbox 808 836 849 899; x_wconf 89' lang='lat' dir='ltr'>ah</span> <span class='ocrx_word' id='word_1_37' title='bbox 869 835 1042 900; x_wconf 85' lang='lat' dir='ltr'>Nicomede</span> <span class='ocrx_word' id='word_1_38' title='bbox 1065 835 1228 900; x_wconf 73' lang='lat' dir='ltr'>Acanthio</span> <span class='ocrx_word' id='word_1_39' title='bbox 1250 836 1408 900; x_wconf 88' lang='lat' dir='ltr'>diceretur</span> 
     </span>
     <span class='ocr_line' id='line_1_6' title="bbox 268 945 1407 1030; baseline 0.001 -22"><span class='ocrx_word' id='word_1_40' title='bbox 268 965 369 1008; x_wconf 88' lang='lat' dir='ltr'>annos</span> <span class='ocrx_word' id='word_1_41' title='bbox 392 966 544 1030; x_wconf 76' lang='lat' dir='ltr'>regnasse</span> <span class='ocrx_word' id='word_1_42' title='bbox 566 945 833 1030; x_wconf 87' lang='lat' dir='ltr'>quadraginta</span> <span class='ocrx_word' id='word_1_43' title='bbox 855 967 984 1029; x_wconf 87' lang='lat' dir='ltr'>unum,</span> <span class='ocrx_word' id='word_1_44' title='bbox 1008 945 1128 1030; x_wconf 90' lang='lat' dir='ltr'>-quibus</span> <span class='ocrx_word' id='word_1_45' title='bbox 1154 967 1253 1009; x_wconf 90' lang='lat' dir='ltr'>unum</span> <span class='ocrx_word' id='word_1_46' title='bbox 1280 948 1407 1009; x_wconf 85' lang='lat' dir='ltr'>tanturn</span> 
     </span>
     <span class='ocr_line' id='line_1_7' title="bbox 268 1054 1406 1140; baseline 0.001 -23"><span class='ocrx_word' id='word_1_47' title='bbox 268 1054 367 1118; x_wconf 88' lang='lat' dir='ltr'>demit</span> <span class='ocrx_word' id='word_1_48' title='bbox 393 1055 611 1119; x_wconf 79' lang='lat' dir='ltr'>Anaximenes</span> <span class='ocrx_word' id='word_1_49' title='bbox 638 1055 888 1140; x_wconf 80' lang='lat' dir='ltr'>(Lampsacenus</span> <span class='ocrx_word' id='word_1_50' title='bbox 915 1059 951 1119; x_wconf 91' lang='grc'>01</span> <span class='ocrx_word' id='word_1_51' title='bbox 977 1054 1131 1138; x_wconf 84' lang='lat' dir='ltr'>videtur),</span> <span class='ocrx_word' id='word_1_52' title='bbox 1167 1059 1279 1120; x_wconf 90' lang='lat' dir='ltr'>contra</span> <span class='ocrx_word' id='word_1_53' title='bbox 1306 1054 1406 1119; x_wconf 74' lang='lat' dir='ltr'>Thac</span> 
     </span>
     <span class='ocr_line' id='line_1_8' title="bbox 268 1163 1407 1252; baseline 0.001 -25"><span class='ocrx_word' id='word_1_54' title='bbox 268 1186 401 1248; x_wconf 89' lang='lat' dir='ltr'>pompus</span> <span class='ocrx_word' id='word_1_55' title='bbox 429 1165 458 1228; x_wconf 90' lang='lat' dir='ltr'>ei</span> <span class='ocrx_word' id='word_1_56' title='bbox 485 1163 599 1228; x_wconf 86' lang='lat' dir='ltr'>tribuit</span> <span class='ocrx_word' id='word_1_57' title='bbox 625 1165 864 1252; x_wconf 76' lang='lat' dir='ltr'>quinqueet</span> <span class='ocrx_word' id='word_1_58' title='bbox 889 1164 1079 1248; x_wconf 85' lang='lat' dir='ltr'>triginta,</span> <span class='ocrx_word' id='word_1_59' title='bbox 1116 1164 1331 1248; x_wconf 84' lang='lat' dir='ltr'>Hieronymus</span> <span class='ocrx_word' id='word_1_60' title='bbox 1353 1185 1407 1228; x_wconf 88' lang='lat' dir='ltr'>au-</span> 
     </span>
     <span class='ocr_line' id='line_1_9' title="bbox 265 1273 1404 1360; baseline 0.002 -24"><span class='ocrx_word' id='word_1_61' title='bbox 265 1277 330 1337; x_wconf 91' lang='lat' dir='ltr'>tem</span> <span class='ocrx_word' id='word_1_62' title='bbox 364 1273 522 1358; x_wconf 84' lang='lat' dir='ltr'>XXVIII,</span> <span class='ocrx_word' id='word_1_63' title='bbox 567 1274 702 1358; x_wconf 88' lang='lat' dir='ltr'>denique</span> <span class='ocrx_word' id='word_1_64' title='bbox 736 1273 848 1338; x_wconf 90' lang='lat' dir='ltr'>XXIII</span> <span class='ocrx_word' id='word_1_65' title='bbox 884 1273 1081 1360; x_wconf 82' lang='lat' dir='ltr'>Marsyas*)</span> <span class='ocrx_word' id='word_1_66' title='bbox 1117 1277 1149 1339; x_wconf 91' lang='lat' dir='ltr'>et</span> <span class='ocrx_word' id='word_1_67' title='bbox 1186 1273 1404 1338; x_wconf 86' lang='lat' dir='ltr'>Philochorus.</span> 
     </span>
     <span class='ocr_line' id='line_1_10' title="bbox 266 1381 1406 1468; baseline -0.001 -20"><span class='ocrx_word' id='word_1_68' title='bbox 266 1381 346 1448; x_wconf 78' lang='lat' dir='ltr'>Cum</span> <span class='ocrx_word' id='word_1_69' title='bbox 367 1383 428 1465; x_wconf 87' lang='lat' dir='ltr'>his,</span> <span class='ocrx_word' id='word_1_70' title='bbox 452 1405 530 1468; x_wconf 91' lang='lat' dir='ltr'>quos</span> <span class='ocrx_word' id='word_1_71' title='bbox 552 1384 664 1448; x_wconf 81' lang='lat' dir='ltr'>ultimo</span> <span class='ocrx_word' id='word_1_72' title='bbox 687 1383 757 1448; x_wconf 92' lang='lat' dir='ltr'>loco</span> <span class='ocrx_word' id='word_1_73' title='bbox 779 1383 950 1467; x_wconf 83' lang='lat' dir='ltr'>appellavi,</span> <span class='ocrx_word' id='word_1_74' title='bbox 974 1383 1071 1467; x_wconf 90' lang='lat' dir='ltr'>plane</span> <span class='ocrx_word' id='word_1_75' title='bbox 1094 1385 1245 1449; x_wconf 87' lang='lat' dir='ltr'>convenit</span> <span class='ocrx_word' id='word_1_76' title='bbox 1265 1383 1406 1449; x_wconf 90' lang='lat' dir='ltr'>Diodoro</span> 
     </span>
     <span class='ocr_line' id='line_1_11' title="bbox 268 1493 1406 1578; baseline 0 -22"><span class='ocrx_word' id='word_1_77' title='bbox 268 1493 352 1577; x_wconf 87' lang='lat' dir='ltr'>apud</span> <span class='ocrx_word' id='word_1_78' title='bbox 374 1493 547 1558; x_wconf 80' lang='lat' dir='ltr'>Eusebium</span> <span class='ocrx_word' id='word_1_79' title='bbox 568 1516 600 1577; x_wconf 90' lang='lat' dir='ltr'>p.</span> <span class='ocrx_word' id='word_1_80' title='bbox 624 1494 686 1558; x_wconf 79' lang='lat'>323</span> <span class='ocrx_word' id='word_1_81' title='bbox 711 1493 782 1558; x_wconf 89' lang='lat' dir='ltr'>coll.</span> <span class='ocrx_word' id='word_1_82' title='bbox 806 1515 838 1577; x_wconf 91' lang='lat' dir='ltr'>p.</span> <span class='ocrx_word' id='word_1_83' title='bbox 862 1493 925 1556; x_wconf 82' lang='lat'>324</span> <span class='ocrx_word' id='word_1_84' title='bbox 952 1496 985 1556; x_wconf 90' lang='lat' dir='ltr'>et</span> <span class='ocrx_word' id='word_1_85' title='bbox 1007 1493 1154 1577; x_wconf 81' lang='lat' dir='ltr'>Syncello</span> <span class='ocrx_word' id='word_1_86' title='bbox 1176 1517 1208 1578; x_wconf 92' lang='lat' dir='ltr'>p.</span> <span class='ocrx_word' id='word_1_87' title='bbox 1232 1493 1293 1558; x_wconf 85' lang='grc'>247</span> <span class='ocrx_word' id='word_1_88' title='bbox 1319 1499 1347 1558; x_wconf 85' lang='grc' dir='ltr'><em>Β</em></span> <span class='ocrx_word' id='word_1_89' title='bbox 1373 1496 1406 1557; x_wconf 89' lang='grc'>01</span> 
     </span>
     <span class='ocr_line' id='line_1_12' title="bbox 267 1602 1404 1687; baseline 0 -21"><span class='ocrx_word' id='word_1_90' title='bbox 267 1625 299 1686; x_wconf 92' lang='lat' dir='ltr'>p.</span> <span class='ocrx_word' id='word_1_91' title='bbox 327 1603 391 1666; x_wconf 78' lang='lat'>262</span> <span class='ocrx_word' id='word_1_92' title='bbox 417 1609 462 1686; x_wconf 85' lang='lat' dir='ltr'>D,</span> <span class='ocrx_word' id='word_1_93' title='bbox 501 1623 572 1666; x_wconf 90' lang='lat' dir='ltr'>cum</span> <span class='ocrx_word' id='word_1_94' title='bbox 598 1602 795 1687; x_wconf 87' lang='lat' dir='ltr'>Hieronymo</span> <span class='ocrx_word' id='word_1_95' title='bbox 822 1624 929 1666; x_wconf 88' lang='lat' dir='ltr'>rursus</span> <span class='ocrx_word' id='word_1_96' title='bbox 958 1603 1020 1685; x_wconf 90' lang='lat' dir='ltr'>ipsi</span> <span class='ocrx_word' id='word_1_97' title='bbox 1047 1602 1186 1668; x_wconf 79' lang='lat' dir='ltr'>Eusebio</span> <span class='ocrx_word' id='word_1_98' title='bbox 1212 1603 1245 1667; x_wconf 94' lang='grc' dir='ltr'>Π</span> <span class='ocrx_word' id='word_1_99' title='bbox 1270 1626 1303 1687; x_wconf 89' lang='lat' dir='ltr'>p.</span> <span class='ocrx_word' id='word_1_100' title='bbox 1331 1603 1404 1682; x_wconf 81' lang='lat'>211,</span> 
     </span>
     <span class='ocr_line' id='line_1_13' title="bbox 233 1709 1407 1797; baseline 0 -21"><span class='ocrx_word' id='word_1_101' title='bbox 233 1735 235 1740; x_wconf 73' lang='grc'>’</span> <span class='ocrx_word' id='word_1_102' title='bbox 267 1709 403 1797; x_wconf 88' lang='lat' dir='ltr'>denique</span> <span class='ocrx_word' id='word_1_103' title='bbox 427 1734 497 1778; x_wconf 92' lang='lat' dir='ltr'>cum</span> <span class='ocrx_word' id='word_1_104' title='bbox 518 1711 692 1778; x_wconf 91' lang='lat' dir='ltr'>Nicomede</span> <span class='ocrx_word' id='word_1_105' title='bbox 707 1712 860 1777; x_wconf 90' lang='lat' dir='ltr'>Marmori</span> <span class='ocrx_word' id='word_1_106' title='bbox 882 1712 977 1776; x_wconf 88' lang='lat' dir='ltr'>Pario</span> <span class='ocrx_word' id='word_1_107' title='bbox 999 1735 1029 1775; x_wconf 86' lang='lat' dir='ltr'>v.</span> <span class='ocrx_word' id='word_1_108' title='bbox 1046 1713 1088 1778; x_wconf 82' lang='grc'>73</span> <span class='ocrx_word' id='word_1_109' title='bbox 1110 1716 1142 1776; x_wconf 92' lang='grc'>01</span> <span class='ocrx_word' id='word_1_110' title='bbox 1164 1713 1407 1797; x_wconf 64' lang='grc'><strong>7600101159</strong></span> 
     </span>
     <span class='ocr_line' id='line_1_14' title="bbox 267 1821 1406 1907; baseline -0.001 -22"><span class='ocrx_word' id='word_1_111' title='bbox 267 1826 299 1885; x_wconf 87' lang='lat' dir='ltr'>et</span> <span class='ocrx_word' id='word_1_112' title='bbox 326 1822 377 1885; x_wconf 78' lang='lat'>62.</span> <span class='ocrx_word' id='word_1_113' title='bbox 428 1821 546 1896; x_wconf 82' lang='lat' dir='ltr'>Quodsi</span> <span class='ocrx_word' id='word_1_114' title='bbox 574 1822 760 1886; x_wconf 87' lang='lat' dir='ltr'>brevissima</span> <span class='ocrx_word' id='word_1_115' title='bbox 786 1842 929 1906; x_wconf 86' lang='lat' dir='ltr'>quaeque</span> <span class='ocrx_word' id='word_1_116' title='bbox 961 1821 1087 1905; x_wconf 92' lang='lat' dir='ltr'>imperii</span> <span class='ocrx_word' id='word_1_117' title='bbox 1114 1822 1219 1906; x_wconf 90' lang='lat' dir='ltr'>spatia</span> <span class='ocrx_word' id='word_1_118' title='bbox 1245 1822 1406 1907; x_wconf 89' lang='lat' dir='ltr'>iungimus</span> 
     </span>
     <span class='ocr_line' id='line_1_15' title="bbox 266 1930 1406 2016; baseline 0 -22"><span class='ocrx_word' id='word_1_119' title='bbox 266 1931 461 2015; x_wconf 85' lang='lat' dir='ltr'>longissimis</span> <span class='ocrx_word' id='word_1_120' title='bbox 488 1930 662 2015; x_wconf 87' lang='lat' dir='ltr'>quibusque</span> <span class='ocrx_word' id='word_1_121' title='bbox 690 1932 853 2016; x_wconf 90' lang='lat' dir='ltr'>utriusque</span> <span class='ocrx_word' id='word_1_122' title='bbox 880 1931 981 2016; x_wconf 84' lang='lat' dir='ltr'>regis,</span> <span class='ocrx_word' id='word_1_123' title='bbox 1015 1931 1186 2016; x_wconf 89' lang='lat' dir='ltr'>eademque</span> <span class='ocrx_word' id='word_1_124' title='bbox 1215 1931 1340 1996; x_wconf 90' lang='lat' dir='ltr'>ratione</span> <span class='ocrx_word' id='word_1_125' title='bbox 1368 1953 1406 1995; x_wconf 87' lang='lat' dir='ltr'>ea</span> 
     </span>
     <span class='ocr_line' id='line_1_16' title="bbox 267 2040 1406 2126; baseline 0.002 -24"><span class='ocrx_word' id='word_1_126' title='bbox 267 2061 348 2124; x_wconf 85' lang='lat' dir='ltr'>quae</span> <span class='ocrx_word' id='word_1_127' title='bbox 370 2044 446 2104; x_wconf 88' lang='lat' dir='ltr'>sunt</span> <span class='ocrx_word' id='word_1_128' title='bbox 466 2040 571 2104; x_wconf 86' lang='lat' dir='ltr'>media</span> <span class='ocrx_word' id='word_1_129' title='bbox 597 2041 683 2104; x_wconf 88' lang='lat' dir='ltr'>inter</span> <span class='ocrx_word' id='word_1_130' title='bbox 705 2062 739 2104; x_wconf 88' lang='lat' dir='ltr'>se</span> <span class='ocrx_word' id='word_1_131' title='bbox 761 2040 974 2126; x_wconf 84' lang='lat' dir='ltr'>disponimus,</span> <span class='ocrx_word' id='word_1_132' title='bbox 1003 2041 1131 2106; x_wconf 90' lang='lat' dir='ltr'>illorum</span> <span class='ocrx_word' id='word_1_133' title='bbox 1151 2041 1406 2106; x_wconf 88' lang='lat' dir='ltr'>testimoniorum</span> 
     </span>
     <span class='ocr_line' id='line_1_17' title="bbox 267 2149 1407 2236; baseline 0.001 -24"><span class='ocrx_word' id='word_1_134' title='bbox 267 2149 483 2232; x_wconf 84' lang='lat' dir='ltr'>discrepantia</span> <span class='ocrx_word' id='word_1_135' title='bbox 505 2149 638 2214; x_wconf 89' lang='lat' dir='ltr'>solvitur</span> <span class='ocrx_word' id='word_1_136' title='bbox 660 2154 807 2233; x_wconf 86' lang='lat' dir='ltr'>eatenus,</span> <span class='ocrx_word' id='word_1_137' title='bbox 836 2154 872 2214; x_wconf 92' lang='lat' dir='ltr'>ut</span> <span class='ocrx_word' id='word_1_138' title='bbox 894 2150 997 2214; x_wconf 88' lang='lat' dir='ltr'>omnis</span> <span class='ocrx_word' id='word_1_139' title='bbox 1020 2152 1235 2216; x_wconf 86' lang='lat' dir='ltr'>controversia</span> <span class='ocrx_word' id='word_1_140' title='bbox 1257 2154 1407 2236; x_wconf 84' lang='lat' dir='ltr'>quattuor</span> 
     </span>
     <span class='ocr_line' id='line_1_18' title="bbox 267 2258 1406 2345; baseline 0.001 -23"><span class='ocrx_word' id='word_1_141' title='bbox 267 2258 306 2322; x_wconf 86' lang='lat' dir='ltr'>ad</span> <span class='ocrx_word' id='word_1_142' title='bbox 330 2279 486 2324; x_wconf 87' lang='lat' dir='ltr'>summum</span> <span class='ocrx_word' id='word_1_143' title='bbox 509 2279 665 2324; x_wconf 89' lang='lat' dir='ltr'>annorum</span> <span class='ocrx_word' id='word_1_144' title='bbox 681 2259 863 2324; x_wconf 84' lang='lat' dir='ltr'>discrimine</span> <span class='ocrx_word' id='word_1_145' title='bbox 884 2263 1028 2324; x_wconf 85' lang='lat' dir='ltr'>vertatur</span> <span class='ocrx_word' id='word_1_146' title='bbox 1050 2282 1268 2345; x_wconf 86' lang='lat' dir='ltr'>annorumque</span> <span class='ocrx_word' id='word_1_147' title='bbox 1283 2279 1406 2324; x_wconf 87' lang='lat' dir='ltr'>summa</span> 
     </span>
     <span class='ocr_line' id='line_1_19' title="bbox 267 2368 1405 2454; baseline 0 -22"><span class='ocrx_word' id='word_1_148' title='bbox 267 2369 430 2452; x_wconf 89' lang='lat' dir='ltr'>utriusque</span> <span class='ocrx_word' id='word_1_149' title='bbox 462 2368 588 2452; x_wconf 89' lang='lat' dir='ltr'>imperii</span> <span class='ocrx_word' id='word_1_150' title='bbox 616 2369 777 2434; x_wconf 91' lang='lat' dir='ltr'>coniuncti</span> <span class='ocrx_word' id='word_1_151' title='bbox 810 2369 896 2433; x_wconf 90' lang='lat' dir='ltr'>inter</span> <span class='ocrx_word' id='word_1_152' title='bbox 924 2370 1213 2454; x_wconf 86' lang='lat' dir='ltr'>quadragenarium</span> <span class='ocrx_word' id='word_1_153' title='bbox 1240 2391 1405 2434; x_wconf 90' lang='lat' dir='ltr'>numerum</span> 
     </span>
     <span class='ocr_line' id='line_1_20' title="bbox 266 2478 1406 2563; baseline 0 -21"><span class='ocrx_word' id='word_1_154' title='bbox 266 2482 299 2542; x_wconf 90' lang='lat' dir='ltr'>et</span> <span class='ocrx_word' id='word_1_155' title='bbox 320 2478 630 2563; x_wconf 85' lang='lat' dir='ltr'>quinquagenarium</span> <span class='ocrx_word' id='word_1_156' title='bbox 651 2479 813 2543; x_wconf 87' lang='lat' dir='ltr'>subsistat.</span> <span class='ocrx_word' id='word_1_157' title='bbox 849 2478 937 2553; x_wconf 82' lang='lat' dir='ltr'>Quod</span> <span class='ocrx_word' id='word_1_158' title='bbox 961 2479 1258 2544; x_wconf 85' lang='lat' dir='ltr'>mathematicorum</span> <span class='ocrx_word' id='word_1_159' title='bbox 1281 2481 1406 2544; x_wconf 87' lang='lat' dir='ltr'>ratione</span> 
     </span>
     <span class='ocr_line' id='line_1_21' title="bbox 156 2570 878 2671; baseline 0 -19"><span class='ocrx_word' id='word_1_160' title='bbox 156 2589 158 2594; x_wconf 82' lang='grc'><strong>’</strong></span> <span class='ocrx_word' id='word_1_161' title='bbox 266 2589 422 2653; x_wconf 87' lang='lat' dir='ltr'>declarari</span> <span class='ocrx_word' id='word_1_162' title='bbox 445 2570 550 2671; x_wconf 78' lang='lat' dir='ltr'>potest</span> <span class='ocrx_word' id='word_1_163' title='bbox 571 2589 606 2652; x_wconf 90' lang='lat' dir='ltr'>in</span> <span class='ocrx_word' id='word_1_164' title='bbox 628 2590 714 2653; x_wconf 91' lang='lat' dir='ltr'>hunc</span> <span class='ocrx_word' id='word_1_165' title='bbox 735 2589 878 2652; x_wconf 87' lang='lat' dir='ltr'>modum:</span> 
     </span>
     <span class='ocr_line' id='line_1_22' title="bbox 595 2697 961 2763; baseline 0.003 -2"><span class='ocrx_word' id='word_1_166' title='bbox 595 2697 767 2762; x_wconf 86' lang='lat' dir='ltr'>Perdiccae</span> <span class='ocrx_word' id='word_1_167' title='bbox 810 2699 961 2763; x_wconf 85' lang='lat' dir='ltr'>Archelai</span> 
     </span>
     <span class='ocr_line' id='line_1_23' title="bbox 621 2809 1015 2885; baseline 0.005 -13"><span class='ocrx_word' id='word_1_168' title='bbox 621 2809 699 2872; x_wconf 85' lang='lat' dir='ltr'>anni</span> <span class='ocrx_word' id='word_1_169' title='bbox 721 2810 761 2872; x_wconf 89' lang='grc'>41</span> <span class='ocrx_word' id='word_1_170' title='bbox 789 2817 822 2885; x_wconf 74' lang='grc'>-1-</span> <span class='ocrx_word' id='word_1_171' title='bbox 869 2810 953 2873; x_wconf 75' lang='lat'>7:</span> <span class='ocrx_word' id='word_1_172' title='bbox 973 2810 1015 2874; x_wconf 88' lang='lat'>48</span> 
     </span>
     <span class='ocr_line' id='line_1_24' title="bbox 722 2919 1017 2994; baseline -0.007 -10"><span class='ocrx_word' id='word_1_173' title='bbox 722 2920 764 2984; x_wconf 78' lang='grc'>35</span> <span class='ocrx_word' id='word_1_174' title='bbox 790 2926 825 2994; x_wconf 86' lang='grc' dir='ltr'>-Ι-</span> <span class='ocrx_word' id='word_1_175' title='bbox 852 2919 892 2982; x_wconf 87' lang='grc'>14</span> <span class='ocrx_word' id='word_1_176' title='bbox 910 2947 955 2977; x_wconf 85' lang='lat'><strong>=·.:</strong></span> <span class='ocrx_word' id='word_1_177' title='bbox 974 2919 1017 2982; x_wconf 79' lang='grc'>49</span> 
     </span>
     <span class='ocr_line' id='line_1_25' title="bbox 722 3028 1017 3100; baseline 0.003 -8"><span class='ocrx_word' id='word_1_178' title='bbox 722 3029 763 3092; x_wconf 82' lang='grc'>28</span> <span class='ocrx_word' id='word_1_179' title='bbox 789 3032 823 3100; x_wconf 82' lang='grc'>-1-</span> <span class='ocrx_word' id='word_1_180' title='bbox 852 3030 889 3093; x_wconf 94' lang='grc'>17</span> <span class='ocrx_word' id='word_1_181' title='bbox 910 3057 955 3089; x_wconf 83' lang='lat'>=</span> <span class='ocrx_word' id='word_1_182' title='bbox 975 3028 1017 3093; x_wconf 81' lang='lat'>45</span> 
     </span>
     <span class='ocr_line' id='line_1_26' title="bbox 722 3137 1015 3215; baseline 0.003 -14"><span class='ocrx_word' id='word_1_183' title='bbox 722 3137 1015 3215; x_wconf 59' lang='lat' dir='ltr'>ffi÷ffl=ss</span> 
     </span>
     <span class='ocr_line' id='line_1_27' title="bbox 265 3246 1404 3334; baseline -0.004 -19"><span class='ocrx_word' id='word_1_184' title='bbox 265 3251 377 3334; x_wconf 84' lang='lat' dir='ltr'>Itaque</span> <span class='ocrx_word' id='word_1_185' title='bbox 400 3271 471 3315; x_wconf 90' lang='lat' dir='ltr'>cum</span> <span class='ocrx_word' id='word_1_186' title='bbox 493 3249 532 3313; x_wconf 91' lang='lat' dir='ltr'>de</span> <span class='ocrx_word' id='word_1_187' title='bbox 554 3269 677 3314; x_wconf 87' lang='lat' dir='ltr'>summa</span> <span class='ocrx_word' id='word_1_188' title='bbox 699 3269 866 3331; x_wconf 88' lang='lat' dir='ltr'>annorum,</span> <span class='ocrx_word' id='word_1_189' title='bbox 889 3269 968 3332; x_wconf 90' lang='lat' dir='ltr'>quos</span> <span class='ocrx_word' id='word_1_190' title='bbox 990 3246 1155 3310; x_wconf 88' lang='lat' dir='ltr'>amborum</span> <span class='ocrx_word' id='word_1_191' title='bbox 1174 3269 1285 3332; x_wconf 90' lang='lat' dir='ltr'>regum</span> <span class='ocrx_word' id='word_1_192' title='bbox 1307 3248 1404 3331; x_wconf 92' lang='lat' dir='ltr'>impe·</span> 
     </span>
     <span class='ocr_line' id='line_1_28' title="bbox 214 3356 1404 3448; baseline -0.003 -24"><span class='ocrx_word' id='word_1_193' title='bbox 214 3441 222 3448; x_wconf 41' lang='grc'>,</span> <span class='ocrx_word' id='word_1_194' title='bbox 265 3361 347 3424; x_wconf 91' lang='lat' dir='ltr'>rium</span> <span class='ocrx_word' id='word_1_195' title='bbox 370 3360 526 3444; x_wconf 84' lang='lat' dir='ltr'>expleret,</span> <span class='ocrx_word' id='word_1_196' title='bbox 551 3358 778 3443; x_wconf 90' lang='lat' dir='ltr'>propemodum</span> <span class='ocrx_word' id='word_1_197' title='bbox 801 3357 987 3432; x_wconf 81' lang='lat' dir='ltr'>conveniret</span> <span class='ocrx_word' id='word_1_198' title='bbox 1008 3356 1184 3440; x_wconf 85' lang='lat' dir='ltr'>historicis,</span> <span class='ocrx_word' id='word_1_199' title='bbox 1213 3357 1252 3421; x_wconf 89' lang='lat' dir='ltr'>de</span> <span class='ocrx_word' id='word_1_200' title='bbox 1275 3379 1312 3422; x_wconf 94' lang='lat' dir='ltr'>eo</span> <span class='ocrx_word' id='word_1_201' title='bbox 1334 3361 1404 3420; x_wconf 85' lang='lat' dir='ltr'>tan·</span> 
     </span>
     <span class='ocr_line' id='line_1_29' title="bbox 265 3465 1404 3554; baseline -0.004 -19"><span class='ocrx_word' id='word_1_202' title='bbox 265 3474 333 3535; x_wconf 88' lang='lat' dir='ltr'>tum</span> <span class='ocrx_word' id='word_1_203' title='bbox 354 3469 455 3534; x_wconf 90' lang='lat' dir='ltr'>videri</span> <span class='ocrx_word' id='word_1_204' title='bbox 477 3469 578 3554; x_wconf 89' lang='lat' dir='ltr'>possit</span> <span class='ocrx_word' id='word_1_205' title='bbox 599 3468 780 3533; x_wconf 87' lang='lat' dir='ltr'>dubitatum</span> <span class='ocrx_word' id='word_1_206' title='bbox 803 3489 886 3551; x_wconf 80' lang='lat' dir='ltr'>esse,</span> <span class='ocrx_word' id='word_1_207' title='bbox 916 3465 1092 3551; x_wconf 88' lang='lat' dir='ltr'>quomodo</span> <span class='ocrx_word' id='word_1_208' title='bbox 1118 3467 1281 3550; x_wconf 88' lang='lat' dir='ltr'>utriusque</span> <span class='ocrx_word' id='word_1_209' title='bbox 1304 3487 1404 3550; x_wconf 88' lang='lat' dir='ltr'>regno</span> 
     </span>
     <span class='ocr_line' id='line_1_30' title="bbox 265 3576 1063 3644; baseline -0.006 0"><span class='ocrx_word' id='word_1_210' title='bbox 265 3603 338 3644; x_wconf 78' lang='lat' dir='ltr'>suus</span> <span class='ocrx_word' id='word_1_211' title='bbox 361 3601 519 3644; x_wconf 87' lang='lat' dir='ltr'>annorum</span> <span class='ocrx_word' id='word_1_212' title='bbox 540 3599 690 3642; x_wconf 88' lang='lat' dir='ltr'>numerus</span> <span class='ocrx_word' id='word_1_213' title='bbox 712 3576 947 3642; x_wconf 78' lang='lat' dir='ltr'>distribuendus</span> <span class='ocrx_word' id='word_1_214' title='bbox 971 3579 1063 3640; x_wconf 87' lang='lat' dir='ltr'>esset.</span> 
     </span>
    </p>

    <p class='ocr_par' dir='ltr' id='par_1_3' title="bbox 263 3685 1404 4210">
     <span class='ocr_line' id='line_1_31' title="bbox 349 3685 1403 3770; baseline -0.005 -17"><span class='ocrx_word' id='word_1_215' title='bbox 349 3691 395 3753; x_wconf 89' lang='lat' dir='ltr'>At</span> <span class='ocrx_word' id='word_1_216' title='bbox 416 3711 491 3754; x_wconf 87' lang='lat' dir='ltr'>vero</span> <span class='ocrx_word' id='word_1_217' title='bbox 513 3688 593 3752; x_wconf 91' lang='lat' dir='ltr'>haec</span> <span class='ocrx_word' id='word_1_218' title='bbox 615 3688 746 3752; x_wconf 89' lang='lat' dir='ltr'>minime</span> <span class='ocrx_word' id='word_1_219' title='bbox 773 3688 819 3751; x_wconf 85' lang='lat' dir='ltr'>ita</span> <span class='ocrx_word' id='word_1_220' title='bbox 847 3707 915 3750; x_wconf 88' lang='lat' dir='ltr'>esse</span> <span class='ocrx_word' id='word_1_221' title='bbox 948 3685 1146 3770; x_wconf 81' lang='lat' dir='ltr'>argumentis</span> <span class='ocrx_word' id='word_1_222' title='bbox 1173 3685 1305 3750; x_wconf 89' lang='lat' dir='ltr'>docetur</span> <span class='ocrx_word' id='word_1_223' title='bbox 1332 3705 1403 3770; x_wconf 85' lang='lat' dir='ltr'>gra·</span> 
     </span>
     <span class='ocr_line' id='line_1_32' title="bbox 264 3793 1403 3880; baseline -0.006 -17"><span class='ocrx_word' id='word_1_224' title='bbox 264 3798 411 3864; x_wconf 88' lang='lat' dir='ltr'>vissimis.</span> <span class='ocrx_word' id='word_1_225' title='bbox 462 3797 593 3862; x_wconf 83' lang='lat' dir='ltr'>Etenim</span> <span class='ocrx_word' id='word_1_226' title='bbox 620 3801 653 3861; x_wconf 88' lang='lat' dir='ltr'>et</span> <span class='ocrx_word' id='word_1_227' title='bbox 682 3797 759 3860; x_wconf 91' lang='lat' dir='ltr'>illud</span> <span class='ocrx_word' id='word_1_228' title='bbox 788 3796 1000 3880; x_wconf 89' lang='lat' dir='ltr'>reputandum</span> <span class='ocrx_word' id='word_1_229' title='bbox 1027 3799 1092 3878; x_wconf 86' lang='lat' dir='ltr'>est,</span> <span class='ocrx_word' id='word_1_230' title='bbox 1120 3817 1158 3859; x_wconf 87' lang='lat' dir='ltr'>ea</span> <span class='ocrx_word' id='word_1_231' title='bbox 1186 3795 1225 3858; x_wconf 91' lang='lat' dir='ltr'>de</span> <span class='ocrx_word' id='word_1_232' title='bbox 1253 3793 1403 3859; x_wconf 82' lang='lat' dir='ltr'>Archelai</span> 
     </span>
     <span class='ocr_line' id='line_1_33' title="bbox 263 3904 1403 3994; baseline -0.005 -22"><span class='ocrx_word' id='word_1_233' title='bbox 263 3930 365 3994; x_wconf 85' lang='lat' dir='ltr'>reguo</span> <span class='ocrx_word' id='word_1_234' title='bbox 393 3907 593 3990; x_wconf 85' lang='lat' dir='ltr'>testimonia,</span> <span class='ocrx_word' id='word_1_235' title='bbox 625 3927 705 3990; x_wconf 87' lang='lat' dir='ltr'>quoe</span> <span class='ocrx_word' id='word_1_236' title='bbox 733 3907 837 3990; x_wconf 89' lang='lat' dir='ltr'>primo</span> <span class='ocrx_word' id='word_1_237' title='bbox 864 3909 897 3969; x_wconf 93' lang='lat' dir='ltr'>et</span> <span class='ocrx_word' id='word_1_238' title='bbox 917 3905 1013 3968; x_wconf 87' lang='lat' dir='ltr'>tertio</span> <span class='ocrx_word' id='word_1_239' title='bbox 1040 3904 1110 3969; x_wconf 89' lang='lat' dir='ltr'>loco</span> <span class='ocrx_word' id='word_1_240' title='bbox 1132 3905 1309 3988; x_wconf 87' lang='lat' dir='ltr'>posuimus,</span> <span class='ocrx_word' id='word_1_241' title='bbox 1338 3925 1403 3967; x_wconf 90' lang='lat' dir='ltr'>non</span> 
     </span>
     <span class='ocr_line' id='line_1_34' title="bbox 264 4014 1403 4097; baseline -0.004 -15"><span class='ocrx_word' id='word_1_242' title='bbox 264 4039 332 4082; x_wconf 85' lang='lat' dir='ltr'>esse</span> <span class='ocrx_word' id='word_1_243' title='bbox 360 4017 501 4082; x_wconf 86' lang='lat' dir='ltr'>diversas</span> <span class='ocrx_word' id='word_1_244' title='bbox 528 4017 724 4080; x_wconf 89' lang='lat' dir='ltr'>diversorum</span> <span class='ocrx_word' id='word_1_245' title='bbox 756 4015 948 4097; x_wconf 82' lang='lat' dir='ltr'>sententias,</span> <span class='ocrx_word' id='word_1_246' title='bbox 987 4014 1042 4078; x_wconf 91' lang='lat' dir='ltr'>sed</span> <span class='ocrx_word' id='word_1_247' title='bbox 1070 4035 1109 4078; x_wconf 87' lang='lat' dir='ltr'>ex</span> <span class='ocrx_word' id='word_1_248' title='bbox 1136 4035 1202 4078; x_wconf 91' lang='lat' dir='ltr'>uno</span> <span class='ocrx_word' id='word_1_249' title='bbox 1233 4015 1403 4096; x_wconf 87' lang='lat' dir='ltr'>eodemque</span> 
     </span>
     <span class='ocr_line' id='line_1_35' title="bbox 264 4122 1404 4210; baseline -0.006 -19"><span class='ocrx_word' id='word_1_250' title='bbox 264 4127 404 4192; x_wconf 90' lang='lat' dir='ltr'>Diodoro</span> <span class='ocrx_word' id='word_1_251' title='bbox 431 4131 573 4210; x_wconf 82' lang='lat' dir='ltr'>sumpta:</span> <span class='ocrx_word' id='word_1_252' title='bbox 601 4125 670 4210; x_wconf 89' lang='lat' dir='ltr'>qui,</span> <span class='ocrx_word' id='word_1_253' title='bbox 700 4126 799 4190; x_wconf 88' lang='lat' dir='ltr'>sires</span> <span class='ocrx_word' id='word_1_254' title='bbox 826 4125 874 4189; x_wconf 82' lang='lat' dir='ltr'>ita</span> <span class='ocrx_word' id='word_1_255' title='bbox 894 4146 928 4188; x_wconf 92' lang='lat' dir='ltr'>se</span> <span class='ocrx_word' id='word_1_256' title='bbox 949 4123 1082 4188; x_wconf 89' lang='lat' dir='ltr'>haberet</span> <span class='ocrx_word' id='word_1_257' title='bbox 1088 4173 1097 4206; x_wconf 91' lang='lat'><em>,</em></span> <span class='ocrx_word' id='word_1_258' title='bbox 1129 4122 1208 4187; x_wconf 87' lang='lat' dir='ltr'>adeo</span> <span class='ocrx_word' id='word_1_259' title='bbox 1235 4122 1404 4207; x_wconf 90' lang='lat' dir='ltr'>dupliciter</span> 
     </span>
    </p>
   </div>
   <div class='ocr_carea' id='block_1_3' title="bbox 265 4281 465 4290">
    <p class='ocr_par' dir='ltr' id='par_1_4' title="bbox 265 4281 465 4290">
     <span class='ocr_line' id='line_1_36' title="bbox 265 4281 465 4290; baseline 0 -1"><span class='ocrx_word' id='word_1_260' title='bbox 265 4281 465 4290; x_wconf 64' lang='lat'>.-—.—--.--</span> 
     </span>
    </p>
   </div>
   <div class='ocr_carea' id='block_1_4' title="bbox 331 4357 1184 4432">
    <p class='ocr_par' dir='ltr' id='par_1_5' title="bbox 331 4357 1184 4432">
     <span class='ocr_line' id='line_1_37' title="bbox 331 4357 1184 4432; baseline -0.004 -16"><span class='ocrx_word' id='word_1_261' title='bbox 331 4364 355 4432; x_wconf 83' lang='lat'>*)</span> <span class='ocrx_word' id='word_1_262' title='bbox 375 4362 425 4429; x_wconf 89' lang='lat' dir='ltr'>[De</span> <span class='ocrx_word' id='word_1_263' title='bbox 443 4361 495 4416; x_wconf 91' lang='lat' dir='ltr'>hoc</span> <span class='ocrx_word' id='word_1_264' title='bbox 513 4361 575 4418; x_wconf 78' lang='lat' dir='ltr'>ride</span> <span class='ocrx_word' id='word_1_265' title='bbox 593 4361 823 4418; x_wconf 82' lang='lat' dir='ltr'>Dissertationern</span> <span class='ocrx_word' id='word_1_266' title='bbox 841 4360 903 4416; x_wconf 88' lang='lat' dir='ltr'>XVI</span> <span class='ocrx_word' id='word_1_267' title='bbox 922 4361 1001 4414; x_wconf 90' lang='lat' dir='ltr'>huius</span> <span class='ocrx_word' id='word_1_268' title='bbox 1018 4357 1184 4428; x_wconf 79' lang='lat' dir='ltr'>voluminis]</span> 
     </span>
    </p>
   </div>
   <div class='ocr_carea' id='block_1_5' title="bbox 0 0 1640 5088">
    <p class='ocr_par' dir='ltr' id='par_1_6' title="bbox 0 0 1640 5088">
     <span class='ocr_line' id='line_1_38' title="bbox 0 0 1640 5088; baseline 0 1"><span class='ocrx_word' id='word_1_269' title='bbox 0 0 1640 5088; x_wconf 95' lang='lat' dir='ltr'> </span> 
     </span>
    </p>
   </div>
  </div>
 </body>
</html>
