3218 5094
265 389 328 452 590
642 405 688 450 ns
713 405 782 452 ono
807 407 850 451 nr
874 406 1016 454 osronn.

265 557 409 620 Marinus
437 557 471 620 in
500 558 566 620 vita
592 556 699 621 Procli
730 559 838 642 (quem
865 561 978 622 natum
1002 561 1129 622 constat
1151 581 1179 622 a.
1210 557 1405 643 OGCOXH),

265 667 311 730 sic
333 668 511 751 perscripta
535 690 604 752 cap.
629 668 663 732 8:
688 669 836 749 ἐφοίτηςε
859 671 894 734 δὲ
917 671 967 733 καὶ
990 655 1032 734 εἰς
1054 674 1270 749 γραμματικοῦ
1293 669 1406 750 Ὠρίω-

264 798 340 857 νος,
368 779 405 842 ὃς
434 778 473 857 ἦν
501 779 536 843 ἐκ
565 783 624 843 τοῦ
647 782 728 858 παρ’
749 779 929 855 Αἰγυπτίοις
951 779 1110 860 ἱερατικοῦ
1131 782 1247 856 γένους
1270 781 1405 856 καταγό-

263 907 359 966 μενος
387 891 436 953 καὶ
463 890 597 970 μετρίως
626 890 664 954 τὰ
686 893 742 968 τῆς
770 891 883 970 τέχνης
911 890 1157 969 ἐπεςκεμμένυς,
1190 891 1294 954 οὕτως
1324 891 1405 956 ὥςτε

263 1001 312 1063 καὶ
341 1000 564 1078 ςυγγράμματα
592 999 708 1064 ἑαυτοῦ
735 998 798 1063 ἴδια
827 1001 998 1078 ἐκπονῆςαι
1026 1001 1076 1064 καὶ
1104 1004 1171 1065 τοῖς
1193 1001 1264 1080 μεθ’
1286 1001 1404 1065 ἑαυτὸν

196 1187 201 1196 Ι
262 1110 394 1188 χρήςιμα
415 1113 612 1175 καταλιπεῖνε
636 1110 670 1173 ιιι
693 1109 806 1192 quibus
829 1110 938 1173 nescio
953 1109 1028 1193 quid
1047 1110 1245 1178 stomachum
1268 1113 1406 1174 moverit

263 1218 444 1282 Muetzellio
460 1219 498 1282 de
515 1220 638 1284 emend.
656 1219 861 1303 Theogoniae
877 1218 1055 1284 Hesiodeae
1076 1244 1108 1304 p.
1125 1221 1198 1284 321.
1234 1221 1404 1284 Praeclare

229 1341 244 1388 8
264 1351 334 1393 cum
357 1330 440 1413 quod
462 1329 500 1393 de
523 1351 640 1414 genere
664 1329 792 1394 Orionis
814 1333 1017 1413 memoratur,
1041 1330 1076 1393 in
1091 1329 1281 1394 Thebanum
1304 1331 1402 1414 cadit,

261 1443 329 1503 tum
353 1439 435 1524 quod
458 1440 496 1503 de
519 1440 609 1503 libris
633 1439 673 1502 ad
695 1444 838 1524 posteros
860 1440 1010 1524 proditis:
1034 1440 1289 1524 quandoquidem
1311 1463 1403 1525 prae-

261 1553 311 1613 ter
337 1549 544 1635 Florilegium
572 1551 669 1612 etiam
698 1549 956 1635 Etymologioum
989 1551 1028 1614 ad
1058 1551 1193 1615 eundem
1220 1551 1403 1614 rettulimus

261 1664 433 1724 auctorem.
478 1660 524 1724 Vt
551 1660 742 1723 mirabiliter
769 1660 951 1742 Fabricium
981 1664 1149 1744 postquam
1177 1662 1211 1724 ιιι
1240 1661 1403 1725 Marinum

261 1771 339 1834 scite
361 1771 414 1835 sio
444 1774 676 1834 commentatus
704 1773 774 1834 erat
801 1794 832 1854 p.
857 1771 898 1835 82
931 1771 1049 1834 Boiss.:
1087 1777 1137 1836 iric
1164 1783 1207 1836 cst
1228 1793 1313 1850 quem
1332 1776 1402 1849 sre-

261 1895 387 1960 queuter
407 1888 515 1944 laudat
535 1889 667 1961 scriptor
687 1889 795 1960 ιααριιι·
816 1887 1029 1964 Ιιίμιιιοῖομίοἱ,
1061 1881 1196 1946 eundem
1224 1884 1257 1945 et
1279 1904 1297 1945 a
1319 1881 1402 1946 The-

261 1992 344 2054 bano
373 1995 405 2054 et
432 1991 473 2054 ab
501 1990 720 2054 Alexandrino
748 2013 876 2074 prorsus
904 1990 1067 2055 discernat
1093 1992 1128 2055 in
1158 1991 1240 2055 Bibl.
1270 2013 1318 2076 gr.
1354 1991 1403 2056 VI

259 2124 292 2185 p.
314 2102 377 2165 374
399 2101 490 2164 Harl.
529 2101 745 2164 Alexandriae
767 2105 884 2184 antem,
909 2103 963 2166 ubi
986 2101 1152 2165 institutus
1176 2123 1243 2167 esse
1266 2101 1399 2167 Proclns

260 2215 425 2294 narratur,
460 2212 624 2295 probabile
648 2215 696 2275 est
717 2211 805 2294 pn'us
828 2212 980 2277 Orionem
1002 2212 1181 2296 professum
1203 2233 1271 2276 esse
1294 2234 1402 2297 gram-

259 2322 421 2404 maticam,
446 2345 541 2407 quam
557 2321 746 2388 Caesaream
770 2343 803 2385 se
827 2321 1036 2386 converteret.
1082 2323 1230 2388 Oetertnn
1253 2322 1291 2385 de
1314 2322 1399 2406 Cap-

259 2433 411 2517 padociae
434 2434 512 2497 urbe
535 2433 740 2497 celeberrima
762 2435 848 2496 recte
872 2433 1027 2518 cogitavit
1049 2433 1236 2516 Lareherus‚
1260 2437 1400 2516 atquae

259 2567 297 2608 cx
325 2545 370 2608 eis
401 2544 514 2626 irretit,
548 2544 583 2608 in
615 2545 728 2627 quibus
761 2544 934 2627 praecipua
967 2543 1123 2627 quaedam
1155 2543 1332 2607 rhetoricae
1367 2546 1401 2607 et

258 2655 488 2739 grammaticae
518 2653 595 2717 artis
624 2653 714 2717 sedes
743 2654 918 2717 constituta
944 2654 1017 2718 fuit.
1063 2652 1155 2736 Vide,
1186 2653 1213 2716 si
1235 2653 1319 2717 tanti
1343 2654 1397 2736 sit,

258 2763 475 2830 Sohlosserum
497 2771 535 2828 de
556 2771 682 2828 Graecis
696 2769 813 2828 iuliani
836 2768 1052 2844 Tiecodosiiquc
1073 2777 1205 2843 tempore
1226 2771 1399 2828 litterarum

258 2881 510 2952 universitatibus
544 2882 701 2951 studiosis,
730 2878 955 2955 professoribus
987 2875 1078 2938 docte
1112 2875 1329 2957 disputantem
1363 2875 1398 2938 in
1490 2909 1493 2916 ·

258 2985 381 3050 Horreo
397 2985 471 3049 hist.
490 2985 658 3049 errimus
680 2985 750 3068 ipso
765 2988 798 3048 et
813 2983 963 3048 Berchtio
987 2985 1071 3049 edito
1093 2985 1155 3048 vol.
1174 2985 1188 3048 Ι
1204 3007 1234 3068 p.
1252 2985 1312 3048 art
1326 3007 1395 3068 sqq.
1433 2976 1437 2984 ⁸

259 3095 320 3160 Sed
343 3099 519 3180 praeterea,
543 3099 580 3160 ut
601 3095 771 3159 mobilibus
793 3095 869 3158 illac
892 3099 997 3159 aetate
1020 3095 1189 3158 domiciliis
1211 3095 1324 3179 vagari
1348 3117 1397 3157 so-

257 3206 383 3290 phistae
407 3211 653 3290 consueverant,
678 3206 775 3269 etiam
798 3205 946 3289 Byzantii
971 3207 1086 3269 vixerit
1107 3207 1243 3288 muniet,
1268 3205 1397 3287 quando

255 3317 326 3400 ipsa
349 3317 490 3381 Eudocia
515 3319 664 3401 Augusta
692 3337 749 3400 per
776 3317 903 3400 aliquod
930 3319 1056 3399 tempus
1084 3337 1155 3378 eum
1184 3315 1309 3378 audisse
1331 3319 1395 3377 tru-

256 3427 341 3491 ditur
362 3449 381 3491 ο
404 3428 520 3492 Taetaa
543 3427 625 3492 (ihil.
651 3427 690 3509 X,
714 3429 754 3492 57
778 3449 845 3510 sqq.
871 3425 970 3510 (Hisb,
995 3427 1088 3510 {llll'rlz

404 3581 448 3646 ὥς
471 3603 535 3645 που
557 3583 607 3645 καὶ
628 3582 647 3660 ἡ
671 3582 826 3661 βαςίλιςςα
848 3580 950 3659 ἐκείνη
974 3580 1117 3661 Εὐδοκία,

402 3693 421 3771 ἡ
442 3696 501 3757 τοῦ
523 3691 663 3769 μεγάλου
686 3692 826 3757 Λέοντος
848 3691 867 3769 ἡ
889 3693 1060 3770 πάνςοφος
1081 3691 1231 3769 θυγάτηρ,
1272 3771 1277 3783 ·

401 3806 623 3882 γραμματικοῖς
646 3803 798 3882 μαθήτρια
820 3799 900 3865 οὖςα
921 3801 1120 3880 Ὑπερεχίου,

401 3914 481 3978 ποτὲ
503 3913 553 3976 καὶ
574 3916 632 3976 τοῦ
655 3911 810 3991 Ὠρίωνος
833 3911 945 3990 μικρὸν
968 3911 1167 3991 ἀκροωμένη,

401 4025 577 4102 ῥητορικοῖς
600 4023 719 4103 ἑτέρων
742 4024 776 4086 δὲ
799 4023 848 4087 καὶ
870 4022 1061 4104 φιλοςόφοις
1084 4021 1204 4098 ἄλλων,

400 4137 468 4198 ταῖς
489 4135 717 4214 μεταφράςεςιν
741 4133 837 4212 αὑτῆς
858 4136 927 4198 ταῖς
950 4134 989 4197 δι’
1011 4133 1101 4197 ἐπῶν
1124 4129 1246 4212 εἰρήκει.

337 4309 541 4394 Consequens
564 4315 612 4374 est
634 4333 672 4374 ex
694 4310 755 4393 his,
777 4314 815 4374 ut
829 4309 1017 4374 Thebanum
1040 4310 1190 4373 Orionem
1212 4307 1310 4372 trium
1333 4307 1394 4373 cir-

253 4420 333 4484 citer
361 4421 559 4485 saecnlorum
590 4420 695 4504 spatio
722 4424 851 4504 superet
876 4419 1089 4484 Alexandrini
1123 4422 1222 4484 aetas.
1266 4417 1393 4504 Quippe
