3272 5088
175 415 188 424 .
247 355 312 424 450
703 369 751 419 aa
773 365 924 420 nunsms

292 527 444 605 Μαρςύας
464 526 680 606 Περιάνδρου,
702 525 873 600 Πελλαῖος,
895 523 1058 602 ἱςτορικός.
1082 521 1177 587 οὗτος
1195 525 1230 587 δὲ
1244 520 1284 600 ἦν
1307 521 1385 602 πρό-

331 657 427 715 τερον
453 636 824 717 γραμματοδιδόςκαλος,
859 634 909 698 καὶ
943 633 1085 713 ἀδελφός
1114 633 1299 708 Ἀντιγόνου
1327 635 1386 696 τοῦ

332 747 409 823 μετὰ
430 749 530 811 ταῦτα
553 745 811 826 βαςιλεόςαντος,
834 744 1016 823 ςόντροιρος
1038 744 1074 806 δὲ
1096 742 1306 822 Ἀλεξάνδρου
1327 745 1386 806 τοῦ

332 856 405 941 (τοῦ
434 857 635 922 Μακεδόνων
656 853 813 940 Εαόοοίιι)
845 854 1007 934 βαςιλέως.
1037 851 1160 932 ἔγραψε
1183 852 1386 918 Μακεδονικὰ

332 965 368 1030 ἐν
392 966 521 1045 βιβλίοις
543 967 630 1048 δέκα,
653 965 771 1044 ἤρξατο
786 966 822 1030 δὲ
837 964 903 1029 ἀπό
924 967 982 1028 τοῦ
998 963 1129 1042 πρώτου
1146 962 1386 1042 βαςιλεύςαντος

332 1076 532 1142 Μακεδόνων
560 1078 611 1141 καὶ
638 1073 772 1159 (excidit
798 1077 912 1157 προῄει
940 1072 990 1135 vel
1018 1073 1174 1156 προῆλθε)
1208 1073 1298 1152 μέχρι
1330 1075 1386 1150 τῆς

331 1185 541 1266 Ἀλεξάνδρου
568 1189 627 1250 τοῦ
654 1184 816 1248 Φιλίππου
844 1183 896 1247 ἐπὶ
925 1184 983 1261 τὴν
1013 1182 1127 1262 (υρίαν
1154 1182 1279 1263 ἐφόδου
1308 1182 1386 1261 μετὰ

330 1295 389 1373 τὴν
404 1295 640 1374 Ἀλεξανδρείας
662 1293 772 1358 κτίςιν·
795 1293 917 1358 Ἀττικὰ
937 1293 973 1357 ἐν
990 1291 1118 1372 βιβλίοις
1141 1289 1189 1372 ιβ’,
1212 1293 1263 1356 καὶ
1285 1291 1384 1357 αὐτοῦ

330 1407 388 1468 τοῦ
411 1404 621 1483 Ἀλεξάνδρου
643 1402 784 1482 ἀγωγήν.

265 1514 441 1608 ΙΜαρςύας
464 1514 677 1595 Κριτοφήμου,
700 1513 893 1590 Φιλιππεός,
914 1512 1069 1593 ἱςτορικός
1092 1512 1111 1576 ὁ
1134 1513 1300 1591 νεώτερος.
1398 1523 1401 1528 ’

291 1624 442 1702 Μαρςύας
465 1624 608 1703 Μάρςου,
630 1623 797 1704 Ταβηνός,·
810 1622 974 1703 ἱςτορικός.
999 1622 1141 1702 ἔγραψεν
1158 1623 1385 1702 ἀρχαιολογίαν

276 1817 281 1826 ι
331 1733 366 1797 ἐν
390 1734 518 1814 βιβλίοις
541 1731 588 1814 ιβ’,
612 1735 727 1814 ’μυθικὰ
754 1733 790 1798 ἐν
814 1733 941 1814 βιβλίοις
963 1730 1000 1812 Z',
1029 1733 1079 1796 καί
1107 1732 1200 1812 ἕτερά
1222 1753 1292 1799 τινα
1314 1734 1385 1812 περὶ

330 1846 386 1921 τῆς
408 1842 487 1907 ἰδίας
509 1844 669 1923 πατρίδος.

330 2036 369 2100 In
396 2035 446 2100 his
473 2037 525 2101 vix
553 2058 743 2121 quemquam
763 2037 871 2123 fugiat
892 2035 1092 2120 aliquantum
1114 2057 1183 2100 esse
1204 2038 1384 2102 turbatum:

244 2146 373 2209 tametsi
400 2145 482 2210 nihil
510 2147 576 2210 eius
599 2147 684 2210 modi
706 2147 756 2210 vel
773 2145 905 2210 Vossius
933 2146 1142 2210 subodoratus
1165 2149 1214 2210 est
1228 2146 1285 2210 uel
1314 2169 1385 2230 pro

243 2256 346 2319 fessus
369 2254 698 2340 Schweighaeuserus.
741 2255 827 2320 Nam
849 2257 899 2321 cui
921 2279 986 2321 non
1009 2257 1124 2320 mirum
1146 2255 1224 2321 illud
1247 2255 1383 2338 accidat,

244 2365 327 2449 quod
350 2387 367 2428 e
389 2366 491 2430 tribus
520 2387 626 2430 rerum
656 2366 864 2450 scriptoribus
893 2367 1137 2451 cognominibus
1164 2387 1246 2430 unus
1267 2366 1385 2430 dicitur

244 2477 263 2541 ὁ
280 2477 463 2556 νεώτεροςί
489 2475 557 2552 Quo
573 2476 708 2559 accedit,
732 2476 815 2560 quod
831 2497 939 2540 corum
961 2497 1041 2560 quae
1057 2498 1076 2539 a
1092 2475 1189 2542 Suida
1210 2479 1385 2539 narrantur

244 2607 344 2668 prope
371 2585 499 2650 modum
529 2586 671 2650 omnium
700 2586 783 2670 apud
812 2586 950 2670 reliquos
984 2586 1186 2669 antiquitatis
1213 2586 1384 2670 scriptores

243 2695 367 2758 nullum
390 2699 511 2760 certum
539 2697 710 2781 vestigium
733 2699 838 2759 exstat
864 2699 993 2778 praeter
1014 2695 1196 2779 Marsyae
1221 2695 1384 2760 maioris

245 2807 464 2888 Μακεδονικά,
488 2805 543 2869 sed
566 2805 679 2888 quibus
706 2805 883 2870 certissima
911 2805 1067 2869 accedant
1093 2805 1191 2870 etiam
1217 2805 1384 2870 minoris
1476 2815 1478 2820 ’

244 2914 424 2998 Marsyae
448 2917 678 2983 Μακεδονικῶν
701 2915 896 2980 testimonia.
927 2915 1046 2990 Quare
1064 2937 1136 2980 cum
1158 2916 1262 3000 magis
1284 2915 1383 2978 etiam

244 3027 392 3107 suspecta
413 3023 565 3088 reddatur
586 3026 674 3089 tertii
697 3025 830 3090 alieuius
852 3026 1004 3108 societas,
1033 3029 1102 3089 tum
1124 3025 1281 3088 dubitatio
1303 3025 1385 3089 haec

244 3133 355 3216 oritur,
378 3156 456 3197 num
478 3133 608 3200 Suidam
631 3135 697 3198 veri
725 3136 803 3199 satis
831 3135 874 3200 sit
895 3135 999 3200 simile
1021 3134 1115 3200 unius
1136 3138 1263 3198 tantum
1285 3135 1383 3218 scrip-

244 3244 322 3308 toris
351 3243 559 3308 Macedonica
594 3249 911 3309 commemoraturum
943 3245 1052 3308 fuisse.
1104 3245 1227 3309 Horum
1263 3245 1384 3329 aliquid

244 3353 380 3418 sensisse
391 3354 549 3438 Valesius,
574 3357 644 3439 plus
668 3355 791 3418 videtur
803 3354 1054 3439 Wcsselingius:
1077 3377 1209 3439 quorum
1224 3355 1279 3418 ille
1296 3354 1382 3418 ‘duo’

244 3464 349 3547 inquit
371 3464 536 3550 ‘Marsyae
558 3464 662 3548 fuere,
688 3465 769 3528 alter
791 3463 959 3527 Periandri
985 3464 1069 3528 filius
1091 3463 1247 3548 Pellaeus,
1274 3515 1281 3528 .
1307 3514 1314 3528 .
1341 3514 1347 3528 .
1374 3515 1381 3530 .

244 3573 326 3637 alter
347 3573 447 3637 Marsi
469 3573 583 3657 filius’,
613 3595 706 3658 quem
734 3573 860 3658 quidem
888 3575 1048 3655 Ταβιηνόν
1077 3595 1145 3638 esse
1171 3596 1229 3658 pro
1251 3573 1383 3638 Tabeno

244 3685 313 3748 vult
327 3684 359 3747 h.
369 3705 396 3748 e.
413 3688 525 3748 natum
540 3683 650 3746 Tabiis
673 3684 707 3747 in
724 3682 868 3766 Galatia3
890 3683 944 3748 hic
966 3706 1041 3749 vero
1063 3685 1148 3749 ‘duo'
1173 3685 1218 3747 ait
1241 3683 1384 3748 ‘filerunt

243 3793 391 3877 Marsyae
418 3815 524 3858 rerum
551 3793 831 3862 Macedonicarum
859 3794 1045 3877 scriptores,
1080 3795 1161 3858 alter
1193 3793 1285 3858 domo
1312 3792 1383 3857 Pel-

242 3903 331 3967 laeus
349 3904 516 3968 Periandri
531 3903 567 3986 f.,
591 3903 673 3966 alter
687 3903 905 3986 Philippensis
922 3903 1121 3987 Oritophemi
1142 3904 1191 3986 f.’,
1215 3924 1309 3986 quem
1324 3905 1383 3970 τόν

245 4079 445 4088 ῌ---μα

244 4175 362 4244 Εάνδρου
383 4177 442 4230 sinc
461 4173 577 4230 articulo
602 4173 797 4246 comperimus,
820 4175 939 4232 alterum
961 4172 996 4230 da
1017 4171 1190 4246 Philippensi
1212 4171 1385 4243 Cntophemi

244 4271 262 4322 f.
282 4268 433 4337 capitulum
452 4287 469 4324 a
486 4267 622 4322 Vossiano
641 4269 734 4323 codice
753 4287 865 4338 prorsus
884 4269 996 4336 abesse,
1018 4269 1046 4322 in
1069 4270 1152 4324 tertio
1171 4268 1289 4323 eundem
1310 4268 1385 4322 codi-

244 4377 303 4416 cem
322 4358 357 4429 ιη’
374 4379 424 4431 pro
443 4358 476 4428 ιβ’
493 4362 628 4431 praebere
647 4361 797 4429 docemur]
