3254 5086
270 352 334 418 562
558 365 819 417 onononoolvn
840 365 1123 414 mrsoononsnss.

262 527 452 603 sransmisr't,
479 528 647 602 supientiae
672 531 764 600 atque
789 525 960 600 elepantiae
981 525 1076 584 omnis
1097 524 1129 583 in
1156 522 1245 582 rebus
1266 524 1296 582 ct
1317 520 1414 580 uerbis

267 635 372 710 fontes
393 637 569 698 morimur.
612 630 732 708 Quibus
755 629 949 696 conferenda
971 653 1003 715 p.
1029 628 1242 712 inscripta.

355 741 425 809 Nec
450 745 561 808 tamen
587 743 614 806 is
641 741 734 807 nobis
762 763 849 806 nnnc
871 740 996 806 enimus
1019 743 1083 824 est,
1112 742 1148 804 ut
1177 759 1304 803 omnem
1328 736 1414 802 hanc

273 853 522 920 controversiam
549 856 713 938 tamquam
742 875 814 917 cum
841 851 1018 937 pulvisculo
1047 848 1286 915 exhauriamus:
1318 869 1414 933 quam

272 964 398 1050 quidem
431 963 509 1030 satis
541 963 696 1028 habemus
729 962 878 1028 extremis
909 964 945 1026 ut
972 961 1084 1027 dicunt
1115 961 1226 1047 digitis
1254 959 1413 1045 attigisse.

271 1073 414 1140 Tametsi
442 1074 528 1139 enim
555 1074 655 1139 multo
683 1077 715 1138 et
744 1073 874 1159 gravius
902 1075 934 1137 et
956 1073 1081 1157 plenius
1109 1072 1207 1136 stiam
1228 1069 1414 1156 responderi

270 1185 446 1252 venustulis
474 1184 538 1249 illis
565 1185 757 1249 severiorum
785 1183 961 1248 studiorum
989 1182 1132 1247 osoribus
1154 1185 1275 1267 potest,
1304 1184 1415 1245 tamen

271 1317 358 1360 nunc
380 1295 507 1380 quidem
529 1293 609 1359 adeo
630 1294 819 1379 morigerari
841 1315 949 1359 eorum
971 1293 1140 1378 postulatis
1163 1292 1247 1378 apud
1269 1313 1328 1357 nos
1350 1294 1414 1356 sta·

272 1406 389 1470 tuimus
411 1407 599 1490 tantumque
622 1425 782 1489 apponere
797 1403 920 1469 utiliter
933 1404 1142 1487 monitorum,
1166 1403 1310 1489 graviter
1324 1421 1415 1486 prae-

273 1519 447 1601 ceptorum,
470 1515 576 1580 facete
598 1513 765 1598 dictorum,
789 1515 985 1579 sententiose
999 1513 1291 1599 pronuntiatem,
1314 1534 1414 1596 quan-

270 1630 341 1692 tum
362 1627 441 1692 satis
470 1625 513 1690 sit
540 1625 639 1690 etiam
665 1625 848 1710 largissima
873 1623 996 1689 fercula
1024 1623 1233 1690 concootmis.
1277 1621 1324 1687 Vt
1348 1644 1416 1688 rur·

272 1759 343 1801 snm
363 1736 537 1802 verendum
559 1737 601 1800 sit
622 1735 782 1820 profecto,
811 1757 852 1799 ne
879 1734 958 1799 illud
986 1735 1128 1818 poetriae
1155 1733 1248 1798 nobis
1272 1733 1417 1798 obiciant

271 1849 312 1928 μὴ
336 1846 634 1931 dissidentium.
677 1844 808 1910 Etenim
835 1845 983 1930 praebuit
1010 1845 1089 1909 haec
1111 1843 1280 1928 praefandi
1303 1865 1416 1908 ansam

271 1956 360 2020 felici
392 1954 607 2021 Schubarti
640 1953 799 2020 industria
836 1977 854 2020 e
886 1956 950 2020 situ
982 1957 1015 2020 et
1046 1953 1206 2019 oblivione
1238 1955 1414 2039 protracta,

273 2064 563 2130 Schneidewini
593 2069 700 2129 autem
726 2066 829 2130 nostri
857 2045 977 2130 sollerti
1005 2086 1103 2149 opera
1131 2065 1166 2128 in
1193 2064 1323 2149 publica
1344 2063 1417 2128 luce

273 2175 377 2259 posite
410 2197 485 2259 pars
511 2175 565 2238 diu
599 2175 770 2239 desiderati
802 2175 1045 2261 Anthologii
1075 2175 1125 2238 vel
1159 2173 1417 2258 Gnomologii
1502 2189 1515 2206 ⁸

273 2285 314 2349 ab
342 2284 488 2374 Orione
515 2284 699 2350 Thebano
732 2285 863 2350 conditi.
913 2284 942 2349 Ε
973 2307 1034 2370 quo
1068 2307 1139 2350 oum
1170 2307 1229 2349 nos
1263 2284 1417 2368 suspicati

273 2416 411 2460 essemus
443 2393 493 2483 [de
516 2396 581 2461 Oro
603 2399 636 2460 et
664 2395 782 2461 Orione
805 2418 836 2479 p.
862 2394 892 2484 7]
922 2399 1071 2480 excerpto
1099 2415 1168 2460 esse
1196 2416 1248 2478 ea,
1278 2395 1417 2479 quaein

273 2505 516 2570 Vindobonensi
539 2506 675 2590 quodam
699 2505 806 2570 codice
829 2509 955 2570 exstare
976 2505 1164 2570 Lambecius
1187 2503 1364 2570 Oomment.
1385 2503 1418 2568 V

273 2638 304 2699 p.
328 2617 549 2682 molestatus
572 2617 676 2680 estin
699 2619 850 2702 quattuor
875 2616 1005 2700 paginis
1033 2616 1211 2700 perscripta
1239 2614 1300 2679 hoo
1322 2614 1417 2680 initio

272 2725 388 2806 Ὡρίων
418 2727 643 2808 ὁφιλόεοφο(
671 2725 806 2808 εἴρηκεν;
836 2725 875 2790 dc
905 2747 941 2789 ec
968 2726 1152 2810 opinionem
1178 2736 1243 2790 nos*
1264 2724 1418 2790 fefellisse

274 2836 415 2900 affirmet
448 2834 708 2901 Schneidewinus
742 2835 884 2900 Coniect.
920 2836 990 2900 crit.
1024 2859 1056 2920 p.
1091 2837 1142 2902 36.
1197 2834 1418 2900 festinantius

274 2945 335 3010 hoc
362 2944 489 3030 quidem
516 2945 587 3029 ille,
616 2949 652 3010 ut
678 2945 814 3010 videtur.
865 2944 951 3008 Nam
979 2945 1042 3010 nisi
1075 2946 1203 3031 quidem
1234 2943 1314 3009 haec
1346 2944 1418 3028 ipsa

274 3061 602 3136 Apoptthepmota
629 3063 876 3122 miscellanea
904 3054 965 3141 (sic
992 3056 1078 3120 enim
1099 3055 1265 3140 inscripsit
1285 3053 1419 3120 Lambe-

274 3165 355 3250 cius)
378 3167 557 3231 accuratius
578 3165 733 3251 pernorit,
757 3165 858 3250 quode
880 3169 965 3230 certe
986 3169 1084 3250 tacet,
1107 3165 1191 3230 unde
1213 3164 1343 3232 tandem
1365 3187 1419 3229 ex-

274 3275 435 3360 ploratum
456 3275 597 3343 habebat
618 3277 700 3340 nihil
723 3276 768 3340 eis
797 3296 964 3340 commune
987 3297 1055 3341 esse
1078 3298 1150 3340 oum
1171 3297 1245 3340 vero
1269 3279 1301 3339 et
1320 3275 1420 3360 pleno

275 3385 403 3450 Orionis
425 3387 647 3472 gnomologio‚
671 3385 764 3470 quale
788 3386 885 3450 codex
902 3385 1033 3452 OOXXI
1048 3385 1178 3451 exhibet
1199 3408 1219 3449 a
1239 3385 1419 3452 Schubarto

274 3495 512 3580 transcriptus?
555 3494 645 3572 Quod
672 3499 708 3559 ut
735 3497 829 3580 quale
856 3497 898 3560 sit
925 3496 1053 3580 planius
1081 3495 1304 3581 intellegatur,
1335 3516 1419 3558 com-

274 3604 366 3670 mode
389 3605 506 3670 accidit
528 3605 611 3690 quod
633 3605 708 3670 inde
730 3604 772 3669 eb
794 3605 915 3691 aliquot
936 3605 1031 3670 annis
1047 3605 1117 3689 ipsa
1136 3605 1193 3670 illa
1208 3604 1420 3690 Apophtheg·

274 3719 362 3780 mata
384 3715 503 3780 nostris
524 3715 672 3779 manibus
694 3715 800 3780 dicam
822 3738 864 3780 an
887 3715 1014 3780 scriniis
1031 3719 1209 3800 servantur,
1234 3714 1421 3780 amicissimi

275 3825 463 3890 Mauricii
496 3823 665 3910 Hauptii
696 3825 867 3910 benefioi0‚
907 3825 982 3888 dum
1014 3825 1226 3890 Vindobonae
1261 3828 1419 3908 versatur,

221 4021 224 4026 Ι
275 3939 419 4000 nostrum
452 3935 487 3999 in
514 3957 606 3999 usum
632 3935 802 4020 descript.
853 3933 993 4011 Quorum
1019 3935 1170 4020 quoniam
1197 3935 1290 4000 nobis
1319 3955 1421 4020 prope

276 4046 385 4130 elapsa
412 4045 564 4111 memoria
589 4045 832 4111 Schneidewino
863 4049 991 4110 auctore
1018 4044 1239 4130 redintegrata
1266 4049 1329 4129 est,
1362 4066 1420 4108 no-

275 4155 379 4220 lumus
402 4177 439 4220 ea
460 4159 496 4220 ut
518 4155 635 4220 diutius
657 4155 849 4221 delitescant
871 4155 1085 4221 committere:
1114 4155 1181 4220 sive
1208 4177 1284 4220 vera
1306 4154 1422 4220 evadet

276 4265 341 4329 sive
370 4287 470 4349 vana,
499 4288 593 4351 quam
621 4267 660 4331 de
688 4267 734 4330 eis
762 4267 838 4331 olim
865 4287 954 4350 spem
982 4266 1195 4351 concepimus.
1240 4265 1293 4330 En
1320 4265 1422 4350 igitur

277 4375 455 4458 exemplum
472 4375 693 4459 Hauptianum
716 4380 836 4460 spirante
859 4376 963 4459 potuit
985 4375 1047 4440 fide
1068 4375 1250 4458 repetitum.
1286 4373 1326 4462 [E
1348 4396 1421 4440 meo
