3254 5092
280 377 343 442 228
631 386 788 439 azaram
811 389 1073 440 anonuoousun

281 545 368 620 Quae
396 567 446 608 res
474 544 731 629 chhardyum,
766 544 966 608 dubitantem
1002 547 1169 626 praetcrea
1201 542 1239 605 de
1272 541 1420 605 universa

281 655 433 718 libromm
462 655 568 738 eopia,
602 655 716 737 movit,
751 659 788 717 ut
816 661 1042 734 quadrinucnto
1070 673 1180 716 vocem
1206 653 1241 714 in
1270 649 1420 714 Plautino

280 764 400 828 scholio
423 769 605 848 corruptam
627 769 765 848 putaret.
810 763 849 827 In
872 785 933 847 quo
955 767 1041 826 reete
1064 761 1191 845 quidem
1212 761 1307 842 illud,
1337 761 1421 844 quod

280 874 319 937 de
333 896 465 938 numero
480 874 655 956 dubitavit,
673 873 828 957 siquidem
843 873 1020 956 quingenta
1036 872 1104 935 fere
1119 871 1208 935 milia
1224 871 1420 935 voluminum

280 1007 298 1047 a
321 983 505 1073 Ptolemaeo
528 983 739 1066 Philadelpho
768 987 880 1047 coacta
908 1004 975 1045 esse
1004 1003 1069 1045 non
1091 981 1186 1045 facile
1208 981 1287 1044 mihi
1314 981 1421 1063 patiar

279 1093 478 1176 persuaderi:
511 1093 566 1156 sed
601 1113 670 1156 eum
701 1092 786 1156 idem
818 1113 967 1156 numerus
1002 1092 1036 1154 in
1067 1091 1279 1154 Ambrosiauo
1314 1090 1420 1154 codiee

280 1203 405 1284 redeat,
430 1223 496 1266 non
518 1201 671 1284 librariis,
697 1202 752 1264 sed
774 1201 1012 1286 grammaticis,
1037 1201 1090 1285 qui
1111 1221 1277 1264 numerum
1299 1200 1420 1283 optima

279 1317 314 1375 ut
351 1311 520 1394 apparebit
553 1311 745 1374 auctoritate
778 1311 932 1374 traditum
967 1315 1139 1392 auxerunt,
1178 1310 1293 1373 erroris
1327 1310 1419 1394 culpa

278 1421 449 1484 tribuenda
473 1421 607 1484 videtur.
653 1421 765 1504 ltaque
787 1420 973 1502 videndum,
1001 1443 1078 1484 num
1100 1420 1162 1484 ista
1183 1419 1418 1501 interpretatio,

213 1554 263 1602 ‘248
281 1553 376 1614 quam
391 1530 538 1616 flagitare
554 1532 651 1595 verba
666 1530 829 1612 videntur,
854 1530 889 1592 in
904 1529 1001 1593 aliam
1023 1534 1147 1612 partem
1163 1528 1288 1593 deflecti
1304 1529 1419 1612 possit:

281 1641 363 1724 quod
378 1645 415 1705 ut
429 1662 649 1724 assequamur,
673 1661 763 1724 spem
785 1640 865 1704 facit
880 1639 1063 1721 verborum,
1088 1639 1141 1723 qui
1157 1639 1191 1702 in
1207 1639 1420 1702 Ambrosiano

282 1751 389 1816 codiee
411 1756 555 1815 servatus
577 1755 641 1834 est,
672 1772 782 1814 nexus.
827 1750 911 1814 Nam
941 1771 1011 1813 cum
1041 1748 1161 1812 latinus
1190 1749 1420 1834 grammaticus

282 1865 314 1922 et
346 1861 386 1923 ad
414 1860 604 1925 Callimachi
637 1863 670 1923 et
702 1859 742 1923 ad
775 1859 999 1923 Eratosthenis
1032 1859 1257 1923 auctoritatem
1290 1859 1350 1923 hoe
1381 1859 1420 1922 de

283 1969 435 2032 libromm
457 1991 588 2033 numero
610 1969 830 2032 testimonium
852 1968 1043 2051 rettulisset,
1067 1989 1185 2053 graeca
1207 1969 1304 2032 verba
1328 1971 1378 2033 ὼ(
1400 1970 1419 2033 ὁ

284 2080 482 2158 Καλλίμαχοι
512 2081 588 2144 τοὺ(
621 2080 756 2144 πίνακα(
789 2079 897 2143 αὐτῶν
934 2079 1144 2158 ἀπεγράψατο
1179 2079 1329 2142 certiores
1361 2101 1420 2142 nos

281 2188 422 2271 faciunt,
456 2188 561 2252 nullas
589 2187 814 2252 Eratosthenis
842 2187 876 2251 in
903 2187 963 2251 hae
990 2209 1024 2250 re
1057 2193 1165 2271 partes
1199 2209 1284 2270 csse,
1319 2188 1374 2253 sed
1403 2211 1419 2250 e

282 2296 471 2362 Callimachi
515 2302 636 2362 Tabulis
671 2301 739 2361 tam
777 2299 900 2362 numeri
941 2297 1160 2361 definitionem
1200 2320 1295 2382 quam
1331 2298 1421 2361 illam

281 2407 452 2470 mixtorum
474 2411 508 2470 et
529 2407 720 2492 simplicium
742 2408 937 2472 voluminum
965 2407 1153 2472 divisionem
1181 2409 1316 2491 petitam
1338 2429 1417 2472 esne.

282 2515 367 2581 Male
389 2522 497 2581 tamen
520 2518 652 2600 accidit,
682 2519 764 2602 quod
793 2519 908 2604 exigua
931 2516 1139 2582 Callimachei
1167 2518 1241 2581 libri
1267 2517 1419 2582 memoria

282 2628 375 2691 nobis
389 2629 502 2692 relicta
520 2632 583 2711 est,
608 2649 706 2711 eaque
721 2628 768 2691 ita
784 2630 984 2711 comparata,
1008 2631 1045 2690 ut
1064 2649 1283 2711 quamcunque
1304 2629 1418 2693 ἁπλῶν

283 2740 315 2799 et
336 2738 511 2818 copularum
533 2738 701 2800 verborum
722 2737 1020 2820 interpretationem
1042 2737 1292 2821 excogitaveris,
1318 2739 1359 2801 ab
1381 2759 1419 2801 co

283 2867 348 2908 non
371 2846 517 2914 alienam
531 2868 599 2910 esse
623 2847 859 2911 eoncedendum
881 2847 937 2930 sit,
967 2847 1121 2930 siquidem
1143 2846 1240 2931 nihil,
1272 2847 1354 2931 quod
1378 2847 1418 2910 ad

283 2955 443 3019 volumina
465 2956 673 3020 describenda
696 2960 871 3040 spectaret,
896 2957 931 3021 in
952 2957 1058 3021 indice
1080 2956 1232 3020 librorum
1254 2979 1319 3020 non
1342 2951 1418 3038 apte

282 3065 420 3146 positum
448 3070 526 3130 erat.
572 3067 625 3130 Ab
651 3067 753 3130 altera
781 3071 888 3130 autem
915 3070 1006 3150 parte
1034 3066 1204 3130 dolendum
1227 3070 1290 3148 cst,
1322 3066 1416 3150 quod,

282 3176 544 3257 quemadmodum
566 3177 685 3262 singuli
707 3176 782 3240 libri
805 3177 1018 3240 voluminibus
1040 3175 1202 3240 distributi
1227 3175 1349 3239 fuerint
1371 3175 1417 3261 (id

283 3284 367 3349 enim
390 3285 443 3350 hic
466 3287 520 3371 agi
542 3288 703 3372 apparet),
727 3287 806 3351 satis
829 3291 915 3349 certo
938 3285 1063 3350 definiri
1085 3285 1207 3368 nequit.

365 3394 451 3459 Nam
465 3395 720 3462 Herculanensis
734 3397 912 3478 volumina,
937 3417 1024 3479 quac·
1040 3395 1292 3459 luculentissima
1307 3395 1341 3458 in
1357 3395 1417 3460 hoc

281 3525 398 3589 genere
420 3505 609 3571 documenta
632 3506 744 3570 haberi
759 3506 879 3588 solent,
902 3509 970 3568 tum
992 3509 1123 3589 propter
1144 3505 1294 3590 exiguum
1309 3527 1415 3570 comm

280 3636 393 3697 quaee
415 3619 508 3680 tanta
530 3615 735 3680 multitudine
751 3615 910 3698 explicata
932 3618 1022 3698 sunt,
1046 3636 1228 3697 numerum,
1252 3619 1320 3678 tum
1342 3613 1416 3698 quia

278 3723 461 3809 fragmenta
484 3727 590 3810 potius
612 3747 707 3809 quam
728 3725 802 3789 libri
825 3725 969 3788 continui
991 3727 1082 3808 sunt,
1113 3724 1269 3788 minorem
1298 3724 1334 3788 in
1355 3723 1417 3787 hae

278 3855 312 3896 re
339 3834 405 3897 vim
432 3834 563 3899 habent.
614 3835 745 3898 Etenim
771 3834 900 3898 modum
927 3834 1064 3918 aliquem
1093 3834 1289 3898 voluminum
1317 3832 1416 3897 fuisse

276 3943 351 4008 inde
384 3950 534 4027 apparet,
568 3944 650 4029 quod
679 3945 823 4027 exempla
856 3944 1009 4008 libromm
1040 3945 1127 4008 inter
1159 3944 1221 4007 duo
1254 3943 1415 4008 volumina

274 4053 532 4136 distributorum,
556 4076 597 4118 ne
612 4054 807 4118 indicatione
823 4053 950 4136 quidem
965 4055 1096 4118 alterius
1111 4054 1213 4137 partis
1229 4057 1416 4118 constanter

275 4163 309 4226 in
334 4163 431 4227 titulo
458 4163 583 4246 addita,
619 4185 685 4228 non
714 4163 847 4228 desunt:
881 4162 923 4226 ef.
952 4186 984 4227 n.
1017 4165 1097 4228 1423
1125 4165 1310 4243 Φιλοδήμου
1343 4165 1416 4241 περὶ

276 4273 443 4353 ῥητορικῇ(
462 4263 487 4339 b
507 4280 573 4341 τῶν
596 4275 639 4339 εἰ(
662 4276 721 4338 δύο
744 4275 782 4338 τὸ
804 4274 964 4354 πρότερον
987 4272 1035 4336 cd.
1054 4273 1156 4336 Oxou.
1173 4273 1189 4336 Ι
1206 4295 1238 4356 p.
1255 4271 1302 4336 VI
1325 4273 1415 4335 emus

275 4381 348 4444 libri
371 4383 473 4446 altera
496 4406 570 4466 pars
593 4388 642 4447 est
664 4407 696 4448 n.
724 4383 803 4448 1007
826 4385 1011 4460 Φιλοδήμου
1039 4384 1111 4461 περὶ
1139 4372 1346 4462 ῥητορικῆεδ
1370 4382 1412 4443 ib.
