3218 5094
602 393 649 440 aa
672 393 743 442 ouo
766 393 810 440 ar
833 395 974 443 orions.
1296 379 1358 443 591

220 544 451 627 panegyricum
480 545 515 608 in
537 545 740 609 Hadrianum
767 567 832 610 non
861 569 928 610 esse
951 547 1014 610 nisi
1036 546 1088 611 vel
1109 549 1280 631 superstite
1303 549 1360 612 im·

221 658 368 738 peratore
401 655 451 718 vel
484 677 587 739 nuper
619 656 745 720 demum
778 657 929 720 defuncto
964 657 1173 740 compositum
1206 681 1257 722 res
1289 659 1360 742 ipsa

220 765 366 828 evincere
388 764 450 828 iam
476 765 627 830 Passovio
650 767 718 830 visa
741 770 800 829 est.
841 766 930 842 Quod
952 789 1018 831 non
1041 768 1196 852 cogitavit
1218 769 1272 851 qui
1295 791 1359 831 non

183 867 188 878 '
220 875 379 939 diversum
402 876 443 939 ab
466 876 620 940 Thebano
644 876 898 940 Alexandrinum
926 878 1117 960 magistrum
1139 879 1360 961 pronuntiavit

219 985 408 1050 Lambeeius
423 986 444 1048 l.
464 1009 490 1050 c.
523 987 626 1050 Maior
648 991 755 1050 autem
778 991 858 1051 natu
881 987 957 1052 Orio
979 1009 1057 1052 num
1078 987 1113 1052 in
1137 988 1360 1052 concinnando

220 1096 418 1180 Anthologio
450 1119 540 1160 suam
573 1097 651 1160 item
687 1119 817 1180 operam
851 1098 1031 1181 collocarit,
1068 1098 1265 1162 confidenter
1300 1119 1360 1162 nec

219 1229 340 1290 negare
367 1207 443 1270 licet
470 1183 530 1270 neb
559 1207 731 1270 affirmare.
777 1209 975 1292 Quamquam
998 1208 1113 1273 Suidae
1136 1229 1246 1292 parem
1268 1209 1360 1292 igno-

219 1317 345 1380 rantiae
367 1318 608 1402 neglegentiam
630 1318 683 1401 qui
706 1319 784 1382 satis
806 1341 866 1382 usu
889 1319 1051 1403 cognorit,
1081 1319 1120 1382 ad
1149 1318 1359 1383 dubitandum
1392 1335 1395 1342 ’

220 1449 315 1510 quam
338 1428 376 1493 ad
401 1427 593 1492 eredendum
619 1428 717 1492 fuerit
745 1431 897 1512 paratior.
943 1428 1052 1493 Veluti
1082 1451 1214 1513 pravam
1248 1449 1359 1492 earun-

220 1538 292 1602 dem
319 1560 425 1602 rerum
455 1539 675 1622 iterationem,
705 1542 809 1602 ortam
836 1561 907 1603 eam
930 1561 968 1604 ex
990 1539 1155 1604 nominum
1177 1540 1227 1603 vel
1249 1540 1393 1603 simili-a

220 1649 330 1712 tudine
353 1648 404 1712 vel
426 1649 637 1732 aequalitate,
667 1671 738 1712 eum
757 1650 815 1714 alii
837 1671 932 1734 saepe
955 1649 1071 1714 Suidae
1098 1651 1222 1734 pridem
1249 1671 1359 1733 expro-

221 1757 356 1840 brarint,
379 1762 449 1822 tum
470 1781 553 1822 novo
576 1760 720 1842 exemplo
736 1759 872 1843 quodam
887 1782 989 1844 nuper
1004 1760 1180 1825 declaravit
1199 1760 1359 1824 Gustavus

220 1867 435 1953 Kiesslingins
462 1891 551 1932 meus
580 1868 708 1944 Quaest.
739 1871 839 1934 Attio.
869 1891 954 1954 spec.
984 1893 1015 1954 p.
1045 1871 1097 1935 26.
1147 1871 1259 1954 Itaque
1292 1871 1360 1933 sola

220 1981 321 2042 restat
349 1981 497 2045 Ἀττικῶν
525 1981 643 2046 λέξεων
672 1983 850 2060 (υναγωγή.
896 1980 991 2045 Cuius
1026 2003 1097 2044 cum
1123 2003 1164 2044 ne
1192 1981 1360 2044 minimum

220 2089 347 2173 quidem
362 2091 396 2153 in
411 2093 481 2154 tota
502 2091 695 2174 antiquitate
711 2092 882 2175 vestigium
897 2092 1044 2174 supersit,
1069 2092 1272 2175 consequitur
1293 2113 1359 2154 non

221 2223 289 2262 esse
305 2201 433 2264 Orionis
450 2201 662 2264 Alexandrini
676 2201 727 2265 vel
750 2201 785 2263 in
806 2205 917 2264 nostra
939 2201 1044 2265 studia
1068 2202 1117 2264 vel
1139 2202 1174 2265 in
1190 2201 1358 2265 historiam

220 2311 299 2372 artis
322 2311 553 2394 grammaticae
575 2311 675 2374 ullum
697 2315 904 2375 momentum.
941 2311 1026 2375 Nam
1049 2333 1177 2394 prorsus
1201 2333 1359 2375 commen·

219 2421 331 2484 tioium
365 2424 430 2504 est,
464 2421 547 2504 quod
582 2422 617 2484 in
645 2425 785 2486 mentem
813 2422 902 2486 venit
936 2421 1082 2486 Fabricio
1114 2421 1199 2485 Bibl.
1233 2443 1282 2506 gr.
1313 2422 1359 2486 Vl

219 2554 251 2615 p.
279 2531 338 2595 169
360 2554 419 2615 sq„
444 2532 486 2595 ab
501 2530 714 2616 Etymologici
730 2532 774 2595 M.
799 2535 926 2596 auctore
948 2535 1134 2615 usurpatam
1157 2531 1246 2595 illam
1268 2553 1360 2597 curu·

219 2662 329 2721 γωγην
352 2663 430 2705 esse.

753 2838 825 2919 §a

305 2971 356 3036 Ad
380 2973 479 3036 Orum
503 2972 584 3036 alter
605 2973 746 3056 pertinet
768 2995 830 3057 quo
852 2974 984 3037 nitimur
1015 2974 1115 3054 locus,
1145 2973 1199 3056 qui
1222 2977 1271 3037 est
1293 2972 1359 3038 eius

220 3083 306 3145 modi
328 3087 373 3166 ut,
397 3083 689 3166 quemadmodum
711 3084 951 3167 praetermissus
974 3105 1101 3148 omnem
1124 3084 1359 3148 commentandi

220 3214 350 3276 operam
372 3193 558 3276 frustretur,
588 3193 634 3256 ita
662 3193 795 3256 intentis
817 3193 917 3257 oculis
945 3193 1130 3256 observatus
1153 3197 1185 3256 et
1207 3194 1359 3258 abstersis

221 3304 311 3387 quasi
349 3303 521 3367 involucris
554 3303 712 3366 revelatus
750 3305 926 3368 clarissima
962 3304 997 3367 in
1031 3304 1103 3368 lucc
1133 3303 1359 3387 disputationis

221 3435 377 3477 summam
404 3413 615 3477 collocaturus
642 3414 694 3477 sit.
740 3413 784 3476 nt
811 3414 1067 3477 Alexandrinum
1094 3413 1221 3496 quidem
1244 3413 1360 3478 Suidae

222 3525 322 3588 Orum
343 3543 404 3586 nec
426 3523 460 3586 in
480 3523 711 3608 Etymologicis
732 3525 856 3608 graecis
880 3524 973 3588 citari
994 3545 1090 3606 supra
1113 3523 1178 3586 dixi
1201 3545 1261 3587 nec
1283 3525 1359 3587 alibi

222 3655 354 3718 usquam
387 3635 555 3697 memorari
587 3655 673 3698 nunc
701 3637 811 3698 testor.
858 3635 918 3716 Ac,
953 3633 1072 3718 inquit,
1103 3655 1198 3718 saepe
1227 3655 1360 3697 numero

223 3743 304 3809 Onls
326 3747 520 3808 memoratur
541 3744 739 3828 simpliciter,
764 3766 858 3828 quem
872 3744 997 3827 quidem
1015 3743 1142 3808 credere
1157 3743 1233 3808 licet
1256 3744 1360 3828 ipsum

222 3854 477 3918 Alexandrinum
504 3853 691 3939 significari.
741 3854 855 3918 Liceat
881 3875 956 3917 vero
983 3855 1098 3918 multa:
1136 3875 1245 3918 verum
1273 3854 1360 3918 enim

222 3987 307 4047 vero,
332 3965 416 4030 istud
439 3966 466 4029 si
489 3964 535 4028 ita
557 3965 600 4028 sit
621 3967 658 4026 ut
679 3964 736 4048 ais,
760 3964 913 4047 quidnam
929 3986 1058 4028 caussae
1080 3964 1178 4028 fuisse
1201 3968 1358 4048 putemus,

223 4073 364 4139 Milesius
379 4075 510 4139 tandem
526 4075 608 4138 Orus
625 4095 680 4137 cur
702 4074 820 4138 totiens
843 4074 966 4138 adiecto
989 4075 1117 4138 nominc
1139 4074 1254 4158 gentili
1276 4074 1360 4137 dica·

222 4185 300 4248 tur?
337 4189 372 4248 ut
410 4209 521 4270 parum
555 4184 700 4249 videatur
734 4188 1000 4268 cousentaneum,
1039 4184 1139 4248 sicubi
1172 4185 1361 4269 simpliciter
1458 4263 1464 4274 ι

222 4295 423 4360 nominatum
452 4319 512 4360 nec
540 4295 718 4361 accuratius
747 4295 914 4360 definitum
936 4295 1035 4360 Orum
1062 4295 1273 4378 offendamus,
1309 4317 1360 4359 ex·

223 4405 381 4470 trinsecus
403 4407 509 4488 potius
528 4407 594 4470 eius
610 4406 747 4472 nominis
770 4407 934 4472 notionem
955 4405 1096 4490 suppleri
1118 4427 1214 4490 quam
1236 4427 1274 4470 ex
1296 4406 1360 4471 illis
