3270 5094
421 373 458 422 m
481 371 616 422 sarran
638 371 721 418 inv.
745 351 1093 454 incessant—261.
1272 352 1336 419 369

195 551 214 590 a
242 527 389 612 graviore
417 531 450 590 et
477 525 680 610 exquisitiore
709 546 827 611 genere
855 525 1045 589 descendere
1075 525 1115 588 ad
1147 524 1274 588 tenuius
1303 527 1336 588 et

195 637 347 718 ieiunius,
372 637 404 700 id
426 658 501 702 vero
523 639 618 720 poeta
641 637 775 721 dignum
796 657 862 700 non
886 640 944 699 est.

279 746 341 811 Tot
365 747 467 831 igitur
492 749 621 830 tamque
651 767 766 832 graves
794 745 962 810 dubitandi
985 765 1114 810 caussae
1138 767 1209 810 cum
1235 767 1334 810 unum

196 857 391 941 eundemque
418 877 544 920 versum
572 877 770 920 communem
799 856 906 924 sedem
939 855 1097 938 habeant,
1131 855 1183 918 vix
1217 856 1336 939 poterit

194 969 304 1030 nostra
320 965 481 1030 sententia
503 966 538 1029 in
552 966 743 1030 temeritatis
760 966 878 1030 crimen
895 966 1073 1048 incurrere,
1098 965 1151 1049 qui
1175 965 1215 1030 de
1237 965 1334 1029 inter-

194 1077 348 1160 polatoris
374 1076 487 1140 fraude
515 1077 702 1160 suspicetur.
748 1075 832 1140 Nam
859 1097 925 1140 non
948 1097 1025 1140 sane
1053 1076 1213 1166 libertali
1241 1075 1335 1159 culpa

195 1187 222 1250 is
249 1187 424 1270 videbitur,
456 1187 510 1271 qui
543 1209 609 1250 non
641 1189 768 1251 tantum
800 1189 868 1250 tam
900 1187 1019 1251 bonum
1047 1207 1173 1250 versum
1200 1207 1335 1270 vereque
1358 1198 1383 1248 νι

196 1296 417 1380 Aeschylinm,
446 1297 548 1381 qualis
578 1297 632 1360 ille
655 1300 703 1360 est
725 1299 865 1376 μήλοιτιν
887 1297 1094 1375 αἱμάττοντατ
1117 1297 1217 1361 {triac
1240 1301 1334 1372 θεῶν,

195 1406 344 1470 licentius
372 1407 538 1471 damnavit
565 1406 644 1472 duce
667 1405 882 1488 Blomfieldi0‚
911 1406 966 1470 sed
997 1409 1121 1471 suomet
1143 1406 1275 1470 consilio
1300 1405 1335 1469 in

196 1515 336 1580 eiusdem
362 1516 511 1601 supplicii
537 1517 723 1581 societatem
754 1518 852 1580 etiam
874 1516 995 1580 duobus
1023 1517 1175 1600 proximis
1204 1515 1334 1580 adscitis

194 1626 276 1690 nihil
303 1627 417 1710 reliqui
449 1627 528 1690 fecit
556 1647 594 1690 ex
620 1625 783 1690 tralaticia
814 1611 961 1690 ubertate
989 1629 1117 1709 praeter
1150 1625 1229 1690 haec
1255 1625 1334 1689 satis

194 1737 367 1801 macilenta
387 1736 506 1802 frusta:

397 1897 433 1962 εὖ
456 1899 679 1978 ξυντυχόντων
701 1897 753 1962 καί
774 1898 902 1962 π’όλεωτ
924 1899 1118 1977 (ετωτμένητ

398 2009 527 2088 λάφυρα
549 2009 638 2092 δᾴων
661 2008 854 2088 δουρίληφθ’
877 2007 987 2082 ἁγνοῑτ
1010 2007 1120 2086 δόμοι(

397 2119 505 2198 ττέψω
528 2119 593 2197 πρὸ
616 2121 705 2183 ναῶν
727 2117 890 2196 πολεμίων
914 2117 1077 2195 ἐτθήματα.

195 2284 282 2360 Quae
303 2286 416 2369 quibus
438 2286 509 2350 aliis
524 2285 732 2351 incommodis
747 2285 909 2368 laborent,
933 2283 1020 2348 infra
1040 2285 1224 2368 apparebit:
1247 2306 1333 2350 nunc

194 2417 293 2459 unum
315 2396 375 2460 hoc
404 2396 600 2480 quaerimus,
629 2417 691 2480 qno
718 2395 786 2458 iure
814 2415 915 2478 quave
944 2393 1171 2477 probabilitate
1194 2394 1333 2477 ipsorum

194 2505 422 2570 sacrificiorum
444 2505 572 2590 sponsio
595 2505 635 2569 ab
658 2503 798 2569 Eteoclis
820 2507 895 2569 voto
915 2507 1117 2588 segregetur,
1144 2524 1272 2588 prorsus
1295 2525 1333 2568 ea

195 2615 235 2678 ad
263 2637 368 2680 rerum
397 2615 617 2680 condicionem
644 2614 890 2698 sollemnemque
924 2613 959 2677 in
987 2633 1023 2677 eo
1056 2633 1174 2697 genere
1204 2634 1333 2678 consue-

194 2724 338 2789 tudinem
366 2725 535 2808 apposita?
579 2724 640 2790 Sed
668 2726 778 2804 μήλοιτ
806 2745 883 2787 sane
912 2727 947 2788 ut
975 2722 1084 2788 dedita
1111 2743 1208 2807 opera
1236 2723 1333 2786 etiam

193 2836 323 2915 ταύρων
345 2835 466 2899 mentio
489 2834 670 2918 accederet,
694 2855 755 2898 nec
776 2834 920 2917 profecto
942 2830 999 2917 per
1015 2855 1049 2898 se
1071 2833 1137 2898 ulla
1158 2832 1333 2898 necessitas

193 2945 256 3008 fuit
278 2947 311 3009 et
332 2965 368 3008 eo
397 2945 502 3009 minus
531 2965 660 3010 caussae
687 2945 869 3027 inventum,
899 2965 960 3027 quo
988 2943 1122 3008 certiore
1149 2943 1334 3029 grammati·
1395 2964 1399 2974 ·

195 3075 303 3118 corum
331 3054 514 3119 testimonio
538 3059 664 3119 constat
692 3054 762 3138 ipso
784 3057 894 3136 μήλων
916 3053 1045 3118 nomine
1074 3055 1170 3118 boves
1193 3075 1333 3138 compre-

193 3165 309 3228 hensos
325 3187 393 3229 esse
414 3167 502 3246 ruod
524 3171 590 3231 rote
613 3165 770 3246 dpxuiorr:
794 3163 833 3227 de
855 3185 917 3248 quo
937 3167 1080 3227 veterum
1094 3163 1333 3229 observationes

193 3275 235 3338 ab
271 3275 418 3358 Augusto
450 3274 595 3340 Nauckio
633 3275 824 3357 compositas
859 3272 984 3337 habetis
1021 3273 1247 3357 Aristophanis
1284 3274 1332 3337 sui

193 3407 225 3468 p.
245 3383 303 3449 197
320 3406 388 3468 sqq.
433 3383 545 3468 Itaque
568 3383 628 3448 hoe
650 3385 704 3468 qui
727 3387 783 3448 aut
805 3405 871 3447 non
893 3382 1091 3447 meminisset
1112 3385 1169 3447 aut
1190 3383 1332 3466 exposite

194 3496 227 3556 et
249 3497 359 3577 aperte
381 3493 607 3558 declarandum
629 3497 773 3577 putaret,
803 3493 845 3556 ad
865 3493 1018 3556 maiorem
1042 3493 1165 3557 scilicet
1186 3492 1332 3576 magnifi-

194 3603 334 3667 centiam
361 3605 510 3668 sacrificii
532 3605 696 3669 notionem
718 3603 909 3668 adducturus
931 3603 1027 3668 facile
1050 3625 1122 3666 eum
1142 3602 1332 3666 versiculum

195 3715 410 3799 confingebat,
435 3736 527 3798 quern
549 3713 756 3779 manifestum
779 3715 827 3777 est
850 3711 1022 3776 conflatum
1044 3733 1112 3776 esse
1134 3733 1150 3776 e
1172 3709 1332 3794 Sophoclii

193 3829 419 3903 ταυροκτονεῑν
435 3824 523 3887 verbi
538 3822 757 3888 recordatione
781 3822 1017 3905 adsumptisque
1033 3843 1050 3885 e
1064 3821 1225 3905 superiore
1240 3841 1332 3884 versu

193 3937 326 4016 θεοῑτιν,
356 3955 394 3997 er
416 3933 524 4016 paullo
550 3932 701 3996 inferiore
729 3934 915 4013 ἐπεύχετθω
937 3931 1114 3996 vocabulis:
1142 3932 1203 3995 hoc
1225 3933 1332 3994 autem

192 4045 353 4125 postremo
376 4065 416 4106 nc
439 4043 517 4107 satis
540 4041 702 4106 commode
724 4041 867 4126 quidem,
891 4040 953 4104 nisi
980 4040 1132 4104 fallimur.
1177 4038 1330 4103 Nolumus

192 4151 227 4214 in
255 4174 291 4216 eo
320 4152 450 4217 haerere
480 4152 634 4216 morosius
661 4151 760 4236 quod,
795 4151 855 4216 etsi
882 4149 1041 4234 ‘precari’
1071 4153 1103 4212 et
1129 4149 1272 4228 εὔχετθαι
1299 4151 1331 4213 et

191 4261 377 4342 ἑπεύχετθαι
400 4261 519 4326 dictum
535 4283 603 4326 esse
619 4264 761 4342 constat,
784 4263 894 4324 tamen
911 4260 950 4323 ad
974 4258 1143 4323 ‘vovendi’
1166 4258 1331 4322 notionem

190 4371 295 4455 ipsum
323 4373 454 4436 verbum
476 4371 685 4456 compositum
707 4369 837 4435 omnino
864 4391 929 4434 non
956 4371 1004 4433 est
1026 4391 1045 4432 a
1067 4367 1201 4454 tragicis
1230 4367 1331 4452 poetis

244 4491 289 4528 ra.
309 4491 473 4527 narranaam
493 4489 637 4526 ornacuaa
658 4492 677 4525 1.
1087 4471 1129 4533 24
