3254 5092
621 405 738 466 onom
760 407 977 454 usnrooono.
1306 391 1366 454 179

226 576 277 619 xm
304 559 399 618 notae
427 555 519 618 nihili
548 560 632 619 sunt.
683 557 711 620 B
739 579 805 620 non
838 557 1001 622 intellecto
1029 562 1135 620 autem
1162 560 1252 623 ἐπῶν
1282 559 1367 620 vocis

227 663 410 748 significatu
439 665 629 748 repetendus
658 665 773 730 Suidae
802 689 889 730 error
917 671 949 730 et
976 667 1149 730 Eudoeiae:
1183 668 1304 746 ἔγραψε
1333 671 1368 731 δὲ

227 776 277 838 καὶ
298 775 415 853 τέχνην
439 775 607 855 ῥητορικὴν
629 775 665 841 ἐν
680 777 804 857 μέτροις
827 777 893 840 sive
915 778 951 842 ἐν
973 778 1090 861 μέτρῳ;
1116 777 1292 839 contrarius
1315 777 1368 839 ille

227 883 273 966 ei,
297 905 390 966 quem
412 885 446 947 in
469 887 679 964 Ἐμπεδοκλῆς
704 887 904 950 commissum
927 907 1023 969 supra
1052 886 1272 968 eognovimus,
1301 886 1369 950 Sui-

228 992 348 1076 daeque
372 1015 442 1058 oum
457 992 579 1058 Thoma
602 995 640 1057 de
655 994 777 1059 Pinedo
800 1000 832 1059 et
844 995 1013 1059 Holstenio
1036 996 1221 1059 communis.
1258 995 1370 1058 Fusius

228 1102 267 1165 da
288 1103 338 1166 his
361 1103 525 1186 disseruit,
550 1125 610 1168 neo
624 1107 734 1168 tamen
749 1106 828 1168 satis
843 1127 910 1169 rem
929 1105 1089 1188 expedivit
1105 1105 1308 1168 Maerokerus
1331 1105 1369 1167 de

228 1211 418 1276 Theodectis
433 1213 499 1277 vita
514 1235 546 1296 p.
563 1213 614 1278 55.
630 1214 682 1278 58.
721 1214 792 1278 Hoc
814 1215 914 1299 igitur
929 1215 1144 1278 indubitatum
1160 1217 1265 1277 exstat
1279 1216 1369 1279 ἐπῶν

229 1343 286 1404 pro
308 1322 423 1402 crixum
445 1323 600 1386 dictorum
624 1323 816 1406 exemplum:
846 1346 938 1408 quem
961 1325 1086 1408 quidem
1109 1324 1257 1407 loquendi
1280 1346 1370 1387 usmn

229 1430 336 1514 paullo
365 1435 441 1494 ante
468 1431 604 1496 vidimus
637 1455 657 1496 a
683 1432 881 1516 Theopompi
915 1433 989 1496 inda
1024 1437 1128 1497 aetate
1164 1433 1371 1516 repetendum

230 1562 308 1604 esse.
342 1579 384 1590 -—
412 1541 467 1626 97)
500 1542 694 1606 Isocratis
728 1541 866 1605 Busiridi
900 1542 935 1605 in
967 1542 1125 1606 Vrbinute
1159 1543 1266 1606 codiee
1300 1543 1370 1606 sub-

230 1651 399 1733 scriptum:
423 1651 576 1732 βούεειριε
601 1649 860 1718 ΗΗΗΗΔΔΔΔ.
908 1651 993 1716 Satis
1017 1651 1178 1715 commode
1207 1651 1241 1714 hi
1263 1674 1370 1714 versus

229 1761 293 1825 390
321 1765 503 1846 congruunt
532 1763 565 1824 in
588 1761 650 1826 366
679 1782 788 1824 versus
816 1782 956 1844 nuperae
984 1761 1133 1824 editionis
1156 1761 1368 1844 Sauppianae.

231 1869 275 1932 Vt
307 1871 395 1934 nulla
429 1892 556 1954 prorsus
590 1893 702 1934 caussa
735 1871 792 1954 sit,
828 1893 883 1934 eur
916 1871 954 1934 de
982 1871 1156 1934 enuntiatis
1188 1871 1294 1954 potius
1321 1871 1371 1933 vel

231 1979 468 2044 emmtiatorum
490 1981 654 2064 particulis
678 1982 852 2064 cogitemus
876 2003 946 2045 oum
963 1980 1170 2063 Bernhardyo
1192 1980 1226 2043 in
1249 1980 1368 2043 Annal.

231 2089 301 2152 erit.
324 2088 430 2153 Berol.
448 2111 477 2153 a.
496 2090 615 2166 1838t.
633 2089 663 2152 ΙΙ
679 2112 711 2173 p.
728 2091 801 2172 840,
817 2089 871 2174 qui
893 2095 1059 2174 praeterea
1082 2089 1153 2152 illas
1169 2111 1370 2152 numeronnn

230 2203 323 2261 notas
345 2221 458 2282 parum
481 2199 655 2262 liberaliter
676 2199 905 2282 interpretatur
927 2200 990 2264 354
1011 2221 1130 2262 versus.
1147 2235 1188 2248 -
1210 2200 1371 2284 trs—113)

231 2307 512 2372 Demosthenis
528 2309 664 2372 sedecim
680 2309 859 2377 orationum
876 2309 1016 2393 priorum
1032 2313 1153 2372 veteres
1169 2309 1372 2390 subscriptio-

231 2439 287 2480 nes
302 2418 442 2481 servavit
463 2421 591 2502 praeter
605 2417 760 2501 optimum
775 2417 956 2481 Parisimun
980 2418 1011 2498 (e
1033 2439 1094 2500 quo
1114 2421 1223 2480 tamen
1246 2417 1373 2480 illanmr

230 2527 311 2591 nihil
349 2527 512 2592 Bekkerus
549 2527 714 2592 nobiseum
754 2527 1013 2604 communicavit)
1052 2527 1149 2590 codex
1186 2525 1370 2608 Bovarium,

231 2659 349 2720 pauens
372 2641 525 2722 quasdam
549 2639 645 2702 etium
668 2641 876 2721 Augustanus
900 2637 957 2700 ΠΙ.
1003 2635 1142 2711 Quanrm
1168 2635 1294 2720 quidem
1316 2659 1372 2699 nu-

232 2747 310 2810 meri
333 2769 459 2829 omnes,
488 2769 581 2830 quem
604 2746 643 2810 ad
666 2746 793 2810 modum
815 2748 850 2810 in
872 2746 1021 2810 Isocratis
1045 2745 1205 2827 Busiride,
1236 2746 1372 2828 antiqui-

233 2857 338 2920 oribus
360 2856 549 2920 numerandi
571 2857 656 2920 notis
679 2856 741 2919 illis
763 2856 945 2940 consignati
968 2859 1057 2936 sunt,
1082 2877 1160 2939 quus
1182 2855 1279 2918 etiam
1294 2854 1373 2917 Her-

233 2964 417 3030 oulanensia
445 2965 606 3029 volumina
639 2987 716 3048 prae
744 2987 777 3028 se
804 2966 888 3028 ferre
917 2959 1138 3028 adnotavimus
1166 2964 1249 3028 Bibl.
1280 2964 1371 3028 Alex.

233 3096 264 3158 p.
295 3075 365 3138 124.
417 3075 523 3158 Atque
551 3075 586 3137 in
614 3075 662 3138 his
692 3096 763 3138 oum
795 3075 936 3158 ipsorum
968 3075 1120 3139 librorum
1152 3075 1275 3140 numeri
1309 3097 1374 3137 non

233 3185 298 3246 sint
321 3184 438 3248 eisdem
460 3183 538 3265 illis,
563 3183 616 3246 sed
639 3185 869 3248 recentioribus
884 3185 969 3247 notis
985 3183 1174 3268 significati,
1199 3183 1374 3246 certissimo

234 3296 269 3354 ut
296 3293 489 3356 arbitramur
519 3297 708 3376 argumento
739 3293 939 3378 intellegitur
972 3294 1086 3373 crixum
1119 3293 1304 3355 memoriam
1337 3315 1375 3354 ex

234 3401 367 3465 vetustis
389 3402 581 3466 testimoniis
604 3401 643 3464 ad
666 3403 841 3485 posteriora
859 3403 985 3467 saecula
1007 3402 1168 3485 proditam
1190 3423 1267 3465 esso.
1307 3401 1375 3464 Neo

233 3510 267 3574 in
296 3511 487 3574 Bavarioum
515 3510 641 3594 quidem
670 3512 809 3576 oodioem
837 3513 940 3595 ipsum
968 3511 1032 3574 ullo
1059 3511 1152 3574 modo
1179 3511 1259 3574 istae
1285 3513 1374 3572 nota-

234 3621 338 3684 tiones
362 3623 558 3705 eongruunt,
590 3624 672 3684 teste
695 3620 868 3704 Spengelio
890 3621 924 3684 in
946 3619 1081 3702 Ephem.
1106 3620 1168 3682 litt.
1193 3620 1318 3682 Monac.
1344 3641 1373 3680 a.

237 3730 317 3794 1838
330 3733 356 3792 t.
373 3729 406 3794 II
421 3753 452 3813 p.
468 3731 541 3793 491.
578 3729 638 3792 usa
660 3733 766 3793 autem
782 3729 1018 3794 Demosthenen
1040 3729 1096 3791 illa
1112 3729 1308 3806 ετιχομετρία
1329 3727 1375 3790 ita

235 3843 436 3922 comparata,
465 3841 500 3901 ut
527 3861 567 3902 ne
596 3839 648 3902 hio
676 3839 802 3923 quidem
830 3839 946 3902 diversi
973 3839 1039 3902 sint
1068 3839 1164 3916 (τίχοι
1193 3840 1211 3898 a
1234 3837 1376 3900 versibus

235 3947 298 4032 (vel
320 3948 414 4012 lineis
437 3947 476 4010 de
498 3947 624 4012 novicio
647 3948 795 4032 loquendi
817 3952 928 4032 more).
974 3947 1201 4010 Monstrabunt
1227 3945 1286 4008 hoo
1308 3966 1375 4008 ver-

235 4079 325 4120 suum
346 4059 470 4120 numeri
493 4057 629 4140 exempli
651 4056 866 4121 Teubneriani
890 4056 980 4143 [unni
1005 4056 1115 4144 182:'›]‚
1140 4077 1217 4138 quos
1240 4055 1376 4137 singulis

234 4168 269 4230 in
299 4167 377 4230 loeis
405 4168 608 4250 apposuimus
637 4167 728 4230 uncis
759 4167 1023 4249 circumscriptos.
1075 4163 1244 4228 Commode
1276 4162 1377 4245 igitur

236 4276 348 4340 horum
375 4277 589 4361 exemplorum
619 4275 856 4340 multitudinem
889 4276 952 4339 illis
985 4274 1120 4355 adioieS,
1155 4272 1267 4388 quibup
1300 4272 1376 4334 olim

236 4387 283 4449 usi
311 4408 418 4450 sumus
445 4409 477 4470 p.
505 4389 573 4451 110.
619 4385 725 4448 l'aeile
753 4389 875 4468 autern,
906 4385 932 4448 si
960 4385 1013 4467 qui
1043 4385 1125 4446 forte
1150 4385 1289 4462 corrupti
1312 4385 1377 4444 sint

1113 4485 1174 4548 12*
