3254 5092
242 335 306 398 200
590 349 747 396 rzrrzrr
770 348 1032 397 rrorraorrrrr

243 509 519 584 ευνανορθοῦντοε
542 506 592 567 καὶ
618 507 676 568 τοῦ
701 503 851 567 τοιούτου
875 501 1121 583 βιβλιοφύλακοε
1148 507 1204 582 τῆε
1225 503 1380 581 τοεαιίτηε

244 615 441 694 βιβλιοθήκηε
456 614 714 692 Ἐρατοεθένουε·
739 611 787 677 ὧν
808 612 927 692 βίβλων
941 613 1018 676 τοὺε
1032 612 1167 678 πίνακα(
1185 613 1380 692 Καλλίμαχοε

242 723 467 802 ἀπεγράψατο·
500 724 707 802 Ἀλέξανδροε
735 723 843 801 ὤρθου
876 724 915 785 τὰ
947 723 1093 800 τραγικὰ,
1126 721 1307 802 Λυκόφρων
1342 724 1382 787 τὰ

243 833 375 911 κωμικά·
397 833 521 898 νεανίαι
542 833 620 911 ηεαν
645 833 842 911 Καλλίμαχοε
864 834 914 896 καὶ
936 832 1167 910 Ἐρατοεθένηε.
1205 831 1302 897 Οὗτοι
1324 835 1381 911 μὲν

241 945 299 1008 τὰ(
315 944 458 1020 εκηνικὰε
473 944 698 1022 διωρθωεαντο
715 942 858 1022 βίβλουε,
881 942 926 1006 ὼε
941 943 997 1006 τὰ(
1012 945 1078 1006 τῶν
1094 948 1238 1020 ποιητῶν
1255 941 1379 1007 ἐπεεκέ-
1397 966 1420 1002 10
1435 1011 1438 1018 Ι

243 1072 348 1131 ψαντο
379 1053 572 1132 Ἀρίεταρχοί
599 1073 634 1117 τε
662 1053 711 1116 καὶ
733 1053 928 1130 Ζηνόδοτοι·
961 1051 1095 1130 ὕετερον
1125 1053 1159 1116 δὲ
1188 1053 1238 1116 καί
1265 1053 1382 1116 ταύταε

242 1162 367 1226 ἁπάεαε
388 1163 507 1226 πολλοὶ
531 1162 738 1243 ἀνεφάνηεαν
765 1161 1028 1241 ὑποφητεύοντεε
1057 1163 1106 1225 καὶ
1133 1161 1382 1241 ἐπεξηγοιίμενοι

242 1272 395 1350 Δίδυμοι,
419 1271 612 1352 Τρύφωνεε,
635 1272 841 1350 Ἡρωδιανοὶ,
868 1271 1098 1348 Ἀπολλιίινιοι,
1126 1272 1321 1349 Πτολεμαῖοί
1348 1294 1382 1336 τε

243 1382 465 1445 Ἀεκαλωνῑται
499 1383 548 1444 καὶ
581 1380 612 1444 οἱ
647 1382 800 1460 Κυθήριοι.
854 1380 1021 1459 Πρότεροε
1053 1383 1089 1446 δὲ
1121 1380 1161 1458 ἦν
1195 1381 1382 1459 Ζηνόδοτοε

242 1491 400 1571 Ἐφέειοε,
430 1498 453 1558 ἐ’
482 1492 517 1554 δὲ
545 1493 564 1570 ἢ
591 1479 613 1555 ὃ
637 1491 701 1570 μετ’
736 1491 835 1556 αὐτὸν
865 1490 1080 1569 Ἀρίεταρχοε,
1109 1489 1188 1569 ἄλλη
1217 1493 1243 1554 τ’
1271 1491 1382 1555 ἄλλων
1397 1517 1421 1554 15

242 1603 368 1676 γλῶεεα
389 1602 620 1680 πολυεπερέων
643 1600 788 1678 ἀνδρῶν·
811 1602 877 1678 μεθ’
900 1600 956 1664 οὓς
979 1602 1028 1664 καὶ
1051 1600 1082 1664 οἱ
1104 1600 1282 1681 φιλόεοφοι
1296 1601 1382 1680 Πορ-

177 1729 223 1776 111
243 1710 377 1791 φύριοε,
400 1712 628 1790 Πλούταρχοε,
650 1711 816 1789 Πρόκλοε,
840 1711 886 1774 ὼ(
901 1711 951 1774 καί
966 1711 1031 1788 πρὸ
1052 1710 1187 1776 πάντων
1202 1709 1310 1774 αὐτῶν
1333 1712 1407 1774 καὶι

242 1820 307 1900 πρὸ
329 1824 395 1885 τῶν
418 1822 547 1901 χρόνων
563 1826 630 1886 τῶν
646 1820 857 1897 Πτολεμαίων
880 1819 1073 1900 φιλοςόφων
1092 1819 1212 1898 ἑτέρων
1235 1821 1320 1898 μερὶε
1343 1820 1383 1883 οὐ

243 1929 351 2007 μετρία
373 1931 423 1993 καὶ
445 1930 463 1994 ὁ
486 1932 522 1995 ἐκ
544 1930 721 2007 (ταγείρων
744 1929 880 2008 αἰθέριοε
903 1933 998 2005 νοῦε,
1028 1929 1047 1992 ὁ
1070 1932 1138 1993 τοῑε
1160 1929 1246 1993 νέοιε
1269 1931 1382 2009 εοφοῐε

242 2041 311 2102 roi(
333 2038 551 2115 ἀνεγνωκέναι
572 2040 737 2118 μαθήματα
759 2039 884 2114 λέγουει
909 2037 976 2124 [τὰς
998 2039 1115 2103 τούτου
1145 2039 1273 2118 βίβλου(
1295 2038 1382 2102 οὕτω

244 2149 506 2233 κατονομάζουει]
529 2149 656 2213 διδάξαε
678 2149 734 2212 τὰ(
756 2148 938 2227 νυκτερίδαε
961 2148 1065 2223 λέγειν
1089 2147 1171 2213 εἶναι
1185 2148 1409 2226 τετράποδαεῡ

243 2258 293 2321 καὶ
316 2257 361 2320 ωε
383 2257 496 2324 ὄετεον
520 2258 646 2337 ἔχουειν
669 2257 700 2321 αἱ
723 2261 790 2322 τῶν
811 2258 923 2342 ἵππων
946 2257 1069 2337 καρδίαι
1092 2259 1141 2322 καὶ
1165 2262 1252 2337 βοῶν
1281 2259 1316 2322 δέ
1339 2279 1383 2322 τι-

244 2388 330 2446 νων,
353 2369 403 2432 καὶ
425 2368 470 2433 ὼε
494 2369 607 2447 ἕτερον
628 2367 666 2431 τὸ
693 2367 768 2432 πῑόν
798 2368 880 2432 ἑετιν
909 2369 958 2430 καὶ
988 2366 1068 2431 ἄλλο
1097 2367 1134 2431 τὸ
1163 2370 1308 2447 πιμελὲε,
1335 2369 1385 2431 καὶ

244 2476 293 2541 ὅτι
313 2478 353 2541 τὰ
375 2477 601 2556 γναμψώνυχα
623 2477 682 2542 οὐκ
704 2476 851 2556 ὀχευτικὰ
873 2481 928 2554 τῆ(
955 2477 1083 2556 ἱέρακοε
1105 2477 1383 2556 τεεεαρακοντάκιε

244 2592 296 2670 μιᾷ
325 2588 410 2671 ῥοπῇ
439 2586 697 2667 ἐπιβαινομένηε,
725 2588 775 2650 καὶ
803 2586 851 2650 ὅτι
881 2592 947 2651 τῶν
976 2585 1104 2664 ὄρνεων
1134 2589 1213 2666 βαρὺ
1236 2589 1286 2651 καὶ
1307 2609 1383 2665 πτη-

242 2698 330 2761 τικόν
357 2698 376 2776 ἡ
405 2697 587 2776 περιετερὰ,
614 2698 665 2760 καὶ
693 2695 742 2759 ὅτι
769 2700 835 2761 τῶν
864 2696 1007 2776 ἀναίμων
1031 2696 1129 2761 οὐδὲν
1152 2697 1302 2774 ιίιοτοκεῑ,
1325 2701 1383 2760 τοῦ
1398 2714 1422 2752 10

244 2807 434 2870 πολύποδα(
463 2805 597 2885 ἀναίμου
623 2827 657 2870 τε
686 2805 783 2871 ὄντος
808 2807 860 2870 καὶ
893 2806 989 2870 τόεον
1016 2807 1118 2881 γόνον
1148 2806 1383 2882 ὠοτοκοῦντοε,

245 2915 290 2978 ὼε
319 2913 337 2977 ὁ
366 2914 472 2994 ἐχῖνόε
499 2937 534 2980 τε
562 2916 610 2979 ιίιά
637 2916 734 2980 πέντε
761 2920 877 2999 γεννᾷ,
907 2917 942 2980 ἓν
969 2917 1005 2980 δὲ
1032 2917 1070 2980 τὸ
1093 2915 1236 2995 ὄετρεον,
1267 2917 1316 2979 καὶ
1339 2917 1384 2978 ὼε

245 3023 382 3088 ὀδόνταε
410 3023 519 3104 ἔχειὴ
548 3026 690 3104 μέλιττα,
720 3025 769 3089 καὶ
797 3025 878 3090 ἄλλα
907 3024 986 3089 ἄττα
1012 3030 1143 3090 τοιαῦτα
1172 3025 1266 3104 μυρία
1288 3025 1324 3088 ἔν
1349 3046 1383 3089 τε

244 3137 463 3212 θεωρητικοῑε,
491 3139 674 3213 πρακτικοί(
701 3136 751 3198 καὶ
779 3136 960 3214 ὀργανικοῖε
987 3135 1105 3199 τούτου
1138 3134 1383 3214 ευγγράμμαειν·

245 3243 266 3306 ἃ
293 3242 404 3321 μόνοι(
432 3247 500 3308 τοῑε
527 3244 743 3320 ἀνεγνωκέναι
772 3249 868 3324 βοῶει
896 3245 1060 3323 μαθήματα
1088 3248 1217 3309 δοκοῦει
1239 3245 1382 3310 θεεπέειά
1396 3262 1421 3300 1⁵

244 3372 279 3417 τε
307 3351 464 3419 εἶναικαὶ
491 3353 714 3432 ἀτρεκέετατα,
742 3353 807 3419 ἀπὸ
834 3356 862 3418 δ’
889 3353 998 3420 αὐτῶν
1026 3357 1093 3419 τῶν
1122 3354 1227 3433 ἔργων
1255 3355 1383 3434 ἐληλεγ-

313 3629 336 3676 7.
356 3623 533 3691 καλλίμαχοε]
551 3639 592 3689 γρ.
611 3625 769 3690 εώετρατοε
788 3639 924 3693 suprascr.
944 3639 1016 3677 man.
1036 3640 1090 3676 sec.
1124 3621 1165 3677 De
1184 3621 1311 3676 Sostrato
1329 3621 1383 3689 Ny·

246 3729 311 3768 saeo
338 3715 534 3783 grammatico,
564 3714 688 3783 Pompeii
715 3715 811 3784 magui
840 3718 1022 3784 praeceptore
1050 3715 1152 3780 (Strab.
1181 3712 1244 3766 XIV
1271 3731 1298 3782 p.
1324 3717 1383 3775 650)

246 3806 387 3874 cogitavit.
418 3806 551 3860 Similiter
563 3809 657 3861 autem
669 3825 713 3862 res
725 3807 874 3862 iudicanda
886 3810 929 3862 est
945 3811 1029 3875 atque
1046 3809 1106 3872 illa,
1126 3806 1199 3874 quod
1211 3805 1385 3861 Athenodori

244 3915 346 3954 nomen
362 3899 409 3965 iis,
428 3899 475 3966 qui
492 3898 638 3954 Pisistrato
660 3899 773 3954 iubente
791 3900 905 3954 Homeri
923 3900 1046 3954 earmina
1064 3900 1247 3968 collegerunt,
1265 3898 1295 3952 in
1310 3899 1384 3954 Pari-
1460 3967 1465 3976 ⁹

246 3991 305 4045 sino
324 3991 417 4045 codiee
440 3991 591 4060 ascriptum
613 3995 663 4046 est.
748 3999 787 4046 12.
811 3995 845 4047 ἂν
868 3994 1027 4060 ἐφάνηεανθ
1107 4000 1146 4047 13.
1166 3993 1384 4061 ἀπολλώνιοι]ό

244 4086 350 4138 Ῥόδιοε
369 4085 487 4152 ποιητή(
506 4101 643 4152 suprascr.
662 4103 697 4138 111.
718 4102 771 4140 υεο.
842 4093 881 4139 15.
899 4085 917 4138 l.
937 4088 953 4139 ὁ
974 4085 1102 4152 Ἐφέειοε.
1171 4091 1195 4138 4.
1214 4083 1290 4148 Quae
1307 4084 1384 4138 uncis

246 4175 404 4230 inclusimus
422 4176 564 4244 glossema
585 4193 646 4230 esse
668 4176 796 4230 videntur
819 4180 867 4231 aut
891 4177 926 4232 ad
946 4178 1096 4243 μαθήματα
1112 4195 1209 4232 vocem
1232 4177 1384 4248 ascriptum

246 4267 348 4323 autad
366 4285 400 4322 ea
418 4285 489 4334 quae
507 4286 570 4323 mox
583 4271 734 4337 sequuntur
750 4271 781 4323 ἐν
799 4287 830 4325 τε
843 4275 1025 4338 θεωρητικοῑε
1039 4273 1091 4324 etc.
1143 4275 1167 4326 8.
1182 4273 1306 4335 ὁχωτικά
1323 4270 1383 4324 eod.

246 4361 279 4428 [θ.
293 4362 381 4428 ῥοπῇ,
399 4377 455 4414 non
472 4364 561 4430 ῥυπῇ,
581 4361 641 4417 cod.
713 4368 751 4416 13.
771 4363 843 4416 ἅττα
862 4363 932 4431 cod]
