3184 5100
256 404 318 468 710
648 418 808 466 sosanna
831 416 1003 465 carmena.

254 573 380 637 ratione
403 572 549 656 cogitari.
595 571 674 654 Adi,
699 571 726 635 si
748 571 833 634 tanti
855 572 908 653 sit,
933 569 1135 635 Siebelisium
1156 567 1197 632 ad
1219 567 1295 632 libri
1315 565 1398 631 VIII

256 705 326 768 cap.
351 684 370 746 8
394 685 473 746 extr.

724 855 925 864 ———-—-

341 1020 428 1097 Quod
445 1022 571 1105 saepius
587 1043 645 1085 usu
661 1019 800 1084 venitin
817 1019 927 1085 critica
943 1023 1011 1084 arte
1026 993 1223 1100 lectitanda,
1246 1023 1294 1102 ut,
1317 1039 1397 1103 quae

257 1135 401 1197 veterum
433 1133 631 1217 scriptorum.
654 1130 741 1194 dicta
773 1130 851 1195 satis
880 1134 991 1214 aptum
1018 1130 1161 1195 habeant
1190 1130 1395 1215 explicatum,

258 1243 368 1308 eadem
389 1243 549 1308 tamenin
566 1242 656 1306 libris
677 1263 752 1304 mss.
770 1241 918 1325 graviore
942 1261 1013 1305 cum
1035 1241 1253 1325 discrepantia
1276 1241 1396 1325 scripta

256 1354 469 1438 reperiantur,
497 1373 592 1436 quarn
615 1373 695 1436 quae
715 1350 896 1415 litterarum
918 1354 1046 1415 tanturn
1067 1351 1304 1435 permutatione
1326 1353 1396 1414 orta

258 1464 317 1546 sit,
353 1463 419 1527 eius
452 1462 499 1526 rei
532 1462 660 1546 insigne
690 1460 870 1545 exemplum
900 1463 1025 1526 exstare
1053 1461 1185 1526 memini
1212 1460 1297 1544 apud
1326 1461 1396 1524 Ae·

258 1573 435 1658 schylum
464 1573 499 1636 in
522 1569 678 1655 Septem
700 1572 748 1636 ad
770 1571 925 1636 Thebas
947 1593 977 1636 v.
1003 1571 1086 1636 1000
1109 1570 1169 1658 [ed.
1194 1571 1310 1654 Well.‚
1335 1570 1396 1636 993

258 1682 395 1771 Herml.
434 1682 498 1748 Vbi
515 1704 586 1747 cum
600 1681 635 1746 in
650 1681 809 1766 plerisque
832 1681 922 1746 libris
945 1685 978 1746 et
999 1681 1243 1765 manuscriptis
1265 1684 1299 1746 et
1312 1679 1396 1764 typis

258 1794 392 1878 proditis
416 1794 461 1858 sic
483 1792 622 1876 positum
644 1792 701 1856 sit:

386 1929 530 2009 storum
552 1929 614 2006 γὰρ
637 1927 771 2008 ἐχθροῦ(
794 1929 934 1996 θάνατον
962 1927 1060 1994 εἵλετ’
1083 1931 1118 1996 ἐν
1140 1930 1251 2011 πόλει,

260 2065 321 2126 etsi
348 2062 430 2127 nihil
457 2063 638 2126 laboramus
665 2062 699 2127 in
732 2063 909 2146 sententia,
939 2086 996 2147 per
1025 2066 1134 2127 tamen
1163 2063 1279 2128 mirum
1307 2062 1397 2126 nobis

259 2173 338 2236 illud
362 2171 480 2236 accidit
486 2222 496 2255 ,
520 2172 601 2256 quod
625 2172 660 2235 in
682 2176 753 2236 octo
777 2172 954 2256 codicibuS,
984 2173 1172 2258 quibuscum
1196 2171 1399 2237 consentiunt

210 2292 241 2340 11
261 2283 372 2366 Aldus,
396 2281 573 2366 Turnebus,
597 2281 813 2366 Victorius*),
838 2305 895 2367 pro
918 2283 1035 2364 εἴργων
1058 2283 1177 2368 legitur
1200 2289 1340 2365 ετυγῶν,
1365 2281 1397 2344 id

260 2394 343 2478 quod
366 2393 576 2457 inconsultius
598 2392 768 2476 probatum
791 2393 826 2455 in
848 2393 1016 2456 verbonnn
1046 2394 1295 2478 perpetuitatem
1316 2415 1399 2456 rece·

260 2505 310 2588 pit
325 2501 516 2585 Brunckius,
541 2525 607 2567 non
632 2504 779 2587 cogitans
797 2502 850 2566 ille
867 2503 905 2566 de
927 2505 1109 2568 sententiae
1132 2502 1285 2568 exilitate.
1317 2503 1400 2567 Nam

261 2617 388 2678 tantum
417 2611 544 2697 quidem
566 2634 677 2676 verum
705 2635 773 2676 esse
797 2617 948 2698 apparet,
978 2613 1140 2678 Eteoclem
1170 2614 1314 2698 profecto
1336 2635 1401 2677 non

191 2753 194 2761 ·
261 2726 447 2808 propterea,
472 2721 554 2806 quod
571 2722 655 2785 odit
676 2721 800 2806 hostes,
824 2723 874 2786 vel
889 2726 1025 2787 mortem
1041 2723 1156 2788 obiisse
1176 2724 1227 2788 vel
1243 2727 1401 2788 mortuum

261 2834 443 2918 sepulturae
465 2832 586 2896 honore
609 2832 742 2916 dignum
765 2833 956 2917 existimari,
987 2834 1043 2922 sed
1064 2833 1147 2919 quod
1169 2833 1297 2898 fortiter
1323 2855 1402 2918 pug-

261 2943 369 3007 nando
391 2942 531 3007 hostium
553 2943 618 3006 vim
641 2943 681 3006 ab
701 2943 779 3008 urbe
801 2945 1008 3028 propulsavit.
1040 2944 1142 3020 Quam
1157 2945 1197 3008 ob
1213 2967 1281 3009 rem
1295 2965 1402 3008 recen-

262 3053 359 3117 tiores
383 3053 534 3136 editoreS,
558 3053 641 3136 quod
663 3057 696 3117 et
711 3077 729 3117 a
744 3055 916 3118 memoriae
939 3055 1001 3118 lide
1023 3055 1249 3138 praestabilius
1272 3059 1355 3119 esset
1371 3057 1403 3118 et

263 3163 442 3232 sententiae
468 3163 613 3228 bonitate
636 3164 926 3248 commendaretur,
953 3165 1070 3245 εἴργων
1093 3165 1248 3249 scriptum
1273 3165 1314 3229 ab
1341 3167 1403 3228 Ae

263 3274 372 3358 schylo
387 3295 456 3338 esse
472 3276 673 3358 censuerunt,
696 3274 729 3338 id
752 3275 834 3360 quod
857 3297 941 3358 nego
957 3275 1112 3359 equidem.
1145 3275 1405 3341 Consentaneum

263 3389 312 3448 est
327 3385 413 3449 enim
428 3385 599 3469 pristinum
621 3384 781 3450 scribendi
804 3408 905 3470 genus
928 3385 1001 3450 huie
1024 3387 1129 3450 versui
1151 3386 1197 3450 sic
1219 3385 1405 3450 restituere:

391 3540 539 3615 ετέγων
561 3541 623 3620 γὰρ
646 3539 781 3620 ἐχθροὺς
802 3539 942 3606 θάνατον
965 3539 1062 3604 εἵλετ’
1084 3539 1119 3606 ἐν
1141 3539 1307 3622 πόλεε**);

243 3713 325 3776 .quo
348 3691 502 3755 vocabulo
523 3689 699 3754 identidem
722 3713 795 3754 usus
818 3695 868 3755 est
885 3690 1075 3774 Aeschylus,
1099 3693 1135 3754 ut
1158 3689 1252 3754 huius
1274 3669 1407 3754 fabulae

264 3825 293 3865 v.
321 3801 389 3865 198.
415 3799 488 3864 779.
511 3801 574 3865 216
598 3797 683 3886 [199.
708 3799 780 3865 778.
804 3800 890 3888 217].
936 3800 1056 3876 Quibus
1079 3799 1114 3865 in
1135 3800 1238 3865 tribus
1261 3800 1407 3866 versibus

332 4071 357 4138 *l
377 4071 472 4140 [Nihili
490 4071 519 4125 hi
535 4070 600 4125 libri
613 4087 708 4126 omncs
727 4073 829 4138 essent,
848 4069 901 4124 nisi
919 4087 991 4126 nunc
1009 4070 1141 4126 sciremus
1159 4070 1188 4124 in
1205 4070 1267 4140 ipso
1279 4071 1409 4127 Mediceo

265 4165 359 4219 codice
377 4183 438 4218 esse
457 4170 581 4232 ετυγῶν,
601 4164 817 4238 superscriptum
836 4167 930 4219 autem
948 4183 983 4218 m.
1004 4182 1056 4220 soc.
1078 4166 1181 4232 εἵργων
1199 4166 1353 4234 δηλονότι]

333 4259 373 4326 **)
393 4258 559 4327 [Occupassc
577 4259 649 4312 hano
668 4257 892 4313 emendationem
904 4257 1119 4313 Wakefieldium
1131 4255 1196 4311 Silv.
1216 4257 1275 4312 crit.
1296 4259 1350 4328 lp.
1365 4265 1411 4326 98,

264 4349 293 4402 in
312 4351 482 4424 eandemque
503 4351 645 4408 Dobreum
667 4349 796 4404 incidisse
814 4351 960 4407 Adversar.
981 4351 1006 4406 Il
1024 4369 1051 4422 p.
1072 4356 1103 4405 19
1125 4351 1300 4404 Hermannus
1321 4351 1411 4410 adno-

265 4442 356 4510 tavit]
