3270 5094
531 369 567 415 111
589 367 762 417 nascerer
784 363 1035 416 eaounrnsvu.
1294 341 1354 414 381

219 520 298 584 satis
321 524 396 605 apte
411 542 504 584 versu
519 521 581 585 372
604 521 706 584 oratio
729 521 903 584 insistitur:
926 519 1124 584 desideratur
1139 519 1225 582 euim
1248 518 1355 582 cohor·
1402 524 1406 531 ’

218 631 299 694 tatio
321 630 492 714 quaedam,
529 630 616 694 cuius
643 630 770 714 quidem
793 653 904 694 caussa
926 630 1095 713 protulerit
1116 629 1170 693 ille
1191 629 1302 692 fratris
1325 633 1357 692 et

219 740 384 824 Typhonis
406 739 561 824 exempla.
607 738 725 815 Quodsi
748 763 795 822 ea,
820 762 900 824 quae
920 739 1120 802 intercidisse
1144 742 1219 801 ante
1240 761 1270 802 v.
1295 739 1356 802 373

220 849 377 934 videntur,
401 851 489 914 velut
511 850 552 913 ab
574 849 623 913 his
645 850 839 933 inciperent:

421 989 463 1051 ct
486 988 519 1050 δ’
541 985 612 1050 οὖν
625 989 674 1034 ’-

219 1121 369 1204 proclivis
392 1125 462 1185 erat
484 1121 525 1184 111
546 1122 644 1185 verba
667 1124 703 1186 cir
725 1123 759 1186 δ’
782 1122 840 1186 οὐκ
863 1142 890 1184 e.
914 1143 945 1204 q.
969 1143 994 1182 s.
1019 1119 1188 1185 aberratio

304 1232 391 1294 Ante
419 1254 448 1294 ν.
472 1231 535 1296 383
562 1253 670 1294 rursus
698 1230 898 1295 intercidisse
920 1251 1019 1293 unum
1041 1251 1187 1311 versum,
1222 1251 1283 1313 qno
1312 1229 1358 1293 sic

219 1341 286 1406 fere
315 1323 443 1405 Oceano
472 1344 598 1424 poterat
625 1338 825 1425 responderi:
862 1342 947 1418 Ὀοῶ
969 1378 1026 1422 —-,
1056 1339 1149 1403 docet
1176 1339 1358 1402 intermissa

220 1453 419 1532 ετιχομυθὶα(
441 1451 633 1515 constantia.

304 1559 345 1625 V.
368 1561 431 1624 426
464 1581 532 1644 sqq.
577 1559 791 1624 Fundamenti
824 1559 893 1623 loco
926 1559 1108 1624 habendum
1142 1560 1357 1635 ὑποετενάζει,

222 1693 293 1735 cum
314 1674 445 1754 propter
467 1670 690 1734 auctoritatem
712 1669 880 1753 librorum,
909 1673 978 1732 tum
1005 1669 1088 1752 quod
1111 1669 1149 1732 de
1173 1691 1267 1753 prosa
1289 1691 1358 1732 ora-

221 1779 777 1864 111111111111111111111οβοετάζει.
819 1778 871 1843 111
899 1781 1006 1842 autem
1035 1781 1146 1844 εθένοε
1173 1779 1359 1842 nonhabet

222 1912 283 1973 quo
303 1889 470 1953 referatur.
502 1889 591 1964 Quod
613 1889 700 1952 enirn
713 1888 914 1952 Wellauerus
938 1888 1060 1972 cogitat
1081 1889 1120 1952 de
1137 1889 1241 1972 figura
1264 1891 1359 1972 quain

221 2001 256 2066 ἓν
279 2003 331 2065 διὰ
352 2004 445 2065 δυοῖν
468 1999 589 2082 dicunt,
613 1998 652 2063 de
674 2020 711 2063 eo
733 1997 928 2062 multimodis
951 1998 1089 2062 fallitur:
1122 1999 1169 2062 ita
1192 1999 1277 2062 enim
1299 2020 1359 2061 nec

221 2132 255 2176 τε
277 2130 395 2192 ponere
417 2109 493 2172 licet
514 2131 572 2193 pro
595 2110 656 2188 καί,
678 2129 739 2172 nec
761 2108 966 2191 praemittere
984 2108 1206 2172 attributivum
1226 2129 1359 2172 nomeu:

222 2218 337 2282 deinde
359 2220 458 2299 βάρος
481 2218 649 2282 dicendum
672 2221 742 2281 1111
763 2217 802 2280 de
825 2218 923 2300 caelo,
949 2240 1014 2282 non
1036 2220 1163 2282 (θένοα
1193 2220 1359 2301 praeterea

222 2351 262 2392 ne
285 2327 484 2412 sicquidem,
509 2350 604 2411 quam
618 2327 795 2391 instituerit
810 2327 1053 2411 grammaticam
1071 2328 1239 2391 verborum
1261 2331 1360 2390 struc-

221 2442 338 2521 turam,
362 2437 571 2522 intellegitur.
610 2435 793 2520 Scripturas
815 2436 1031 2519 discrepantia
1053 2440 1166 2500 notata
1189 2437 1277 2500 nulla
1301 2439 1359 2520 est,

222 2552 445 2632 praeterquam
478 2546 561 2631 quod
591 2549 688 2613 Ἄτλα
715 2549 748 2611 θ’
775 2546 933 2630 reperitur
955 2547 1038 2630 apud
1061 2545 1276 2610 scholiastam.
1321 2547 1360 2610 ln

223 2679 260 2722 co
288 2661 394 2721 autern
415 2657 571 2721 vocabulo
600 2657 670 2740 ipsa
698 2657 877 2740 corruptela
901 2657 1058 2740 cernitur,
1083 2656 1361 2740 emendandusque

222 2767 400 2851 Aeschylus
422 2767 468 2832 sic
491 2771 554 2832 est:

409 2905 582 2970 Ἄτλαντος
605 2903 672 2969 αἰὲν
695 2903 869 2984 ὑπείροχον
893 2904 1003 2969 <revoc
1026 2903 1176 2984 κραταιὸν

410 3015 562 3094 οὐράνιόν
584 3035 618 3079 τε
640 3013 745 3079 πόλον
768 3014 900 3079 νώτοις·

503 3125 716 3190 ὑποετενάῑει.

225 3257 312 3333 Quae
333 3282 398 3324 una
421 3281 492 3324 cum
514 3259 727 3343 superioribus
749 3261 873 3322 vertere
900 3258 976 3324 licet
998 3259 1033 3323 in
1055 3259 1141 3324 hunc
1163 3260 1304 3323 modum:

376 3401 496 3460 Vorher
518 3421 577 3459 nur
598 3401 653 3460 sah
675 3401 725 3460 ich
747 3399 1017 3479 schwerbedrangt
1039 3401 1134 3460 allein

461 3503 554 3562 einen
576 3502 694 3562 andern
718 3503 854 3564 'Pitanen
877 3501 1048 3580 gebtndigt

462 3603 557 3662 durch
579 3603 734 3662 fesselnde
758 3601 907 3664 Schmach
930 3603 985 3662 der
1006 3603 1116 3676 Eisen,

377 3705 431 3764 des
453 3703 541 3763 Atlas
563 3713 637 3764 stets
659 3703 871 3783 tiberragende
894 3703 1044 3782 machtige
1067 3704 1168 3774 Κ111,
1263 3721 1267 3729 ’

461 3806 525 3864 u'nd
549 3805 602 3865 des
625 3805 774 3864 Himmels
796 3805 888 3864 Rund
912 3805 968 3864 anf
987 3805 1095 3864 seinen
1120 3804 1298 3864 Schultern:

506 3907 653 3966 darunter
674 3908 775 3966 eeuszt
797 3927 839 3966 cr.

226 4033 300 4102 Vno
321 4037 476 4102 vocabulo
504 4036 652 4101 conclusa
680 4036 841 4100 sententia
869 4035 979 4100 eadem
1002 4039 1050 4100 est
1071 4036 1104 4099 vi
1132 4035 1236 4119 posita
1269 4038 1364 4119 atque

227 4145 261 4208 in
284 4145 449 4231 Sophoclis
473 4147 551 4212 Oed.
576 4145 642 4211 001.
667 4167 696 4208 v.
723 4145 806 4209 1060
832 4146 995 4211 ἁλώεεται.

309 4255 349 4321 V.
373 4257 439 4322 430
459 4257 640 4336 ξυμπίτνων
662 4254 874 4319 scribendum.
1381 4285 1450 4335 mv

310 4364 351 4428 V.
385 4365 449 4430 494
480 4369 530 4430 καὶ
563 4367 685 4446 μακρὰν
720 4366 825 4447 ὀεφύν
858 4365 916 4428 etsi
944 4363 1065 4429 nemini
1098 4363 1265 4430 offensioni
1297 4367 1364 4430 fue-
