3184 5100
296 344 361 408 720
688 358 848 409 scaccis
871 359 1044 408 11111111.

295 516 364 575 tum
387 511 468 592 scio,
497 510 550 594 qui
580 509 812 577 nominativum
839 512 1018 577 absolutum
1046 513 1108 577 sibi
1130 512 1190 576 visi
1218 515 1294 576 sunt
1315 514 1349 576 iu
1370 513 1431 576 illis

295 621 452 705 reperire,
487 642 539 685 eos
568 643 680 705 parum
714 627 915 706 perspectam
949 623 1098 688 habuisse
1131 622 1250 686 istius
1277 623 1431 686 rationem

297 730 556 795 constructionis:
588 753 683 816 quam
705 733 856 817 quoniam
879 754 965 796 nunc
987 755 1052 798 non
1075 732 1152 796 licet
1172 732 1360 817 diligentius
1382 732 1432 796 de-

295 841 399 923 linire,
422 863 486 906 uno
509 844 594 906 certe
617 842 777 926 exemplo,
801 841 876 926 quid
898 841 977 906 mihi
999 843 1105 925 velim,
1121 842 1310 918 declarabo.
1355 841 1431 906 Rec-

294 951 418 1016 tissime
446 950 533 1016 enim
561 973 594 1016 se
623 951 722 1016 babet
748 953 782 1017 11
805 952 1036 1016 Eumenidibus
1057 975 1087 1015 v.
1114 953 1175 1016 100
1196 957 1431 1036 1101011111-
1543 1013 1544 1016 ,

294 1061 456 1145 1111111111,
486 1061 569 1146 quod
597 1062 657 1126 etsi
685 1063 782 1126 verbo
809 1062 902 1127 finito
925 1065 1028 1145 caret,
1057 1065 1167 1126 tamen
1189 1067 1223 1128 11
1245 1063 1286 1128 ad
1308 1065 1430 1128 antece-

295 1171 403 1237 dentia
427 1171 589 1236 commode
612 1170 803 1254 adnectitur,
829 1173 995 1256 inquibus
1018 1172 1102 1236 idem
1124 1173 1301 1238 subiectum
1323 1173 1431 1237 eodem

295 1286 344 1346 est
365 1305 441 1347 casu
463 1282 602 1365 positum
624 1282 732 1364 (ἔχω),
762 1281 857 1346 etad
880 1281 1123 1367 consequentia,
1152 1283 1267 1367 quibus
1295 1283 1431 1351 eiusdem

295 1391 429 1456 subiecti
452 1391 607 1476 cogitatio
628 1391 868 1476 redintegratur
889 1413 1082 1477 quamquam
1104 1391 1168 1456 alic
1190 1413 1267 1456 casu
1289 1392 1432 1478 usurpati

295 1503 394 1586 (μού).
424 1500 575 1587 Idemque
596 1501 630 1566 in
653 1500 819 1585 Sophoclis
839 1503 937 1567 verba
953 1502 1039 1566 cadit
1055 1501 1169 1587 Oedipi
1184 1501 1285 1588 Regis
1300 1503 1343 1567 60
1364 1505 1431 1588 (vo-

296 1617 376 1679 (εῑτε
397 1613 588 1678 πάντεε·καὶ
609 1615 797 1690 comburet,
821 1612 866 1678 ὼε
888 1613 972 1691 ἐγὼ,
995 1613 1053 1678 οὐκ
1074 1613 1157 1679 ἔετιν
1180 1613 1270 1693 ὑμῶν
1294 1613 1379 1679 dent
1401 1615 1431 1679 ἐξ

295 1723 365 1788 icoo
400 1725 499 1806 νοεεῑ)
531 1721 734 1806 Euripidisve
767 1720 937 1805 Hippolyti
964 1721 1006 1787 23
1040 1722 1094 1808 (τὰ
1125 1725 1232 1788 πολλὰ
1264 1726 1300 1790 δὲ
1332 1725 1430 1789 πάλαι

294 1833 491 1916 προκόψαε’,
514 1832 555 1898 οὐ
577 1831 684 1898 πόνου
706 1833 832 1896 πολλοῦ
854 1853 892 1910 με
914 1835 984 1914 δεῖ).
1016 1871 1059 1882 -
1090 1831 1153 1897 Sed
1179 1833 1219 1898 de
1246 1831 1431 1918 Epicharmi
1543 1863 1544 1868 1

294 1965 387 2006 versu
408 1942 630 2026 praetermitto
651 1941 773 2025 reliqua
801 1941 984 2005 criticorum
1006 1942 1193 2026 conamina,
1222 1965 1304 2026 quae
1334 1943 1432 2008 babes

295 2052 378 2135 apud
402 2051 559 2115 Thomam
589 2050 786 2115 Gatakemm
808 2051 1074 2116 Adversariorum
1102 2052 1235 2117 miscell.
1264 2057 1347 2137 post.
1373 2052 1432 2136 (ed.

197 2147 205 2156 ⁸
295 2160 499 2226 Traiectinae
516 2181 546 2224 a.
566 2159 661 2244 1698)
678 2181 748 2244 cap.
767 2161 806 2224 12
820 2183 853 2245 p.
869 2160 949 2244 516,
972 2161 1041 2250 ipse
1064 2165 1171 2226 autem
1192 2166 1324 2246 proptor
1344 2166 1433 2248 opta-

293 2271 396 2336 tivum
424 2271 562 2335 Aniochi
590 2269 751 2335 codicibus
775 2271 1000 2356 consignatum
1027 2272 1112 2336 hanc
1138 2272 1237 2336 fuisse
1264 2273 1433 2356 pristinam
1543 2317 1544 2336 1

294 2381 442 2446 versiculi
463 2381 600 2446 formam
623 2401 752 2445 censeo:

295 2519 316 2583 ἁ
337 2520 379 2583 δὲ
400 2518 486 2599 χεὶρ
506 2518 578 2584 τὰν
605 2521 719 2598 χεῖμα
741 2517 855 2584 νίζει·
877 2518 944 2582 ode
965 2538 1000 2582 τι
1022 2519 1091 2584 κᾶν
1114 2539 1148 2583 τι
1169 2519 1433 2601 λαμβάνοιε.*)

294 2669 416 2734 Eodem
441 2669 573 2734 artificii
595 2689 714 2753 genere
735 2669 877 2733 diversas
899 2669 982 2752 apud
1006 2669 1236 2754 Euripidem
1259 2670 1434 2755 scripturas

293 2779 603 2844 Phoenissarum
618 2801 647 2843 v.
664 2779 726 2844 266
743 2779 921 2843 coniunctis
941 2778 1055 2843 studiis
1070 2801 1130 2864 ego
1145 2783 1179 2844 et
1193 2781 1314 2846 amicus
1330 2782 1434 2846 conci-
1543 2781 1544 2784 ’

294 2890 441 2954 liavimus
457 2889 518 2953 bac
533 2890 675 2954 ratione:
698 2889 741 2956 εἰ(
758 2889 870 2967 ἀγῶνα
883 2890 980 2957 τόνδ’
995 2891 1136 2976 ἔνοπλος
1151 2891 1253 2976 ὁρμᾷ
1266 2895 1361 2958 παῖ(
1383 2913 1434 2974 με-

292 3001 436 3083 τέρχεται
450 2998 580 3078 δόμους.
590 2999 639 3085 **)
667 3001 818 3065 cicutam
833 3021 1008 3084 pronomen
1024 3023 1096 3065 cum
1111 3000 1189 3065 alibi
1211 3023 1307 3085 saepe
1329 3002 1433 3066 locum

242 3109 445 3192 1611111111,
479 3113 547 3173 tum
569 3109 705 3174 'Ecetrae
731 3131 824 3175 versu
847 3109 1028 3175 Obiliadum
1049 3111 1098 3194 Π,
1123 3111 1183 3175 136
1211 3111 1258 3176 sic
1286 3115 1322 3175 ut
1342 3116 1435 3196 patet
1543 3097 1544 3138 ³

293 3218 476 3285 scribendo:
504 3220 544 3298 ἠν
565 3224 714 3302 κεκυφὼε
735 3221 913 3302 διάγραμμα
933 3223 1106 3302 μηχανικόν
1128 3243 1157 3286 τι
1178 3221 1326 3303 γράφων.

299 3392 493 3403 -ψ-μ

360 3543 385 3610 *)
409 3541 519 3611 [henim
541 3543 571 3596 11
594 3542 718 3608 servato,
741 3541 789 3609 qui
806 3541 958 3597 servandus
981 3546 1056 3610 erat,
1080 3542 1185 3598 1111111
1208 3541 1435 3600 Schneidewinus

291 3632 410 3688 Exarsit.
435 3635 494 3689 crit.
515 3652 575 3705 cap.
594 3634 659 3688 Vlll
682 3637 814 3704 (11837)
836 3653 864 3704 p.
883 3641 929 3690 50:
958 3638 1006 3690 bd<
1029 3653 1057 3690 τι
1080 3639 1126 3692 καί
1147 3655 1174 3691 τι
1196 3639 1264 3692 δοὺς
1288 3639 1356 3704 λάβε
1380 3639 1435 3706 (vel
1543 3709 1544 3712 Ἴ

293 3729 364 3797 κᾷτα
382 3729 448 3782 soc<
465 3730 511 3797 1.).
537 3726 591 3781 Sed
609 3727 782 3797 probabilius
806 3728 891 3782 etiam
909 3729 1062 3783 1111111111
1079 3731 1175 3784 noster
1192 3730 1228 3784 de
1246 3731 1368 3785 dialecto
1387 3731 1434 3786 do·
1543 3715 1544 3720 Ἰ

292 3821 350 3874 rica
366 3838 394 3890 p.
413 3825 475 3874 456:
501 3821 549 3875 δὸε
566 3838 593 3874 τι
611 3823 656 3874 καί
675 3821 769 3887 λάβοι(
786 3823 815 3875 τί
833 3839 876 3887 κα,
894 3823 961 3890 post
978 3821 1006 3876 C.
1025 3822 1055 3876 F.
1075 3823 1266 3877 Hermannum
1283 3823 1355 3878 Hist.
1374 3824 1436 3893 phi-

292 3914 342 3968 los.
356 3913 426 3968 Plat.
441 3913 493 3984 Ip.
507 3919 565 3980 306,
584 3912 627 3966 cui
644 3913 709 3968 tout
726 3931 753 3967 τι
771 3917 816 3968 καί
835 3915 928 3980 λάβοι(
947 3933 974 3969 τι
992 3917 1027 3970 κά
1046 3915 1105 3984 (sic)
1117 3915 1257 3984 placebat.
1282 3913 1322 3970 of.
1336 3917 1369 3970 A.
1384 3917 1436 3972 Lo·
1543 3977 1544 3984 1

292 4005 377 4060 renzii
394 4006 429 4060 de
446 4005 613 4076 Epicharmo
631 4005 733 4059 librum
750 4005 872 4060 Berolini
890 4024 915 4061 a.
935 4013 1001 4062 lsoa
1019 4007 1124 4062 editum
1142 4026 1170 4077 p.
1189 4012 1252 4062 2⁷4:
1271 4007 1320 4062 ubi
1336 4011 1436 4064 tamen
1543 3989 1544 4015 ¹

291 4115 355 4153 meu
373 4097 635 4154 Schneidewinianis
654 4099 822 4169 miscentur]
1543 4159 1544 4170 p

359 4193 398 4260 **)
424 4192 546 4260 [Partem
565 4192 622 4246 veri
640 4209 658 4246 a
673 4191 754 4246 nobis
771 4191 914 4247 inventam
931 4211 992 4249 esse
1010 4197 1040 4249 et
1056 4193 1232 4249 Hennenses
1250 4195 1389 4250 concessit
1407 4199 1437 4252 11
1543 4255 1544 4258 ,

291 4283 431 4337 Ncnckius
449 4283 527 4339 Stud.
546 4285 639 4354 Eurip.
658 4285 670 4337 I
688 4302 715 4354 p.
729 4290 770 4352 71,
790 4303 957 4353 quamquam
975 4289 1092 4355 uterque
1110 4287 1241 4341 aliorsum
1258 4287 1380 4343 deducto
1400 4289 1436 4343 de
1543 4275 1544 4328 i

291 4374 377 4444 ipsius
395 4393 479 4431 manu
496 4381 597 4446 poetae
618 4377 740 4446 iudicio]
