3254 5092
260 321 320 383 172
386 336 535 384 ooaocc.
560 335 650 384 olsr.
673 336 721 382 oc
744 335 836 382 arai.
860 335 964 382 Aiax.
987 335 1031 382 ar
1052 333 1269 384 PISISTRATO.

257 489 369 552 vocula
397 488 538 571 peccavi.
584 487 760 571 Persequar
791 509 878 552 nunc
906 488 1050 572 singula,
1084 487 1217 554 minima
1244 487 1394 571 maxima,

257 598 432 662 secundum
460 597 604 662 ordinem
631 619 795 680 versuum,
830 597 955 662 omissis
982 601 1094 662 tamen
1121 597 1282 663 scribendi
1312 598 1396 663 notis

151 729 155 740 ’
257 708 380 772 librarii
387 757 396 791 ‚
420 729 553 791 quarum
576 707 719 792 cognitio
741 707 821 771 nulli
844 707 913 771 usui
937 711 994 772 est.

323 919 356 972 V.
377 925 416 972 11.
432 935 521 993 prccor
533 917 583 985 (sic
596 916 708 985 quidem
720 917 836 986 pictum)
850 935 934 987 supra
944 936 1067 973 versum:
1081 919 1156 986 quod
1169 928 1297 989 ‘prorsus
1310 919 1396 974 ambi-

257 1031 342 1082 guum
354 1015 447 1064 utrum
463 1030 613 1080 praecorum
625 1009 662 1063 eit
674 1027 710 1064 an
725 1019 850 1078 praecoa'
908 1017 1019 1079 poetice,
1038 1029 1094 1066 non
1110 1019 1238 1081 poeticos:
1257 1014 1289 1065 ut
1300 1029 1395 1068 veram

256 1105 405 1160 lectionem
423 1121 484 1158 esse
502 1105 639 1172 appareat
658 1107 812 1157 Graecomm
831 1104 886 1167 (vcl
908 1105 1026 1158 fortasse
1047 1108 1165 1173 praecor)
1191 1111 1256 1160 artie
1276 1111 1396 1174 poeticae

255 1204 334 1252 libros
437 1202 476 1250 16.
502 1201 541 1250 17.
565 1201 696 1250 illustrium
722 1195 795 1250 inter
818 1213 913 1249 versus
1020 1204 1058 1252 19.
1083 1205 1178 1274 opterit
1302 1204 1396 1258 omno:

256 1291 329 1345 inter
348 1305 442 1344 versus
516 1293 557 1342 21.
576 1294 617 1342 22.
637 1300 728 1360 impp
744 1289 795 1358 ‘iffi
813 1293 892 1342 ualuit
904 1287 977 1343 inter
994 1306 1090 1344 versus
1165 1297 1206 1345 23.
1226 1296 1266 1345 24.
1284 1296 1397 1358 phalera

258 1465 283 1508 et
301 1389 510 1524 nanuaiitiinc:
534 1448 582 1502 ubi
600 1466 683 1518 supra
699 1466 810 1503 versum
828 1449 932 1518 scripta
949 1451 1060 1516 vocula,
1082 1451 1207 1518 quamvis
1230 1452 1303 1505 lectu
1326 1451 1396 1505 diffl-

257 1546 328 1612 cilis,
346 1547 442 1599 tamen
460 1560 516 1596 non
537 1557 567 1595 ec
586 1541 713 1595 dubitare
730 1541 931 1595 Wilmanneiue
950 1542 1047 1596 scribit
1070 1542 1135 1610 quin
1153 1543 1190 1597 eit
1206 1548 1296 1610 pterea
1313 1543 1397 1598 inter-

256 1637 407 1708 pretanda,
424 1639 456 1690 ut
473 1651 545 1703 quae
564 1633 703 1688 simillimo
720 1634 764 1688 vel
781 1633 864 1703 parili
881 1636 1008 1703 exemplo
1026 1635 1131 1704 scripta
1148 1636 1185 1689 eit
1197 1655 1221 1690 v.
1236 1643 1276 1691 37.
1300 1637 1397 1706 Longe

255 1731 342 1801 igitur
359 1728 564 1798 simplicissima
581 1728 689 1781 ratione
707 1727 808 1781 turbae
825 1728 896 1780 istac
909 1745 1005 1782 omncs
1023 1727 1248 1797 complanantur,
1262 1746 1331 1797 quae
1350 1730 1396 1784 ob-

257 1841 367 1879 scurum
383 1822 601 1892 perplexumque
615 1824 700 1888 plrzxa
721 1819 790 1873 illud
808 1822 964 1874 creaverat:
989 1841 1070 1888 opera
1093 1827 1215 1876 Demetrii
1236 1827 1351 1878 Ptaterir‘
1372 1833 1396 1877 et

257 1921 434 1970 nonnullorum
449 1926 589 1983 praeterea
606 1930 703 1974 aenum,
725 1928 839 1982 prorsus
857 1913 893 1967 ad
911 1915 1068 1982 exemplum
1089 1931 1221 1982 graecum
1238 1917 1283 1969 διὰ
1301 1918 1397 1984 Δημη-

256 2011 336 2076 τρίου
348 2013 401 2062 τοῦ
414 2008 567 2074 Φαληρέως
582 2009 627 2060 καὶ
639 2005 795 2073 γερουείων
807 2007 913 2073 ἑτέρων
926 2007 1040 2073 ἀνδρῶν
1052 2006 1127 2075 apud
1138 2007 1258 2061 Keilium
1269 2027 1296 2076 p.
1314 2014 1368 2074 117,
1380 2014 1397 2063 8

291 2159 332 2206 26.
346 2125 574 2220 arcteminla‘imi
601 2149 627 2204 h.
649 2154 864 2204 conamina
932 2155 973 2204 29.
998 2099 1130 2204 icterica
1211 2158 1252 2207 33.
1276 2157 1397 2218 nonapiea

291 2301 332 2350 35.
346 2243 533 2349 bibliotiearias
585 2297 625 2349 38.
639 2298 814 2348 waltonem
869 2299 910 2346 40.
925 2295 1084 2366 bibliotkecp]
1102 2312 1132 2347 ee
1148 2292 1178 2346 in
1195 2311 1293 2348 rasura
1348 2299 1397 2367 tpc

289 2393 331 2441 44.
350 2389 443 2455 ditipt'a
512 2391 554 2441 46.
568 2387 669 2455 Ceteri]
687 2385 751 2440 hinc
763 2387 813 2440 aut
830 2385 887 2440 alia
903 2401 1002 2440 manue
1021 2388 1070 2440 aut
1087 2387 1188 2442 saltem
1209 2388 1397 2442 atramentum

257 2481 331 2536 aliud
352 2479 451 2550 incipit
524 2480 815 2549 50.ampzae]pmp1a
836 2478 865 2532 in
886 2495 985 2533 rasura
1053 2485 1094 2534 60.
1114 2482 1190 2544 Quin:
1214 2479 1286 2534 unde
1309 2497 1396 2534 novus

255 2592 351 2628 versus
368 2573 466 2643 incipit
534 2577 575 2627 67.
594 2574 636 2626 Nc}
652 2570 676 2626 α’
695 2575 815 2626 LXXII.
835 2575 931 2627 duobus
942 2571 959 2625 i.
974 2588 997 2626 e.
1011 2593 1028 2626 a
1039 2570 1210 2641 praepositio
1229 2589 1291 2626 cum
1309 2572 1396 2642 apice,

256 2668 414 2735 ζητήματος
437 2666 554 2719 multum
577 2665 725 2734 disceptati
748 2665 823 2720 λύεει
844 2663 913 2719 item
932 2663 1136 2734 simplicissima
1209 2670 1249 2718 7⁶2.
1269 2667 1397 2718 industrii

291 2814 332 2864 73.
352 2805 408 2875 oii3
428 2809 500 2876 plati
517 2807 591 2864 inter
608 2825 703 2863 versus
777 2812 816 2862 76.
835 2771 938 2876 prticiii

343 2977 491 3043 Ceterum
514 3000 592 3062 quas
614 3001 680 3043 non
703 2979 799 3063 attigi
820 2977 1053 3062 discrepantias
1076 2979 1269 3061 scripturae,
1293 2977 1332 3040 dc
1349 2977 1395 3040 eie

257 3110 332 3152 vere
354 3110 405 3152 me
427 3110 524 3172 supra
547 3089 593 3174 (p.
620 3089 799 3174 124-126)
822 3091 975 3152 testatum
997 3108 1065 3152 esse
1087 3087 1191 3176 scito.]
