3270 5094
678 353 798 402 oenrrr
821 354 984 403 concam.
1335 341 1397 404 407

257 503 402 582 φύτευμα
423 503 546 588 legeret
567 503 771 588 simpliciter,
798 528 866 570 non
892 506 958 570 ullo
980 506 1072 570 modo
1094 507 1181 572 aliud
1202 511 1311 591 posset
1332 509 1395 572 uisi

256 611 443 677 ‘inuictam'
465 613 715 698 ‘insuperabile’
745 615 964 698 interpretari:
993 616 1193 680 hauddubie
1215 616 1248 680 id
1270 617 1396 700 quidem

255 725 384 804 praeter
405 745 534 787 sensum
556 727 681 809 poetae,
705 725 759 809 qui
780 724 815 789 in
837 725 922 789 hanc
936 728 1062 809 partem
1083 747 1176 790 versu
1191 726 1318 790 demum
1334 727 1395 790 702

256 830 486 916 cogitationem
503 833 680 899 deflexunrs
696 837 774 899 erat.
820 833 909 919 Ergo
930 835 991 899 hac
1014 835 1189 900 offensione
1204 835 1395 920 gravissima

256 962 294 1006 ao
327 946 405 1007 tere
442 943 607 1030 ἀχειρώτῳ
640 944 761 1010 liberae
794 945 1000 1010 membranae
1032 945 1305 1029 Laurentianae*)
1340 965 1396 1008 cur

253 1055 364 1116 tamen
396 1052 491 1117 fidem
522 1075 587 1118 non
616 1054 763 1118 fecenmt
790 1055 956 1135 ἀχείρητοε
983 1053 1128 1118 formae?
1171 1053 1295 1136 Quippe
1326 1074 1392 1118 non
1405 1071 1446 1121 xn
1482 1141 1485 1148 Ι

255 1163 380 1225 exstare
401 1164 516 1242 χειρὲω
538 1163 670 1228 verbum
689 1185 876 1247 responsum
898 1167 957 1247 cst,
980 1185 1046 1228 non
1067 1163 1171 1248 magis
1192 1163 1292 1248 igitur
1313 1163 1394 1247 fingi

253 1269 344 1335 illino
366 1270 543 1337 derivatum
571 1275 716 1353 χειρητόε
744 1274 794 1337 vel
822 1273 989 1354 ἀχειρητοε
1016 1274 1165 1356 potuisse.
1210 1271 1334 1336 Debere
1361 1271 1393 1334 id

254 1381 430 1461 ἀχείριετον
463 1383 568 1467 potius
602 1403 670 1447 esse
704 1405 722 1446 a
753 1383 878 1463 χειρίζιιι
916 1383 1045 1446 ductum
1078 1383 1288 1446 ratiocinatus
1317 1381 1394 1444 olim

253 1488 463 1556 Doederlinus
503 1491 582 1556 adeo
621 1491 780 1575 persuasit
819 1513 922 1574 nuper
957 1491 1159 1574 Hartungio,
1193 1491 1220 1554 is
1253 1495 1289 1554 ut
1322 1511 1392 1556 eam

253 1598 390 1665 formam
426 1600 488 1685 ipsi
524 1601 647 1665 scilicet
683 1603 797 1683 poetae
833 1600 996 1684 redderet,
1041 1601 1184 1683 proxime
1226 1603 1332 1664 autem
1373 1623 1392 1662 a

253 1707 462 1774 Laurentium
497 1709 559 1774 fide
596 1710 707 1774 abesse
743 1731 812 1774 sese
848 1709 1013 1775 Nauohius
1049 1713 1197 1774 narraret
1229 1710 1390 1789 ἀγήρατον

253 1816 402 1901 Sophocli
425 1820 657 1884 restituentem.
703 1819 785 1895 Quid
813 1819 943 1884 autem?
971 1818 1092 1904 illicine
1119 1841 1160 1883 ne
1183 1819 1223 1883 ad
1246 1817 1391 1902 proxima

252 1927 379 2011 quidem
401 1930 497 1993 verba
520 1929 658 1993 Pollucis
680 1932 889 2013 perrexerunt
910 1911 1068 2013 legendo,
1097 1929 1210 2012 quibus
1238 1929 1265 1992 is
1292 1929 1391 2008 ἐγχει-

253 2039 348 2117 ρητής
370 2039 543 2119 ἐγχείρηειι
565 2039 812 2122 Aristophania‚
842 2039 1034 2119 ἐπιχειρηταὶ
1054 2037 1263 2122 Thucydidis,
1293 2039 1392 2118 ἐγχει-

253 2149 483 2228 ρητικωτέρουε
505 2147 745 2232 Xenophontis,
775 2149 983 2229 ἐγχειρήματα
1005 2147 1246 2230 Demosthenis,
1276 2148 1391 2228 ἐπιχει-

251 2258 373 2336 ρήματα
395 2257 582 2342 multorum,
603 2257 711 2323 dedita
733 2278 830 2341 opera
853 2256 1052 2340 composuit?
1095 2258 1149 2321 An
1170 2256 1252 2320 nihil
1274 2257 1309 2320 iu
1330 2256 1392 2320 hoo

251 2386 369 2450 genere
392 2367 542 2452 analogia
565 2367 674 2432 valet?
702 2388 783 2451 quae
811 2366 838 2430 si
866 2370 899 2430 et
926 2368 1079 2447 ἐγχειρεῖν
1107 2370 1140 2429 et
1167 2367 1336 2446 ἐπιχειρεῖν
1359 2369 1391 2428 et

250 2473 328 2540 hinc
349 2479 428 2540 nata
450 2477 684 2558 εὐεπιχείρητος
706 2476 962 2556 διιιεπιχείρητοι
984 2477 1249 2557 προεπιχεὶρητοι
1264 2474 1389 2541 ἀντεπι-

251 2587 395 2665 χείρητοε
415 2587 574 2668 probavit,
598 2608 660 2670 qua
676 2585 870 2650 confidentia
884 2585 1074 2670 negabimus
1097 2607 1116 2649 a
1138 2585 1233 2668 poeta
1248 2584 1389 2666 potuisse

251 2693 347 2758 etiam
374 2695 539 2775 ἀχείρητοε
568 2694 725 2780 fingi?**)
769 2695 829 2778 Vt,
854 2693 995 2759 simodo
1018 2693 1184 2758 diffidendi
1212 2693 1306 2758 venia
1335 2693 1387 2776 sit,
1478 2781 1483 2790 1

249 2800 334 2867 houd
356 2803 464 2888 paullo
486 2805 602 2868 rectius
625 2804 664 2867 de
687 2804 864 2870 αὐτόποιον
892 2825 987 2888 quam
1014 2803 1052 2868 de
1075 2804 1244 2884 ἀχείρητον
1268 2801 1388 2887 aliquid

251 2959 452 2971 -———--—.

317 3056 341 3122 ³⁸)
359 3057 486 3122 φύτευμ’
503 3057 653 3124 ἀχείρητον
672 3072 734 3110 cnm
752 3055 789 3108 sit
805 3056 834 3110 in
853 3055 984 3110 lemmate
1003 3055 1178 3122 scholiastae,
1196 3055 1276 3108 huius
1294 3057 1388 3109 autem

249 3149 445 3216 interpretatio
462 3147 541 3202 talis:
560 3151 603 3204 ὅτι
620 3151 775 3214 ἀπέεχοντο
792 3154 853 3203 τῶν
871 3148 979 3214 μορίων
997 3149 1023 3202 ol
1040 3150 1250 3214 Λακεδαιμόνιοι
1267 3165 1291 3211 e.
1311 3164 1337 3214 q.
1358 3166 1388 3212 s,

250 3243 368 3308 apparet
389 3239 475 3310 ipsius
497 3241 678 3296 Laurentium
702 3241 869 3310 scripturam
890 3241 1041 3309 ἀχείρητον
1063 3239 1148 3294 etiam
1170 3241 1199 3294 ιιι
1221 3240 1388 3294 scholiorum

250 3332 412 3388 collectione
430 3333 583 3400 antiquitus
602 3334 736 3388 traditam
754 3349 823 3399 esse,
841 3333 878 3387 ad
895 3349 957 3387 eam
975 3333 1068 3386 autern
1087 3349 1159 3399 quae
1178 3333 1318 3401 subrepsit
1334 3335 1388 3385 lor-

249 3441 325 3478 mam
343 3425 500 3493 ἀχειρωτον
518 3428 659 3480 serratum
676 3443 749 3480 nuno
767 3425 891 3480 scholion
908 3425 1056 3494 pertinere,
1074 3424 1103 3478 id
1121 3425 1195 3491 quod
1212 3425 1387 3479 Hermannus

248 3516 319 3570 vidit
335 3517 496 3572 rectissime.
517 3549 549 3558 -
568 3517 697 3573 Ceterum
715 3517 785 3572 mira
808 3519 851 3571 est
873 3519 902 3572 et
918 3518 963 3572 vix
985 3518 1146 3586 incorrupte
1167 3517 1284 3592 quaein
1303 3518 1387 3570 (υνα-

249 3617 328 3678 γωγῇ
347 3611 452 3665 λέξεων
470 3611 613 3679 χρηειμιυν
631 3629 658 3680 p.
677 3616 735 3677 474,
753 3616 769 3664 4
792 3611 876 3664 Belrk.
898 3613 970 3677 (1⁷5,
989 3617 1005 3665 3
1021 3609 1146 3677 Baohm.)
1164 3610 1265 3679 ¹glossa
1283 3609 1385 3662 exstat:

250 3703 418 3770 ἀχείρωτοι,
448 3705 573 3769 ἄμωμον.
610 3702 686 3768 Quae
716 3704 739 3757 si
761 3705 833 3758 l'ortc
856 3703 892 3757 cd
915 3702 1080 3772 Sophoclem
1103 3703 1223 3771 spectet,
1253 3701 1337 3755 mirer
1358 3701 1387 3754 ιιι

250 3795 414 3861 αὐτόματον
430 3795 520 3850 lateat
535 3795 565 3849 in
583 3798 714 3863 ἄμωμον,
736 3795 812 3850 idem
834 3797 866 3848 ut
887 3795 950 3850 huic
972 3794 1155 3864 grammatico
1178 3794 1290 3859 vitium,
1312 3793 1387 3861 quod

249 3886 362 3954 Polluci,
380 3887 471 3942 baudi
487 3889 578 3942 fixerit.
614 3887 675 3942 Nisi
692 3889 788 3942 tamen
804 3887 851 3942 ille
869 3905 965 3942 reram
982 3887 1075 3957 potius
1092 3887 1235 3942 notionem
1251 3886 1387 3954 interpre-

248 3980 324 4033 tatus
343 3979 454 4048 scripsit
469 3983 586 4046 ἄμαχον.

315 4072 355 4140 **)
375 4071 520 4141 [Nimirum
542 4075 592 4126 aut
612 4073 703 4142 ipsum
721 4074 831 4127 exstare
849 4072 972 4141 potuisse
991 4074 1088 4140 χειρὲω
1105 4073 1221 4126 verbum
1238 4071 1386 4125 ratiocina-

249 4164 312 4231 bar,
331 4166 380 4218 aut
397 4166 429 4218 ut
446 4165 600 4234 cogitatum
617 4165 811 4220 tautummodo
829 4183 880 4234 pro
898 4165 1080 4220 timdamcnto
1098 4165 1183 4218 fuisse
1201 4165 1277 4219 recte
1295 4164 1387 4217 factae

249 4259 377 4324 χειρητόε
400 4259 518 4312 formae:
549 4257 583 4312 de
606 4274 660 4324 quo
682 4275 765 4326 posse
788 4257 910 4312 dubitari
937 4257 1058 4312 concedo
1080 4256 1241 4312 liberaliter.
1282 4255 1386 4310 Verum

248 4363 312 4403 rara
334 4367 367 4404 aa
389 4350 473 4418 plane
495 4350 629 4420 singulari
651 4350 823 4406 humanitate
842 4369 910 4404 rmus
929 4367 963 4406 ex
978 4351 1025 4406 'eia
1049 4349 1202 4406 editoribus
1226 4349 1381 4420 Sophoclis,
