3272 5088
631 401 751 451 sasvn
775 401 1034 452 scsnrosmvs.
1222 409 1225 414 ’
1338 383 1401 450 461

349 555 458 641 (ΧΠΙ)
495 555 523 619 Ε
552 557 697 639 proximo
725 556 808 620 libro
836 577 893 620 sua
915 556 1000 619 idern
1022 555 1117 639 petiit
1138 553 1352 638 Harpocratio
1374 575 1401 618 ν.

264 667 378 746 Λητή·
400 665 569 746 Ὑπερίδηε
591 667 671 731 κατὰ
693 666 859 746 Δημάδου.
905 667 988 745 Λητὴ
1017 667 1109 730 πόλιε
1137 665 1198 730 ἐετὶ
1220 669 1275 744 τῆε
1298 666 1403 730 Μακε-

263 777 390 854 δονίαε,
413 777 602 854 μνημονεύει
625 778 661 841 δὲ
676 776 772 855 αὐτῆς
795 776 949 841 πολλάκις
964 778 1150 855 Μαρεύαε
1172 775 1403 854 ὁνεώτεροε

264 886 305 951 ἐν
333 887 430 971 ἕκτῳ
458 887 750 952 Μακεδονικῶν.
794 885 858 951 Our
879 906 996 969 saepe
1017 885 1078 949 hoo
1100 884 1299 968 potissimum
1321 884 1403 948 libro

263 995 415 1079 oppidum
431 995 509 1058 illud
530 996 731 1078 memorarit,
755 995 790 1058 in
812 999 905 1060 tanta
928 1015 1033 1059 rerum
1048 994 1328 1058 Macedonicarum
1349 993 1402 1057 ola

264 1105 415 1168 scuritate
438 1104 576 1168 divinari
598 1105 718 1189 nequit.
754 1105 823 1169 Nec
840 1127 878 1169 ex
896 1105 1021 1170 adiecto
1036 1104 1231 1188 Hyperidiae
1249 1103 1402 1168 orationis

263 1214 447 1278 testimonio
469 1215 547 1278 satis
569 1217 640 1278 tuto
662 1215 701 1278 dc
723 1218 866 1298 tempore.
890 1215 1106 1279 coniecturam
1127 1213 1240 1297 facias,
1259 1214 1319 1278 etsi
1341 1213 1402 1277 De-

264 1325 390 1387 madem
412 1324 527 1388 seimus
552 1325 637 1388 circa
659 1325 849 1408 olympiadis
869 1325 930 1388 110
952 1325 1072 1388 exitum
1094 1323 1134 1388 ad
1157 1323 1403 1407 rempublicam

265 1434 452 1516 accessisse,
482 1434 599 1518 olymp.
624 1455 698 1498 vero
730 1436 790 1497 114
822 1437 854 1498 et
882 1434 998 1498 obiisse
1026 1433 1222 1518 Hyperidem
1250 1437 1283 1496 et
1310 1432 1402 1498 vehe-

264 1544 478 1608 mentissimas
505 1543 590 1608 inter
622 1547 790 1628 utrumque
822 1543 1009 1608 inimicitias
1037 1543 1202 1608 exarsisse.
1247 1541 1332 1607 Nam
1361 1563 1403 1606 ne

263 1653 310 1717 sic
338 1653 464 1737 quidem
493 1654 564 1736 plus
596 1653 777 1737 proficitur,
806 1675 901 1737 quam
930 1653 970 1716 ad
997 1657 1143 1737 tempora
1170 1653 1255 1717 inter
1284 1653 1401 1735 olymp.

266 1763 377 1846 111,4
399 1763 455 1846 (cf.
479 1763 520 1827 fr.
542 1763 586 1849 X)
610 1767 642 1828 et
667 1765 736 1846 114,
760 1765 780 1828 3
802 1763 971 1827 interiecta
994 1762 1185 1846 pertinuisse
1207 1762 1295 1826 urbis
1318 1762 1403 1826 illius

263 1872 469 1936 mentionem.
516 1870 676 1958 [Ceterum
698 1873 736 1936 de
754 1873 831 1936 Lete
854 1873 970 1956 oppido
992 1873 1184 1936 testimoniis
1207 1895 1227 1935 a
1248 1871 1403 1936 Muellero

263 2004 295 2064 p.
318 1981 361 2045 44
390 1982 508 2046 coactis
538 1981 618 2046 adde
641 1981 780 2046 Plinium
807 1982 884 2046 Nat.
908 1982 983 2046 hist.
1006 1981 1069 2065 IV,
1094 1983 1135 2046 36
1163 1985 1196 2046 et
1217 1981 1404 2046 Sallustium

263 2089 422 2155 Prisciani
444 2091 506 2155 XV
527 2114 558 2175 p.
585 2091 666 2156 1008
689 2091 725 2155 P.
750 2092 792 2156 66
813 2091 870 2180 H.]

348 2200 454 2286 (xiv)
477 2200 692 2285 Harpocratio
714 2225 744 2265 v.
769 2201 1013 2282 Ἀμφίπολιε·
1036 2252 1042 2265 .
1068 2253 1074 2265 .
1098 2253 1104 2266 .
1128 2203 1314 2283 Μαρεύαε
1337 2205 1403 2285 (μα-

264 2315 363 2390 ροῦεα
379 2310 484 2396 codd.)
507 2313 541 2376 t’
564 2312 606 2377 ἐν
630 2313 920 2378 Μακεδονικαῑε
943 2311 1013 2396 (aut
1035 2311 1153 2375 excidit
1174 2312 1325 2391 λετορίαιε
1348 2315 1403 2374 aut

265 2397 461 2484 confidenter
492 2421 711 2504 reponendum
745 2422 989 2504 Μακεδονικοῖς)
1015 2423 1078 2514 Ιδιιλ
1111 2423 1148 2486 τὸ
1181 2425 1403 2501 περιοικεῑεθαι

263 2531 320 2596 τὸν
349 2531 452 2598 τόπον
481 2531 670 2611 Ἀμφίπολιν
699 2531 880 2610 ὠνομάεθαι
907 2533 1068 2612 πρότερον
1096 2533 1214 2611 Ἄκρον
1249 2533 1401 2611 καλουμέ-

263 2661 333 2720 νην.
378 2641 397 2719 ὴ
426 2642 461 2705 δὲ
490 2642 603 2722 Ἄρεοε
631 2643 812 2721 καλουμένη
840 2643 933 2707 πόλιε
963 2667 977 2705 ι
1007 2668 1036 2704 ι.
1082 2639 1134 2705 Sic
1164 2641 1250 2704 enim
1277 2640 1356 2703 haec
1386 2662 1403 2704 e

263 2749 408 2834 vestigiis
432 2750 549 2814 codicis
572 2750 850 2836 Cantabrigiens'as
873 2749 1046 2815 academici
1068 2749 1287 2835 scribenda.*)

264 3039 317 3089 νοι,
335 3023 388 3075 τὸν
406 3024 436 3075 δέ
453 3023 608 3076 ὑπακούειν
626 3022 851 3090 ἀποφηνάμενον
871 3021 1005 3089 Κυρελλον
1023 3023 1295 3078 καταλιθώεαντεε».
1324 3021 1403 3074 Vnde

264 3131 359 3168 verum
376 3113 495 3168 hominis
513 3131 615 3168 nomeu
635 3115 768 3183 Κυρθίλοε
790 3113 948 3168 Dindorfius
966 3113 1090 3168 restituit
1107 3132 1134 3182 p.
1156 3119 1212 3169 1⁸8.
1244 3145 1277 3153 -
1305 3113 1402 3168 Paullo

264 3207 358 3261 tamen
377 3207 459 3261 aliter
476 3207 511 3261 de
528 3207 633 3261 talibus
656 3207 736 3262 video
759 3207 969 3275 Bernhardyum
993 3207 1116 3261 statuere
1138 3207 1167 3260 in
1190 3205 1403 3272 ‘Quaestionum

264 3299 298 3354 de
324 3299 552 3370 Harpocrationis
579 3301 673 3354 aetate
700 3300 836 3355 auctario'
869 3299 938 3367 (lud.
969 3299 1052 3354 schol.
1084 3303 1152 3354 aest.
1180 3299 1242 3354 Hal.
1272 3317 1296 3354 a.
1326 3303 1402 3368 1856)

263 3409 290 3462 a·
310 3393 418 3462 lxm-1

331 3487 355 3554 *)
374 3485 487 3539 Editum
505 3488 647 3554 πρότερον
665 3487 772 3554 Ἀκραν
789 3487 973 3554 καλουμένην.
1008 3487 1035 3540 ol
1052 3487 1082 3539 δὲ
1100 3486 1199 3553 'Apsos
1218 3487 1311 3540 πόλιε;
1331 3501 1402 3552 quae

263 3595 314 3648 per
332 3595 362 3632 sc
380 3579 561 3649 suspitionem
579 3589 700 3633 movent.
736 3577 813 3631 Libri
830 3580 924 3632 autem
943 3578 1005 3646 (nisi
1023 3577 1097 3645 quod
1116 3595 1178 3631 cum
1191 3577 1403 3646 Magdalenensi

263 3672 366 3726 faciens
385 3671 556 3726 Burneianus
569 3671 657 3725 Musei
669 3670 829 3738 Britannici,
848 3670 913 3726 olim
926 3670 1082 3739 Perusinus,
1099 3671 1169 3725 haec
1186 3670 1280 3725 omnia
1299 3670 1402 3741 omisit)

262 3763 333 3820 hacc
350 3765 461 3819 teuent:
480 3767 622 3832 πρότερον
641 3767 713 3832 ἄκρα
731 3765 897 3831 καλουμένη.
920 3765 946 3819 ολ
964 3765 994 3818 δέ
1012 3765 1111 3831 Ἀρεοε
1130 3765 1219 3819 πόλις.
1253 3763 1330 3817 Vnus
1349 3763 1402 3818 Ga·

263 3856 359 3912 leanus
378 3858 561 3926 καλουμένην.
599 3856 654 3912 Sed
671 3857 789 3911 multum
807 3857 948 3926 discrepat
966 3857 1037 3911 alter
1056 3855 1307 3926 Cantabrigiensis:
1335 3859 1402 3924 apd·
1460 3873 1467 3884 ·

263 3967 348 4019 τερον
365 3953 438 4018 ᾰκρα
456 3952 621 4018 καλουμένη.
657 3951 675 4017 ή
694 3951 724 4004 δέ
742 3951 841 4018 Ἀρεοε
859 3952 1015 4017 καλουμένη
1035 3953 1116 4004 πόλι(
1135 3968 1197 4004 cum
1213 3950 1329 4005 lacunae
1348 3950 1402 4018 sig-

263 4043 427 4098 nificatione.
459 4043 586 4113 Apparet
602 4042 803 4097 nominativum
821 4059 855 4097 ex
873 4042 1074 4112 posterioribus
1092 4043 1120 4096 in
1138 4044 1232 4112 pn'ora
1248 4043 1403 4112 irrepsisse,

264 4136 290 4188 οἱ
317 4137 410 4190 autem
433 4137 608 4190 correcturae
631 4136 734 4191 deberi.
773 4135 840 4204 [Nec
862 4153 931 4205 opus
955 4139 999 4190 cst
1020 4135 1223 4191 Hamsterhusii
1242 4137 1327 4206 (apud
1349 4137 1402 4191 Do-

264 4225 380 4281 brucum
392 4229 505 4283 Advers.
520 4229 533 4281 l
550 4247 576 4298 p.
592 4231 634 4297 71)
654 4229 824 4284 correctione
843 4229 1031 4298 περιῳκλεθαι,
1049 4246 1100 4283 nec
1116 4247 1209 4299 perse
1226 4230 1337 4298 placere
1354 4229 1403 4284 illa

262 4321 365 4389 potest.
390 4327 577 4390 περιρρεῑεθαι
599 4321 730 4391 placebat
751 4321 885 4377 Muellero
907 4340 933 4391 p.
954 4329 999 4377 45:
1029 4323 1057 4375 id
1080 4323 1154 4390 quod
1177 4322 1314 4391 Stephani
1336 4323 1400 4392 Byz.

262 4431 289 4484 p.
310 4419 351 4480 90,
371 4419 402 4467 14
425 4415 517 4470 verbis
541 4415 651 4471 firmare
674 4414 806 4470 Stiehlius
829 4433 855 4485 p.
876 4421 926 4471 465
945 4415 1057 4470 studuit.
1098 4415 1153 4470 Vbi
1178 4417 1269 4472 ΑΚΡΑ
1291 4416 1402 4472 litteras
