3254 5092
261 384 320 447 198
608 395 765 442 1111111
792 392 1050 446 111111111111

259 576 292 616 11
314 551 456 614 hausisse
480 549 614 612 dixerat.
660 547 728 622 Quo
750 547 872 610 factum
895 549 943 610 est
965 551 1016 628 ut,
1041 567 1111 609 cum
1135 544 1307 608 Mediolani
1332 567 1397 606 ver-

259 683 364 743 sarer,
382 659 494 742 cupide
509 659 599 722 illum
615 658 730 720 librum
746 660 903 740 peterem:
927 678 987 720 nec
1002 655 1118 719 fefellit
1133 653 1253 738 opinio.
1284 653 1397 718 Inveni

260 771 344 834 enim
372 767 597 851 Aristophanis
624 766 751 831 fabulas
773 773 838 830 tres
861 767 1006 848 Plutum,
1037 765 1164 846 llanas,
1194 762 1303 827 Nubes
1330 763 1398 846 plu-

260 879 348 943 rimis
364 877 491 942 scholiis
507 877 683 941 illustratas
700 879 731 938 et
747 876 810 939 illis
825 877 967 959 praefixa
983 877 1052 959 ipsa
1073 896 1153 958 quae
1169 873 1397 957 quaesiveram,

260 1009 443 1074 quanquam
459 986 559 1052 inulto
579 1009 674 1070 quam
689 989 931 1070 expectaueram
949 985 1135 1069 copiosiora,
1159 983 1397 1068 prolegomena.

260 1098 320 1162 Est
348 1102 454 1161 autem
484 1095 582 1159 codex
606 1095 640 1160 O.
664 1095 727 1158 222
756 1118 825 1178 sup.
849 1098 870 1158 4
896 1095 970 1158 mai.
994 1094 1177 1177 bombycin.
1201 1115 1284 1156 saec.
1308 1092 1398 1156 XIII.

261 1217 317 1271 ‘ex
333 1205 423 1270 libris
440 1205 570 1288 Georgii
587 1204 747 1268 Merulae’
763 1208 798 1267 ut
814 1205 962 1288 ascripsit
977 1204 1096 1286 Maius,
1112 1203 1244 1286 litteris,
1264 1203 1400 1266 maxime

261 1317 295 1380 in
318 1314 447 1380 scholiis
470 1317 502 1377 et
523 1314 793 1397 disputationibus
816 1314 1051 1398 grammaticis,
1080 1313 1319 1395 minutissimis,
1348 1313 1401 1377 hic

261 1425 328 1489 illic
350 1424 448 1488 etiam
475 1423 643 1487 admodum
666 1423 791 1487 detritis
819 1428 851 1487 et
872 1423 980 1487 multis
1002 1424 1178 1507 scripturae
1205 1422 1400 1506 compendiis

261 1535 408 1618 scriptus.
455 1531 606 1597 Continet
635 1527 742 1596 autem
768 1555 901 1618 graecos
931 1537 1041 1616 poetas
1070 1532 1198 1596 scholiis
1225 1533 1398 1596 instructos

263 1643 455 1727 complures,
483 1642 603 1706 relictis
626 1643 711 1706 inter
733 1643 825 1706 binos
847 1647 958 1726 poetas
980 1642 1031 1706 vel
1053 1643 1145 1706 binas
1167 1646 1333 1725 poetarum
1354 1642 1401 1705 fa-

262 1753 353 1816 bulas
376 1752 497 1835 aliquot
520 1752 661 1834 schedis,
685 1774 766 1835 quae
788 1751 907 1835 partim
929 1751 1055 1834 eadem,
1079 1751 1196 1835 partim
1214 1751 1277 1816 alia
1300 1752 1401 1816 1111-

262 1863 370 1944 detur,
401 1861 454 1924 sed
482 1861 535 1924 vix
562 1861 740 1925 recentiore
766 1883 864 1925 mann
893 1862 1128 1925 commentariis
1156 1861 1343 1944 quibusdam
1370 1865 1402 1924 11

263 1970 410 2034 brevibus
439 1971 608 2034 sententiis
635 1971 839 2055 grammatici
869 1971 1006 2035 maxime
1039 1972 1221 2055 argumenti
1254 1970 1401 2054 oppletae

263 2084 348 2143 11111.
379 2079 471 2142 Dabo
486 2079 586 2163 igitur
599 2079 752 2164 primum,
770 2081 868 2164 ipsius
890 2081 963 2144 libri
979 2081 1122 2145 ordinem
1138 2084 1273 2164 secutus,
1290 2080 1402 2144 horum

197 2193 430 2272 imposterum
452 2187 590 2252 indicem
613 2193 646 2252 et
673 2190 802 2253 brevem
829 2189 1081 2273 disputationum
1108 2190 1401 2274 grammaticarum,

265 2321 346 2382 quae
361 2298 570 2382 interpositae
593 2302 685 2381 sunt,
710 2299 874 2363 notitiam:
897 2323 1078 2384 quanquam
1099 2300 1157 2364 has
1180 2300 1307 2384 quidem
1322 2299 1402 2363 nihil

263 2409 331 2472 fere
346 2407 409 2471 nisi
424 2407 537 2471 inanes
548 2405 799 2491 Byzantinorum
814 2411 1097 2494 grammaticorum
1111 2431 1215 2494 nugas
1227 2409 1400 2492 continere,

264 2538 358 2601 saepe
382 2517 479 2580 etiam
501 2517 677 2600 scripturae
692 2518 893 2603 negligentia
915 2519 997 2582 lusui
1021 2519 1145 2583 cuidam
1167 2519 1290 2583 librarii
1308 2541 1403 2603 quam

263 2627 376 2691 doctae
399 2627 661 2692 commentationi
685 2627 852 2692 similiores
875 2651 943 2692 esse
965 2651 1088 2693 moneo.

347 2735 415 2799 rol,
444 2736 558 2799 3-13.
590 2741 732 2820 Aeschyli
758 2741 875 2818 Septem
903 2745 945 2802 cd
974 2743 1101 2803 Thebas.
1153 2739 1295 2804 Schedae
1328 2740 1342 2801 l
1372 2742 1404 2802 et

263 2846 283 2907 2
307 2844 409 2926 enim,
433 2844 468 2906 in
490 2844 603 2927 quibus
626 2845 754 2909 initium
775 2847 903 2910 fabulae
919 2847 1116 2931 Aeschyleae
1134 2871 1220 2912 nunc
1236 2848 1403 2912 obtrmrca-

263 2957 316 3018 tae
339 2954 492 3037 scriptum
515 2957 600 3036 erat,
628 2957 664 3016 ut
685 2977 806 3038 paucae
834 2957 989 3040 quaedam
1012 2958 1094 3022 aliae
1117 2957 1233 3022 codicis
1262 2957 1401 3039 chartae,

264 3063 404 3146 antiquis
432 3063 565 3146 perditis
593 3066 719 3129 saeculo
742 3064 813 3129 XV.
838 3066 981 3130 adiectae
1009 3069 1093 3131 sunt.
1141 3065 1401 3131 140t15saee.

264 3171 335 3236 XV.
353 3172 469 3236 litteris
492 3177 613 3237 carent.
654 3175 777 3239 16-18
794 3175 902 3238 variae
925 3175 1104 3240 sententiae
1120 3179 1152 3240 et
1172 3175 1403 3259 disputationes

264 3281 510 3366 grammaticae,
538 3283 573 3346 in
602 3283 715 3367 quibus
743 3294 819 3348 sunt
846 3284 942 3350 haec:
970 3287 989 3363 ἡ
1015 3289 1195 3365 βιβλιοθήκη
1224 3291 1282 3351 τοῦ
1312 3289 1403 3368 φιλα-

264 3393 388 3474 δέλφου
417 3394 611 3471 πτολεμαίου
638 3395 679 3472 ἣν
703 3395 860 3473 astenses
883 3396 919 3460 ἐν
942 3395 1149 3478 ἀλεξανδρείᾳ
1172 3395 1258 3474 εἶχεν
1286 3397 1404 3476 βίβλων

264 3503 415 3582 μυριάδα(
443 3508 491 3566 νδ.
514 3541 555 3550 -—
584 3505 624 3568 τὰ
651 3505 735 3582 πάθη
764 3508 831 3569 τῶν
854 3505 969 3584 crixum
990 3543 1033 3553 —-
1054 3507 1126 3584 περὶ
1148 3504 1404 3584 ἀνακρεοντείων

267 3611 382 3690 (τίχων
411 3649 453 3658 -
486 3615 557 3692 περὶ
589 3617 697 3691 κοινῆ(
729 3616 893 3694 ευλλαβῆε.
944 3613 1079 3679 19-39
1112 3619 1252 3692 Aeschyli
1282 3619 1402 3677 Persae.

263 3719 610 3804 40-4211111111.11111.
636 3723 782 3803 ἐρρενίου
805 3724 969 3805 φίλωνοε,
990 3729 1106 3800 vumere
1128 3728 1194 3791 τῶν
1217 3724 1404 3802 ἡλικιῶν-

265 3931 331 3984 ante
354 3928 492 3984 editorum
513 3930 618 3999 scripta
639 3933 725 3997 esset,
747 3932 883 4001 incipiens
906 3952 940 3988 ea
963 3935 999 3988 ab
1024 3934 1066 3988 bis
1091 3933 1181 3988 verbis
1205 3937 1288 3989 Ἰδιον
1306 3952 1405 4002 κωμῳ-

265 4023 325 4077 blot
349 4025 399 4087 μὲν
422 4025 456 4075 τὸ
475 4026 642 4088 μεμιγμένον
662 4065 685 4078 .,
700 4065 705 4076 .
722 4067 748 4092 .,
773 4025 809 4079 ad
833 4027 1029 4094 argumentum
1051 4029 1145 4081 autem
1168 4027 1264 4081 scholii
1284 4025 1406 4080 Plautini

264 4131 320 4168 non
343 4114 497 4183 pertinens,
525 4115 626 4170 abhinc
648 4115 756 4183 aliquot
782 4135 870 4172 annos
893 4119 1049 4174 Fridericus
1076 4119 1239 4174 Duebnerus
1265 4119 1405 4188 peramica

265 4205 333 4259 mibi
350 4209 471 4260 testatus
489 4209 540 4260 cst.
577 4208 598 4260 Ε
617 4225 671 4275 quo
690 4207 784 4263 codice
802 4209 855 4264 etsi
873 4214 1005 4279 excerpta
1023 4211 1162 4278 quaedam
1173 4212 1299 4266 Bonnam
1317 4213 1405 4264 trans·

266 4297 380 4352 miserat
402 4299 675 4365 benevolentissime,
699 4303 793 4355 1111111
810 4303 909 4357 eadem
932 4303 1081 4358 dolendum
1098 4305 1142 4358 est
1163 4321 1214 4372 1111
1231 4303 1405 4372 migrationis

266 4389 416 4457 Lipsiensis
434 4391 635 4448 vicissitudines
654 4395 703 4448 aut
720 4393 835 4461 periisse
853 4397 902 4448 aut
918 4412 991 4450 nunc
1008 4395 1171 4449 delitescere
1190 4395 1308 4463 saltem]
