3272 5088
662 387 803 436 sanarer
826 389 973 436 arrasa.
1323 373 1384 436 421

245 543 338 604 tanta
361 544 419 621 est,
444 543 564 624 quanta
586 561 654 604 esse
676 540 778 625 primo
800 540 952 624 adspectu
974 541 1109 605 videtur.
1145 542 1252 625 Atque
1267 542 1385 605 relicua
1405 559 1437 605 10

245 649 372 734 quidem
403 672 489 715 nunc
527 650 824 734 praetermittimus:
862 671 899 716 ea
933 653 1060 717 tantum
1093 671 1384 735 commemoramus

245 781 325 845 quae
348 782 420 825 omn
441 761 503 824 hae
525 760 709 844 quaestione
732 763 807 824 sunt
830 759 1010 824 coniuncta.
1048 759 1160 844 Itaque
1175 761 1293 844 Atropi
1316 762 1385 825 loco

246 869 306 934 etsi
332 870 438 954 posita
466 874 541 934 sunt
563 869 686 935 Orestis
716 869 771 952 (ne
793 891 813 932 a
834 869 974 933 Diodoro
997 869 1123 954 quidem
1145 870 1273 935 silentio
1295 892 1385 954 prae-

244 979 383 1044 termissi
406 979 495 1063 XIV,
519 981 574 1065 37)
599 983 631 1042 et
653 979 784 1043 alterius
807 979 971 1043 cuiusdam
993 979 1145 1044 Archelai
1167 981 1298 1043 nomina
1305 1030 1313 1063 ,
1337 983 1384 1043 ta·

244 1111 318 1154 men
346 1111 502 1155 annorum
525 1111 662 1172 summa,
687 1111 767 1174 quae
796 1089 949 1154 ambobus
976 1089 1145 1172 tribuitur,
1174 1111 1237 1154 uno
1257 1093 1384 1154 tantum

245 1220 330 1263 anno
353 1199 478 1264 excedit
498 1199 620 1283 Adropi
642 1191 835 1282 imperium.¹
867 1199 945 1282 Sed,
969 1201 1052 1284 quod
1074 1199 1137 1263 huc
1159 1203 1208 1264 est
1229 1199 1384 1282 imprimis

245 1308 526 1392 accommodatum,
551 1312 584 1372 et
599 1311 760 1393 Amyntae
780 1310 949 1393 imperium
970 1331 1036 1373 non
1059 1313 1108 1374 est
1127 1309 1385 1392 praetermissum

245 1421 318 1502 post
339 1419 519 1484 Pausaniae
541 1441 674 1484 nornen:
708 1422 798 1504 (nam
820 1419 901 1504 quod
925 1419 1034 1484 XXIV
1057 1420 1217 1502 Amyntae
1245 1419 1324 1483 anni
1350 1420 1385 1483 in

244 1529 321 1593 duas
344 1532 420 1594 sunt
441 1533 549 1612 partes
572 1528 734 1593 distributi
756 1529 945 1612 interposito
968 1528 1067 1612 Argei
1089 1549 1191 1613 regno
1198 1578 1206 1611 ,
1230 1527 1262 1592 id
1285 1528 1384 1611 ipsius

245 1637 376 1702 Diodori
397 1639 550 1702 memoria
573 1639 688 1702 nititur
709 1639 765 1702 lib.
789 1637 867 1700 XIV
890 1660 917 1702 o.
935 1637 991 1701 92;
1015 1660 1034 1701 a
1056 1659 1118 1721 quo
1141 1638 1176 1701 in
1198 1659 1235 1702 eo
1257 1641 1384 1730 tantum

244 1748 416 1831 receditur,
446 1747 528 1832 quod
555 1748 656 1832 Argei
683 1748 847 1811 biennium
875 1769 941 1812 non
970 1747 1152 1811 continetur
1184 1748 1248 1810 illis
1275 1745 1384 1811 XXIV

245 1859 405 1942 Amyntae
428 1857 540 1940 annis,
566 1857 620 1922 sed
644 1857 762 1921 eisdem
784 1859 951 1940 praeterea
974 1855 1101 1920 additur
1110 1859 1132 1942 ε)
1156 1861 1284 1921 atvero
1307 1857 1383 1921 Ale·

244 1967 358 2032 xandri
382 1989 523 2031 aunuum
546 1967 715 2051 imperium
739 1969 1019 2050 commemoratum
1041 1970 1099 2030 est.
1136 1967 1249 2050 Itaque
1271 1988 1309 2030 ex
1332 1988 1382 2032 eo-

244 2077 315 2140 dem
342 2075 447 2142 indice
468 2077 598 2141 Eusebii
627 2076 842 2141 emendandus
871 2079 920 2141 est
946 2076 1192 2160 quinquennalis
1222 2098 1382 2160 numerus,
1425 2155 1427 2161 γ

244 2187 296 2270 qui
316 2185 489 2251 Perdiccae
510 2185 559 2250 III
581 2187 732 2251 tribuitur
754 2187 788 2250 in
809 2186 993 2270 fragmento
1015 2185 1162 2251 Diodori:
1185 2186 1275 2250 illmn
1297 2187 1383 2252 enim

243 2317 297 2360 sex
320 2297 424 2380 potius
454 2318 555 2360 annos
577 2296 743 2380 regnando
771 2295 912 2380 explesse
935 2295 973 2358 de
996 2295 1127 2359 Diodori
1155 2295 1316 2360 sententia
1344 2317 1382 2360 ex

244 2427 281 2470 co
310 2406 487 2491 colligitur,
526 2406 609 2490 quod
635 2407 723 2470 trina
751 2405 942 2487 Alexandri,
980 2404 1156 2469 Ptolemaei
1178 2405 1323 2468 Aloritae
1351 2407 1383 2469 et

243 2515 413 2580 Perdiccae
442 2516 576 2599 imperia
604 2517 645 2580 ab
674 2517 714 2579 ol.
740 2515 813 2598 ΟΠ,
836 2515 856 2579 3
889 2514 930 2578 ad
953 2536 1073 2578 anuum
1095 2514 1136 2577 ol.
1161 2512 1217 2578 CV
1244 2515 1383 2597 primum

243 2625 433 2708 pertinuisse
460 2625 596 2710 legimus
625 2625 707 2709 apud
731 2625 904 2692 Diodorum
932 2622 1010 2708 XV,
1034 2625 1076 2689 60
1097 2628 1130 2687 et
1151 2622 1244 2707 XVI,
1268 2625 1303 2706 23
1342 2625 1381 2686 ad

243 2735 325 2818 quod
354 2735 544 2798 decennium
574 2735 764 2816 explendum
787 2737 915 2818 praeter
943 2756 1082 2798 annuum
1107 2733 1284 2798 Alexandri
1311 2755 1381 2816 spa-

242 2843 322 2908 timn
356 2847 388 2907 et
416 2834 588 2908 triennium
615 2843 791 2907 Ptolemaei
827 2865 905 2927 opus
938 2848 987 2907 est
1019 2844 1171 2907 sexennio
1198 2843 1379 2926 Perdiccae,

243 2976 305 3016 nou
335 2954 569 3037 ‹prinquennioz
597 2957 693 3037 atque
720 2953 804 3016 idem
832 2953 927 3036 plane
951 2953 1161 3036 perscriptum
1190 2956 1239 3016 est
1261 2974 1279 3015 a
1302 2951 1381 3035 Syn·

244 3062 323 3126 cello
350 3086 381 3146 p.
405 3063 468 3128 260
491 3069 514 3128 C
540 3066 573 3126 et
594 3063 657 3126 263
682 3067 710 3126 Β
737 3065 832 3144 atque
861 3063 894 3124 iu
923 3062 1053 3126 Eusebii
1082 3063 1212 3128 Oenone
1242 3084 1274 3145 p.
1306 3063 1379 3126 221.

242 3171 449 3256 Eandemque
482 3173 516 3236 in
543 3173 670 3236 modum
697 3171 814 3255 viginti
842 3171 903 3234 duo
931 3172 1025 3252 anui,
1070 3172 1124 3255 qui
1150 3169 1321 3236 Perdiccae
1348 3171 1382 3234 Π

244 3283 329 3366 (eius
352 3283 406 3366 qui
429 3282 602 3346 antecessit
624 3280 837 3365 Archelaum)
865 3280 998 3363 imperio
1026 3280 1209 3344 tribuuntur
1237 3281 1272 3344 in
1293 3281 1380 3365 frag-

243 3395 351 3456 mento
369 3391 511 3474 Diodori,
536 3391 677 3476 augendi
698 3411 762 3454 uno
784 3411 870 3453 anno
892 3394 968 3453 sunt
990 3410 1028 3453 ex
1051 3389 1156 3452 indice
1177 3389 1233 3452 illo
1248 3389 1379 3453 Eusebii

244 3505 275 3566 et
291 3501 439 3586 Syncello
461 3524 492 3584 p.
510 3501 570 3564 247
589 3506 617 3564 Β
639 3505 671 3563 et
694 3500 756 3563 262
772 3505 813 3583 I),
837 3500 1024 3583 quibuscum
1047 3499 1181 3562 vidimus
1205 3518 1379 3582 congruere

244 3611 405 3694 Marsyam
427 3613 522 3692 atque
544 3609 779 3692 Philochorum,
803 3610 953 3694 egregiae
975 3608 1145 3692 scriptores
1168 3607 1379 3692 auctoritatis

243 3741 320 3804 quos
342 3720 410 3802 ipse
433 3723 558 3782 secutus
581 3720 766 3784 Athenaeus
789 3721 838 3782 est
858 3718 913 3782 lib.
935 3717 965 3780 V
988 3741 1019 3801 p.
1043 3718 1104 3782 217
1130 3722 1164 3780 E.
1209 3716 1380 3781 Praeterea

244 3851 313 3893 curn
341 3829 380 3894 de
403 3849 559 3892 annorum
581 3851 703 3894 summa
725 3829 896 3893 Perdiccae
916 3829 932 3892 I
954 3827 1108 3912 (eiusdem
1129 3847 1222 3910 quem
1243 3826 1379 3908 primum

243 3939 453 4004 Macedonum
480 3959 589 4022 regem
611 3937 812 4020 Thucydides
839 3938 953 4002 statuit
976 3958 1047 4001 cmn
1068 3935 1244 4018 Herodoto)
1278 3934 1379 4018 dupli-

244 4049 322 4113 citer
348 4048 503 4111 traditum
530 4047 707 4130 reppererit
733 4047 889 4111 Eusebius
918 4046 952 4110 in
980 4068 1036 4110 suo
1064 4044 1196 4108 Diodori
1223 4045 1377 4127 exemplo,

241 4162 277 4221 ut
300 4159 347 4221 ait
373 4180 405 4240 p.
428 4157 507 4240 323,
531 4157 566 4220 8:
600 4155 855 4241 quandoquidem
883 4158 1037 4220 alterutra
1064 4155 1222 4238 scriptura
1248 4175 1377 4217 necesse
1398 4167 1426 4214 11

242 4270 291 4330 est
319 4271 467 4350 corrupta
488 4267 586 4330 fuerit
613 4267 647 4330 in
671 4265 777 4330 codice
799 4287 875 4348 ms,
904 4287 1028 4329 mecum
1057 4267 1135 4347 puta
1157 4263 1247 4326 XLII
1276 4283 1381 4326 annos·

241 4375 412 4439 Perdiccae
434 4376 532 4439 tribui
555 4398 574 4438 a
596 4375 735 4439 Diodoro
742 4425 750 4456 ,
775 4396 840 4438 non
863 4374 1009 4439 XLVIII.
