3254 5086
267 359 330 425 524
638 373 686 420 ου
709 373 837 422 οουιου
860 373 1034 421 νκυιυιπο

269 527 400 612 οὐδεμιᾷ
421 528 611 591 invexerunt
632 531 695 590 ΒΡ.
718 565 761 574 -
787 525 847 610 ΠΙ,
871 527 928 590 21:
951 527 1012 591 οὐκ
1034 527 1085 592 ἐπὶ
1107 529 1174 592 τοῖς
1197 525 1347 604 ἀγαθοῖς,
1376 525 1404 590 ὦ

268 639 363 718 μιαρὰ
391 638 447 716 ςύ,
479 641 548 702 τοῖς
577 641 698 703 κοινοῖς
726 641 782 715 τῆς
817 636 970 717 πατρίδος
997 637 1115 718 χαίρεις
1144 637 1217 702 οὔτ’
1251 637 1304 701 ἐπί
1334 639 1404 702 ταῖς

136 829 140 842 ι
269 752 445 829 ςυμφοραῑς
465 751 534 812 ταῖς
558 747 689 831 [ἰδίαις
710 747 789 831 τῆς]
814 745 912 811 οἰκίας
935 746 1049 824 ἀλγεῖς.
1087 745 1140 811 Sic
1162 746 1248 810 solus
1269 750 1313 809 B:
1335 750 1403 812 ταῖς

268 857 385 923 οἰκία(
408 861 450 920 A:
487 856 571 920 unde
597 860 665 922 τοῖς
693 855 846 922 οἰκείαις
876 861 961 920 ODP.
1006 855 1154 941 Vestigiu
1174 855 1243 918 veri
1264 856 1404 920 servavit

268 989 364 1050 supra
396 987 521 1030 versum
553 966 693 1050 positum
725 969 780 1045 τῆς
810 965 924 1031 οίκίας
954 966 989 1029 iu
1016 971 1052 1029 A.
1103 963 1273 1029 Praeterea
1306 965 1403 1028 etiam

267 1079 362 1158 μιαρὰ
384 1079 425 1142 ςῦ
447 1076 531 1140 solus
555 1081 594 1156 Β,
621 1076 716 1155 μιαρὰ
744 1076 789 1140 οὐ
811 1080 901 1153 ACI),
930 1077 1025 1156 μιαρὰ
1047 1081 1079 1140 Ρ.
1101 1113 1142 1124 -
1170 1074 1230 1158 111,
1253 1074 1309 1138 41:
1346 1075 1403 1139 τάς

267 1208 301 1253 τε
325 1188 443 1268 βλάβας
464 1187 621 1250 διαλῦςειν
643 1185 878 1264 ῦποςχομένων
908 1185 952 1249 ὡς
974 1186 1014 1251 ἂν
1038 1185 1056 1249 ό
1080 1186 1222 1266 βαςιλεῦς
1243 1186 1404 1269 δικαιώςῃ,

268 1299 317 1361 καί
345 1297 422 1361 τοῦς
450 1296 587 1375 ἐνόχους
616 1295 713 1377 [ταῖς
735 1293 888 1379 αἰτίαις]
919 1295 970 1359 ἐπὶ
997 1295 1085 1374 δίκην
1107 1296 1256 1375 παρέξειν
1286 1295 1403 1372 ὁμολο-

266 1407 424 1484 γούντων.
469 1403 522 1469 Sic
545 1409 587 1467 B:
626 1424 760 1467 vacuum
787 1404 926 1486 spatium
956 1403 1041 1468 inter
1068 1403 1204 1484 ἐνόχους
1225 1407 1258 1467 et
1286 1404 1338 1469 ἐπί
1360 1408 1401 1466 A:

267 1517 403 1596 ἐνόχους
432 1514 572 1579 αὐτοῖς
599 1513 688 1592 δίκην
719 1512 828 1595 inepte
856 1518 942 1577 CDP.
972 1497 1019 1563 '—
1060 1512 1119 1594 111,
1142 1514 1200 1576 44:
1234 1514 1326 1578 ὃκαὶ
1346 1513 1404 1578 τὰς

267 1623 520 1705 είςκομιζομένας
550 1624 601 1688 διὰ
630 1622 786 1702 θαλάττης
819 1624 869 1687 καὶ
902 1625 1119 1702 καταγομένας
1147 1621 1273 1689 ἄνωθεν
1303 1621 1402 1705 [θιγο-

267 1735 346 1818 ρὰς]
382 1731 569 1799 ὑποδέξεταί
600 1753 634 1798 τε
662 1734 712 1797 καὶ
741 1733 906 1812 ἀμείψεται
932 1735 1001 1798 τοῖς
1028 1733 1305 1813 ἐμπορευομένοις.
1350 1729 1403 1795 Sic

218 1858 249 1908 10
269 1849 311 1906 B:
349 1843 476 1910 ἄνωθεν
499 1842 686 1909 ὑποδέξεται
708 1846 747 1904 Α;
785 1841 912 1908 ἄνωθεν
938 1846 1033 1908 ναῦς
1056 1833 1242 1908 ῦποόέξεται
1263 1840 1403 1923 ineptius

267 1953 364 2016 etiam
393 1957 478 2016 ODP.
506 1978 559 2000 -·
574 1950 640 2033 ΠΙ,
669 1950 726 2016 45:
764 1953 814 2015 καὶ
839 1955 899 2031 τὴν
921 1952 1048 2030 ξυλίνην
1071 1953 1234 2032 γέφυραν,
1261 1951 1301 2028 ἢν
1324 1949 1404 2016 ἄνευ

266 2065 388 2142 χαλκοῦ
412 2063 462 2126 καί
485 2062 612 2139 ςιδήρου
637 2060 849 2144 [δεδέςθαι]
879 2061 963 2140 θέμις
991 2060 1050 2124 ὑπ’
1072 2061 1179 2126 αῦτιῦν
1202 2066 1402 2140 διακρατου-

266 2172 386 2252 μένην
415 2175 482 2236 τιῦν
510 2171 684 2251 ξυλίνων,
723 2169 846 2235 ἐκεῖνος
873 2171 1026 2237 ἐπιθεῖναι
1053 2177 1099 2255 τῷ
1123 2171 1249 2250 Τεβέρει
1271 2171 1403 2245 λέγεται.

266 2282 370 2345 Abest
391 2283 532 2346 δεδέςθαι
554 2279 596 2343 αδ
616 2278 764 2343 omuibus
786 2282 914 2362 praeter
936 2282 979 2344 B:
1017 2279 1085 2343 sole
1107 2281 1213 2343 eutem
1235 2284 1264 2342 P
1282 2277 1403 2362 reliqua

266 2391 312 2456 sie
339 2389 493 2474 pervertit
521 2393 781 2469 διακρατεῑςθαι
808 2393 875 2453 τῶν
903 2389 1038 2456 ξύλων.
1081 2387 1250 2453 Intercidit
1284 2387 1404 2472 aliquid

267 2501 364 2565 etiam
397 2503 470 2584 post
503 2500 653 2573 ξυλίνων,
683 2499 818 2579 ίκρίων
851 2500 938 2581 puto.
976 2535 1019 2547 -
1054 2497 1118 2581 IV,
1144 2499 1183 2561 12
1215 2497 1296 2561 haee
1323 2519 1342 2560 a
1369 2519 1404 2561 se

266 2613 404 2695 repertu,
428 2609 538 2694 qualia
560 2616 586 2672 A
608 2608 756 2692 praebet:
794 2607 928 2672 ἀπάταις
955 2610 991 2672 δὲ
1017 2611 1085 2673 ταῖς
1114 2609 1269 2688 φράτραις
1291 2609 1404 2689 κριθεὶς

265 2726 321 2800 τῆς
344 2720 499 2800 βαςιλείας
522 2718 618 2795 ἄξιος,
641 2719 762 2798 χαίρειν
785 2723 822 2801 τῇ
847 2720 946 2802 βουλῇ
969 2717 1104 2798 φρόςος,
1127 2719 1167 2796 ἣν
1190 2717 1249 2782 οὐκ
1271 2717 1404 2794 ήξίωςεν

266 2831 457 2910 ἐπικυρῶςαι
470 2831 510 2892 τὰ
525 2833 582 2892 τοῦ
598 2832 768 2908 δημοτικοῦ
791 2828 944 2907 πλήθους,
968 2827 1075 2907 ὥςπερ
1098 2827 1179 2911 αὐτῇ
1202 2829 1307 2893 ποιεῖν
1330 2826 1404 2891 ἔθος

266 2939 306 3018 ἦν
333 2975 366 2984 -
392 2937 508 3002 additis
530 2937 565 3000 in
586 2936 650 3001 fine
673 2939 834 3016 κατέςχε
856 2940 926 3016 τὴν
949 2937 1072 3017 ἀρχήν
1095 2936 1201 3020 (ΟΒΡ)
1223 2935 1404 3000 instaurare

193 3103 194 3108 ,
267 3047 328 3111 αἱδί
349 3047 435 3112 visus
457 3047 669 3130 interpolator
690 3049 845 3131 quantum
866 3068 885 3110 a
903 3046 1041 3130 pristina
1063 3045 1251 3131 integritate
1274 3044 1402 3126 afuerit,

267 3157 383 3222 eximio
410 3157 631 3240 supplemento
660 3156 803 3220 Bdocet
830 3155 876 3220 sie
903 3155 1014 3220 luxata
1046 3156 1190 3220 membru
1224 3154 1402 3239 coriigens:

266 3271 322 3346 τῆς
345 3267 499 3348 βαςιλείας
522 3267 609 3334 ἄξιος
631 3266 927 3348 παραλαμβάνει
948 3264 1039 3331 τότε
1060 3268 1130 3344 τὴν
1153 3264 1276 3346 ἀρχὴν
1299 3265 1404 3344 παρὰ

265 3381 334 3442 τοῦ
362 3381 578 3456 δημοτικοῦ
606 3377 798 3455 πλήθους,
831 3377 960 3440 πολλὰ
987 3375 1108 3455 χαίρειν
1136 3382 1173 3460 τῇ
1197 3377 1296 3460 βουλῇ
1320 3374 1404 3454 φρό-
1606 3453 1607 3464 ἶ

267 3507 332 3563 cuc,
364 3487 404 3565 ἣν
434 3488 492 3551 οὐκ
524 3487 655 3564 ἠξίωςεν
688 3485 880 3564 ἐπικυριῦςαι
912 3485 952 3549 τὰ
983 3489 1042 3550 τοῦ
1075 3486 1200 3564 δήμου
1227 3484 1403 3564 κρίματα,

268 3596 375 3676 ὥςπερ
398 3596 476 3680 αὐτῇ
499 3599 604 3661 ποιεῖν
627 3587 702 3660 ἔθὀς
723 3594 771 3673 ἠν.
786 3631 829 3644 --
850 3593 907 3677 IV,
925 3593 981 3658 82:
1003 3596 1077 3674 ἡμῖν
1100 3596 1133 3658 δ’
1148 3593 1204 3674 ἄρ’
1219 3593 1278 3658 οῦν
1301 3612 1404 3671 παρα·
1606 3627 1607 3684 η

267 3707 408 3784 ςτήςεται
428 3706 467 3769 τό
490 3705 569 3769 αὐτὸ
589 3707 688 3768 τοῦτο
711 3704 897 3785 ὑπολαβεῖν,
921 3701 969 3769 ὧν
993 3704 1169 3784 Ταρκύνιος
1191 3753 1267 3768 ....
1288 3721 1404 3782 τυραν·
1606 3687 1607 3720 ί

267 3819 335 3882 νῶν
358 3815 460 3879 πάςας
489 3815 573 3897 [τὰς
602 3813 715 3896 ἐντῷ
742 3818 809 3892 Ζῆν
837 3814 1003 3898 ἡδονὰς]
1039 3814 1213 3898 ἀφῄρηταω
1246 3809 1309 3874 Pro
1340 3809 1402 3892 his,

267 3945 348 4008 quae
370 3945 409 3987 ex
431 3927 460 3986 B
482 3922 648 4005 accedunt,
672 3923 788 3986 lacuna
810 3926 860 3986 est
878 3922 913 3986 in
928 3927 964 4005 A,
988 3923 1055 3989 τὰς
1078 3923 1238 3987 ἐλπίδας
1261 3920 1295 3983 ίυ
1312 3923 1403 3984 ODP:

267 4055 376 4098 verum
397 4035 504 4096 autem
526 4032 690 4116 seripturis
713 4053 843 4096 menum
856 4030 1049 4096 Vrbinatem
1070 4031 1193 4114 testari,
1217 4031 1287 4113 ipsa
1309 4029 1404 4093 itera·

266 4143 313 4206 tio
334 4142 501 4210 verborum
529 4142 626 4206 antea
647 4141 686 4205 de
709 4141 856 4205 Lucretia
885 4141 1059 4224 positorum
1087 4139 1323 4204 evidentissime
1352 4137 1404 4200 de·
1606 4147 1607 4230 λ

267 4255 435 4317 monstret.
450 4289 494 4300 -
515 4251 589 4316 Non
602 4271 776 4334 numquam
791 4251 889 4314 etiam
903 4250 1008 4313 minus
1023 4249 1151 4335 integro
1167 4248 1284 4330 codice,
1308 4267 1405 4331 quum

1606 4543 1607 4596 ί

269 4367 294 4426 A
316 4364 374 4444 est,
398 4365 533 4448 apparet
555 4361 818 4444 interpolatorem
840 4379 932 4423 usum
954 4379 1039 4443 esse,
1064 4362 1101 4423 ut
1122 4357 1163 4441 V,
1186 4358 1243 4423 34:
1280 4356 1319 4420 de
1341 4376 1404 4440 quo
