3254 5092
253 319 312 382 154
551 331 800 380 coaonnnmvn
824 331 1089 400 urscvrnrioms

250 509 281 570 p.
298 488 339 550 29
356 484 420 573 [ab]
437 508 505 568 sqq.
525 487 584 548 130
600 483 684 571 [107]
702 505 781 567 sqq,
805 482 959 546 ambitum
980 483 1177 568 singulorum
1193 484 1388 548 voluminum

250 600 316 659 tam
328 595 425 660 fuisse
438 595 597 679 exiguum,
614 615 655 657 ne
667 593 771 657 dicam
786 593 945 676 pusillum,
962 595 1008 675 ut,
1025 594 1084 657 hoc
1097 594 1124 657 si
1136 595 1214 658 satis
1228 596 1385 677 teneatur,

250 707 374 769 illorum
387 705 504 768 veritas
517 704 770 768 testimoniorum
780 703 1007 786 propemodum
1016 705 1214 787 comprobari
1226 705 1387 770 oculorum

249 816 365 879 indicio
377 815 531 879 videatur.
555 814 724 878 Possumus
740 813 801 878 hoo
816 833 873 896 per
888 813 1016 897 singula
1031 815 1189 898 persequi,
1205 814 1280 878 dmn
1296 819 1387 878 vasta

248 926 353 1008 spatia
368 926 547 988 litterarum
567 945 755 1008 graecarum
776 923 992 1006 particulatim
1014 924 1232 1006 permetieudo
1249 925 1386 989 calculos

248 1035 463 1100 subducimus:
485 1033 540 1098 sed
555 1033 701 1097 nolumus
717 1054 785 1097 esse
800 1032 903 1116 putidi
924 1033 1008 1098 inre
1024 1037 1145 1117 aperta.
1170 1035 1285 1124 ,Lubet
1301 1034 1385 1099 enim

247 1145 419 1226 sciscitari,
443 1143 518 1227 qnid
541 1143 671 1206 tandem
693 1164 751 1225 pro
773 1142 947 1226 repudiatis
970 1143 1037 1226 ipse
1060 1144 1271 1228 amplectatur
1287 1145 1385 1209 Bern-

248 1255 400 1338 liardyus.
449 1253 578 1318 Scilicet
601 1259 748 1332 differta
774 1263 803 1315 ct
824 1258 973 1332 simplicia
1003 1253 1165 1318 volumina
1192 1254 1248 1318 illa
1275 1255 1384 1337 fuisse,

248 1365 361 1448 quibus
383 1363 535 1446 singuli
557 1362 777 1446 scriptores
794 1361 1049 1446 continerentur,
1071 1371 1247 1442 commixta,
1272 1366 1385 1448 quibus

248 1475 449 1557 complura
482 1473 633 1556 scripta
666 1472 731 1536 sive
764 1472 857 1535 unius
886 1473 1049 1555 scriptoris
1079 1473 1145 1537 sive
1179 1475 1386 1557 complurium

246 1584 356 1648 iuncta
371 1583 580 1665 haberentur,
604 1604 681 1666 quos
704 1582 828 1665 quidem
846 1581 969 1645 codices
986 1583 1143 1646 miscellae
1165 1583 1269 1648 dicere
1292 1585 1385 1648 hodie

247 1694 476 1758 consuevimus.
502 1745 504 1750 .
526 1693 561 1756 Id
590 1715 661 1756 cnm
690 1713 818 1774 prorsus
845 1691 1032 1755 incredibile
1060 1692 1284 1758 indicassemus
1314 1717 1384 1759 euni

246 1807 376 1887 propter
397 1803 563 1866 raritatem
579 1809 624 1884 (p.
641 1803 682 1866 26
700 1800 779 1890 [23])
796 1802 942 1885 ipsasque
963 1801 1041 1866 adeo
1064 1803 1230 1887 angustias
1252 1804 1384 1868 istormn

245 1913 456 1994 voluminum,
496 1911 693 1975 multitudini
731 1911 920 1994 scriptorum
958 1913 1215 1995 complectendae
1252 1914 1383 1978 minime

246 2023 385 2106 perimn,
418 2025 487 2086 tum
521 2024 651 2105 propter
679 2042 879 2084 numerorum
909 2021 1158 2106 immanitatem,
1193 2023 1383 2106 simplicium

245 2132 459 2214 frequentiam
485 2129 661 2214 quadruplo
690 2130 922 2214 superantium:
952 2131 1013 2195 hoc
1040 2132 1183 2216 quidem,
1217 2133 1300 2216 quod
1316 2157 1383 2216 ,po-

245 2245 362 2304 stremo
384 2241 453 2305 loco
475 2240 652 2324 posuimus,
676 2240 910 2304 incommodius
932 2239 1158 2325 Bernhardyns
1185 2243 1295 2306 tollere
1317 2265 1382 2307 cor·

195 2372 227 2420 37
245 2355 333 2415 recta
361 2373 563 2414 umuerorum
591 2349 756 2414 notatione
783 2349 843 2414 sibi
866 2351 951 2414 visus
974 2352 1037 2431 est,
1066 2352 1154 2434 prins
1177 2356 1282 2415 antem
1304 2353 1383 2416 illud

200 2465 204 2473 '
245 2483 282 2546 eo
305 2460 427 2523 elevare
457 2483 487 2542 p.
511 2461 574 2524 830
596 2461 675 2540 ima,
705 2459 787 2543 qnod
809 2481 961 2544 magnam
990 2465 1113 2542 partem
1135 2461 1261 2525 illorum
1288 2461 1382 2526 libro-

245 2592 314 2634 rum
336 2591 402 2634 non
424 2570 459 2633 in
480 2570 550 2654 ipsa
566 2569 715 2654 Aegypto
734 2572 967 2652 comparatam,
990 2571 1045 2633 sed
1069 2570 1195 2634 aliunde
1217 2571 1382 2636 advectam

244 2680 377 2744 monuit.
422 2679 458 2742 ld
487 2701 548 2762 quo
575 2682 714 2762 spectet,
744 2679 871 2762 planius
899 2702 937 2742 ex
964 2678 1062 2742 allato
1092 2679 1208 2744 codicis
1231 2679 1381 2745 Photiani

244 2789 323 2872 (non
341 2789 517 2870 roa-156,
541 2789 595 2852 sed
613 2789 792 2874 151—157)
814 2789 957 2872 exemplo
973 2792 1117 2872 apparet,
1141 2790 1245 2873 utqui
1260 2793 1382 2874 septem

244 2899 525 2982 grammaticorum
547 2897 648 2962 lexica
672 2899 852 2982 complexus
875 2899 927 2962 sit.
972 2897 1129 2962 Nimirum
1159 2899 1197 2962 de
1221 2899 1381 2964 codicibus

243 3008 454 3071 membraneis
477 2999 646 3092 cogitavit,
671 3030 803 3093 qnomm
824 3008 924 3071 multo
946 3009 1046 3071 maior
1069 3031 1163 3092 quam
1185 3007 1380 3074 voluminum

243 3139 492 3200 papyraceorum
507 3119 679 3202 capacitas
707 3118 808 3192 Quam
823 3117 950 3201 quidem
961 3117 1238 3182 ratiocinationem
1254 3142 1379 3202 prorsus

244 3249 308 3290 non
336 3227 534 3311 expedimus,
568 3251 639 3292 cum
666 3228 700 3291 in
729 3249 766 3291 ea
795 3231 900 3290 aetate
928 3225 1180 3291 Ptolemaeorum
1210 3251 1379 3313 versemur,

243 3359 304 3419 qua
327 3336 454 3400 vixdum
476 3338 625 3402 inventus
647 3338 921 3401 membraneorum
944 3359 1017 3400 usus
1040 3335 1191 3402 librorum
1214 3343 1298 3422 erat,
1326 3341 1380 3424 qui

242 3450 348 3510 autern
370 3447 564 3531 antiquiores
585 3447 658 3510 libri
682 3447 852 3511 exstabant
873 3468 938 3510 non
965 3448 1152 3530 papyracei,
1177 3449 1206 3512 ei
1228 3449 1288 3513 hoc
1311 3451 1379 3532 ipso

242 3555 408 3620 dissimiles
430 3557 624 3621 membranis
639 3555 847 3641 Pergamenis
870 3559 902 3619 et
918 3556 1035 3620 similes
1051 3558 1259 3642 Aegyptiacis
1281 3582 1379 3644 papy-

241 3666 284 3728 ris
306 3666 441 3747 fnerint,
465 3667 547 3750 quod
571 3689 634 3731 nno
656 3667 723 3730 solo
739 3665 816 3729 folio
839 3687 941 3730 unave
964 3665 1074 3730 tabula
1089 3667 1138 3730 vel
1161 3668 1314 3733 lammina
1329 3672 1377 3733 vel

241 3776 322 3856 pelle
355 3777 547 3840 constabant
579 3797 638 3840 nec
672 3775 853 3858 complicati
886 3775 920 3838 in
954 3775 1070 3839 codicis
1107 3777 1242 3842 formam
1275 3783 1376 3843 erant.

240 3883 351 3968 ltaque
388 3907 468 3968 quae
505 3886 539 3949 in
576 3885 795 3968 computandis
834 3884 992 3948 codicibus
1025 3887 1236 3952 membraneis
1272 3890 1378 3952 unitas

240 3994 439 4058 efficiebatur
474 3994 677 4059 multitudine
712 3995 919 4078 scriptorum,
958 3995 1067 4060 eadem
1103 3997 1137 4060 in
1173 3998 1378 4062 munerandis

239 4105 369 4188 papyris
391 4104 606 4188 similibusque
635 4104 751 4168 tabulis
773 4125 1000 4188 saepenumero
1022 4106 1056 4170 in
1079 4107 1194 4191 exigua
1221 4108 1378 4192 particula

240 4213 333 4276 unius
360 4214 470 4297 scripti
501 4215 653 4278 constitit.
700 4215 805 4298 Atque
833 4215 866 4278 in
894 4216 978 4278 hano
1005 4217 1198 4279 sententiam
1226 4217 1294 4300 ipso
1323 4217 1378 4280 illo

241 4322 399 4386 Photiano
413 4324 543 4402 τεύχει
558 4323 607 4386 nsi
622 4345 745 4388 eramus
755 4347 786 4408 p.
799 4325 858 4389 135
872 4323 969 4410 [1111.
987 4323 1075 4400 Quod
1091 4329 1197 4390 antem
1213 4326 1252 4388 ad
1265 4348 1377 4410 propo-
