3218 5094
223 351 285 416 602
605 367 651 414 na
675 367 745 415 ono
768 366 813 412 an
836 365 979 414 onroua.

224 543 285 606 quc
308 522 341 585 in
364 522 469 586 irritor
491 519 567 585 voce
589 520 706 600 Ὠρίων
729 520 834 584 estin
857 519 938 584 Gud.
962 540 993 601 p.
1016 519 1089 600 350,
1111 519 1164 600 43,
1188 516 1295 600 Etym.
1319 516 1364 580 M.

225 657 256 717 p.
280 633 360 716 542,
383 633 426 696 42
454 633 522 696 cod.
552 631 658 695 Havn.
694 635 739 715 (p.
770 631 857 714 936),
887 633 998 694 contra
1031 629 1130 708 Ὠρο(
1161 629 1179 693 ὁ
1215 629 1365 706 Μιλήειοε

225 742 370 828 proditur
392 741 538 807 Parisino
560 764 592 806 n.
616 742 678 806 346
701 743 734 804 et
762 740 928 804 aZonara
955 762 987 822 p.
1015 739 1105 803 1260.
1143 737 1283 802 Tantum
1311 758 1366 800 en-

225 857 291 918 tem
313 875 370 917 sua
392 856 506 937 sponte
529 855 679 936 apparet,
704 851 897 915 conveniens
919 850 1038 913 rationi
1061 850 1162 914 solnm
1185 848 1263 913 illud
1286 869 1365 932 esse,

225 969 261 1028 ut
283 964 383 1044 Ὠροε
411 965 430 1029 ὁ
454 965 605 1043 Μιλήειοε
632 961 729 1026 verba
756 983 814 1044 per
841 960 959 1046 gradis
987 959 1139 1044 quosdam
1168 958 1367 1043 depravatio

226 1074 277 1138 nis
299 1073 488 1138 transierint
509 1073 545 1136 in
566 1074 665 1153 Ὠροε
688 1075 721 1135 et
742 1072 892 1155 deinceps
914 1072 950 1134 in
971 1070 1103 1153 Ὠρίων,
1132 1092 1199 1134 non
1220 1069 1281 1133 hae
1302 1069 1368 1133 fcr-

226 1206 297 1248 rnae
321 1184 480 1248 creverint
506 1183 540 1247 in
567 1183 693 1268 plenius
716 1183 883 1267 nomen.*)
927 1182 1023 1246 Mitto
1045 1181 1109 1245 alia
1137 1180 1293 1265 quaedam
1315 1202 1367 1244 ex·

228 1293 405 1378 plodendae
427 1293 579 1358 Larcheri
602 1293 803 1358 coniecturae
826 1293 956 1376 idonea,
986 1311 1118 1376 quorum
1140 1295 1160 1372 ξ
1186 1292 1224 1355 17
1247 1290 1369 1354 mentio

228 1405 298 1469 fiet:
321 1407 422 1469 restat
444 1405 529 1468 enim
551 1404 775 1489 gravissimum
790 1407 1030 1487 argumentum,
1054 1425 1116 1486 quo
1131 1402 1234 1465 omnis
1256 1423 1368 1486 quaes-

179 1525 208 1572 ω
228 1515 272 1579 ‘tio
299 1515 505 1598 discernitur,
534 1515 670 1599 petitum
698 1515 775 1578 illud
802 1535 841 1578 ex
864 1513 1087 1598 Etymologicc
1110 1511 1153 1576 M.
1177 1535 1209 1596 p.
1233 1512 1312 1595 019,
1337 1512 1367 1594 8,

192 1625 282 1694 aubi
315 1625 365 1690 his
394 1625 500 1690 verbis
529 1626 641 1690 finitur
672 1625 711 1689 de
744 1625 947 1704 (κορακιεμόε
980 1645 1056 1687 voce
1087 1623 1228 1687 notatio:
1262 1623 1368 1688 οὕτω(

228 1737 341 1817 Ὦρος·
365 1737 448 1802 ἀλλὰ
470 1739 520 1802 καὶ
542 1736 657 1818 Ὠρίων
679 1737 729 1801 καὶ
751 1737 948 1816 Ἡρωδιανὸς
971 1736 1043 1815 περὶ
1068 1739 1191 1800 παθῶν.
1235 1733 1285 1796 Ex
1307 1755 1369 1816 quo

230 1848 345 1911 certius
374 1846 472 1910 etiam
501 1869 596 1931 quam
625 1869 641 1908 e
674 1847 803 1930 reliquis
836 1845 988 1929 exemplis
1022 1847 1098 1908 ante
1128 1843 1276 1907 tractatis
1309 1843 1370 1908 hoc

230 1957 448 2041 consequitur,
477 1977 543 2020 non
570 1956 713 2039 paullum
744 1956 897 2020 momenti
924 1956 959 2020 in
991 1954 1136 2038 proxima
1168 1954 1369 2020 habiturum:

230 2089 302 2130 cum
329 2066 398 2149 ipso
427 2066 491 2130 Oro
520 2088 719 2130 communem
746 2087 874 2131 sucrum
901 2070 1026 2150 partem
1057 2065 1208 2131 Orionem
1239 2064 1369 2147 habere,

230 2179 326 2260 atque
350 2175 451 2240 eidem
472 2175 520 2240 illi
542 2177 678 2240 fortasse
700 2177 899 2260 surripuisse.
939 2177 989 2240 Ac
1010 2197 1052 2240 ne
1073 2175 1157 2238 forte
1179 2175 1214 2238 in
1237 2196 1274 2238 eo
1296 2174 1370 2238 hae-

230 2307 316 2370 reas,
340 2285 423 2370 quod
445 2286 635 2370 aliquotiens
651 2287 811 2352 adiectum
826 2291 875 2352 est
889 2288 1097 2366 ἐτυμολογεῖν
1119 2286 1261 2364 verbum,
1287 2283 1371 2369 quod

231 2396 358 2481 quidem
380 2417 445 2461 non
468 2418 560 2481 posse
582 2420 648 2462 non
662 2398 775 2462 referri
798 2399 838 2461 ad
861 2397 1012 2462 Orionem
1027 2396 1243 2480 etymologum
1266 2395 1371 2459 ridea-

230 2511 297 2591 tur,
327 2510 363 2571 ut
384 2529 416 2591 p.
442 2508 514 2590 709,
538 2509 589 2592 27,
620 2531 683 2572 unc
711 2508 807 2573 verbo
835 2529 949 2572 moneo
977 2528 1042 2572 non
1070 2527 1142 2570 raro
1168 2506 1245 2570 illud
1269 2505 1372 2570 ineis

231 2639 353 2702 quoquc
375 2618 595 2682 notationibus
617 2619 780 2702 usurpari,
809 2639 889 2703 quac
917 2640 958 2681 nc
981 2619 1108 2682 exstent
1134 2617 1261 2700 quidem
1287 2617 1372 2700 apud

231 2727 398 2793 Orionem:
421 2727 492 2791 vide
514 2751 546 2811 p.
571 2729 648 2812 095,
673 2730 691 2793 7
696 2779 703 2793 .
728 2729 806 2812 802,
833 2729 881 2793 14,

314 2838 365 2902 Ita
388 2859 579 2922 quamquam
601 2839 704 2904 omnis
732 2840 856 2903 tollitur
877 2839 1051 2903 necessitas
1079 2837 1214 2902 rationis
1236 2835 1372 2900 Larche-

231 2948 358 3030 tianae,
387 2951 496 3011 tamen
519 2949 545 3012 si
567 2949 600 3012 id
623 2950 798 3034 sequimur,
828 2949 910 3033 quod
932 2948 1097 3033 probabile
1125 2948 1269 3011 videatur
1291 2968 1371 3030 esse,

230 3078 297 3121 non
330 3060 379 3120 est
408 3057 626 3142 diffitendum,
660 3060 766 3144 aliqua
800 3063 901 3142 certe,
938 3059 1015 3122 licet
1046 3058 1178 3121 minima
1211 3080 1250 3121 ex
1280 3061 1373 3141 parte

232 3168 447 3250 exemplorum
469 3169 547 3233 satis
569 3170 657 3234 illam
680 3170 719 3234 de
743 3173 890 3253 corrupto
916 3170 952 3234 in
972 3169 1071 3250 Ὦροε
1099 3168 1216 3249 Ὠρίων
1242 3167 1373 3232 nomine

234 3277 447 3342 coniecturam
472 3280 696 3345 commendari.
732 3278 989 3344 Persentiscebat
1009 3278 1070 3342 hoc
1091 3278 1294 3363 Sylburgius,
1318 3277 1373 3361 qui

232 3389 267 3451 in
288 3387 399 3452 Indice
426 3390 616 3474 scriptorum
645 3413 676 3474 p.
704 3391 782 3456 1071
806 3397 823 3455 b
850 3389 898 3454 ed.
928 3390 1015 3473 Lips.
1039 3396 1211 3455 coniectare
1231 3388 1277 3453 ait
1303 3395 1375 3453 licet

230 3505 344 3579 parlim
367 3521 384 3562 c
404 3505 550 3566 librorum
572 3509 726 3567 notatione
744 3508 858 3582 partim
880 3507 1099 3582 epupioorum
1121 3507 1208 3578 serie,
1234 3503 1373 3563 Orionem

233 3615 283 3674 lo'c
306 3611 351 3694 (h.
376 3631 401 3674 e.
424 3611 458 3674 in
479 3610 703 3697 ¹Etymologicc
725 3611 861 3697 Magno)
885 3622 914 3675 et
937 3615 1028 3676 Orom
1050 3613 1208 3688 confundi.
1254 3609 1373 3672 Memo-

180 3757 189 3774 ·
234 3719 334 3783 rabile
356 3723 405 3784 est
427 3721 523 3804 enim,
547 3723 581 3786 in
604 3721 818 3806 quadraginta
841 3721 962 3784 duabus
984 3721 1123 3805 paginis,
1147 3741 1227 3803 quae
1250 3718 1290 3782 ab
1313 3717 1373 3781 ini-

234 3829 280 3892 tio
295 3834 370 3894 sunt
388 3831 454 3894 eius
469 3831 695 3916 Etymologici,
720 3832 871 3898 Orionem
888 3831 980 3896 citari
1004 3830 1132 3894 circiter
1146 3829 1372 3914 quadragiens,

234 3961 276 4004 ne
298 3940 397 4004 semel
418 3941 544 4024 quidem
567 3943 681 4025 Orum,
712 3945 823 4007 contra
849 3942 924 4006 inde
950 3964 969 4005 a
992 3941 1112 4026 pagina
1133 3940 1175 4004 43
1203 3940 1274 4024 plus
1300 3961 1373 4003 cen-

294 4075 435 4082 ---—-.—-

319 4137 345 4202 *J
365 4137 437 4206 [Non
454 4139 618 4206 putaveram
636 4137 813 4204 exstiturum,
833 4135 880 4204 qui
896 4137 925 4190 in
941 4138 1026 4204 Ὠρο(
1045 4136 1207 4202 ὁΜιλήειο(
1225 4133 1375 4201 depravari

234 4227 358 4296 potuisse
370 4229 517 4299 pristinam
531 4231 631 4299 Ὠρίων
648 4230 822 4299 scriptruam,
836 4233 865 4284 ct
882 4230 985 4284 totiens
1004 4227 1115 4296 quidem
1133 4226 1288 4296 depravari,
1301 4225 1375 4282 serio

236 4319 289 4373 sibi
305 4323 494 4389 persuaderet.
523 4324 585 4378 Non
604 4321 730 4380 extimuit
747 4324 842 4378 tamen
860 4339 922 4376 eam
935 4321 1008 4378 rium
1025 4320 1156 4378 Kleistius
1175 4319 1209 4374 de
1222 4318 1375 4377 Philoxeno

235 4431 262 4488 p.
282 4421 314 4468 34
332 4419 403 4488 sqq]
