3184 5100
280 358 343 421 000
610 369 850 417 Ετνινοποοιοι
874 369 1088 416 mammem

368 526 437 588 195.
460 527 689 590 Παλακῑνοε
712 523 971 608 (περὶξίώφρονι
992 523 1030 586 τὸ
1053 521 1165 600 ὄνομα.
1189 525 1283 601 δηλοῖ
1304 525 1340 588 δὲ
1362 524 1421 588 τὸν

280 637 426 714 πάλληκα
449 637 467 714 ἢ
490 636 547 699 τὸν
569 639 624 712 τῆε
647 638 791 711 παλακῆτ
814 633 897 715 υἱόν)
917 669 960 678 -
980 633 1127 696 Πέλεια
1148 633 1200 714 (τὸ
1222 635 1343 711 κίρκοι·
1366 634 1421 698 εἰεὶ

279 748 358 823 γένη
380 746 524 825 ἱεράκων.
553 746 602 808 καλ
630 725 930 826 φηελΚαλλίμαχοε
958 743 994 809 έν
1021 745 1089 806 τοῑε
1116 744 1188 821 περὶ
1216 744 1358 824 ὀρνέων)
1380 785 1422 794 —

279 857 514 935 Πηληιάδεω
537 852 590 937 (ἐκ
612 851 677 936 γάρ
699 850 854 936 Ὀρέσταο
876 855 961 926 τίσις
983 853 1113 915 ἔσσεται
1136 849 1284 936 άτρίὸαο.
1310 857 1419 919 Καλλί-

280 987 381 1045 μαχοε
404 969 439 1030 δὲ
461 967 497 1030 ἐν
520 965 639 1045 πρώτω
667 963 776 1029 αἰτιῶν
806 964 961 1042 έχρήεατο
988 967 1025 1040 τῆ
1049 962 1092 1028 εἰ(
1115 983 1169 1027 ου·
1192 965 1319 1045 ταῦρον
1344 962 1421 1047 ἐρη-

279 1071 382 1158 ρικήν
406 1077 452 1150 τίς
474 1071 548 1149 ἑνὸς
569 1070 753 1155 άπεράτου)
775 1112 817 1122 -
837 1072 1040 1138 Πολύϊδοε
1064 1073 1162 1154 (οὕτω
1187 1074 1236 1137 καλ
1258 1075 1420 1140 Ἀπολλώ-

280 1207 348 1251 νιοε
377 1186 396 1251 ὁ
425 1185 612 1266 Ἀρχιβίου.
639 1233 645 1246 .
672 1234 678 1246 .
706 1233 712 1246 .
742 1184 829 1248 οὕτω
863 1184 898 1246 δὲ
932 1185 981 1247 καὶ
1013 1184 1051 1247 τό
1079 1187 1182 1262 δρᾶμα
1212 1184 1422 1267 ἐπιγράφεται

279 1297 367 1375 παρά
396 1295 614 1376 Ἀριετοφάνη.
642 1298 792 1373 μαρτυρεῖ
820 1295 855 1357 δὲ
883 1293 933 1356 καλ
961 1293 1141 1359 Φιλόξενοε.
1174 1295 1224 1357 καὶ
1251 1294 1421 1374 (οφοιιλῆε

280 1409 312 1470 δ’
335 1385 371 1471 έν
388 1407 525 1472 Μάντεει
548 1405 748 1470 ευνεετείων·
772 1401 833 1486 ὅρα
856 1400 1036 1484 πρόχειρον
1055 1403 1230 1466 Πολυΐδου
1252 1407 1312 1466 τοῦ
1333 1403 1422 1486 μέν·

279 1539 368 1590 τεως.
399 1517 448 1580 καὶ
470 1518 581 1581 πάλιν·
604 1510 665 1577 οὐκ
690 1515 781 1577 ἔστιν
804 1514 835 1577 εἰ
859 1508 902 1595 μή
933 1513 1108 1594 Πολυῖιλην
1136 1515 1182 1576 wi
1205 1512 1355 1599 κηράνω)
1377 1554 1421 1563 -

278 1629 531 1708 Πραιτώριον

363 1779 436 1842 200.
472 1779 606 1842 Ῥὸθοε
635 1777 859 1860 (Πλούταρχοε
887 1779 923 1840 δὲ
951 1778 1092 1842 Βοιωτὸε
1121 1777 1168 1842 ὢν
1199 1777 1257 1843 τὰ(
1286 1777 1417 1858 ὀρεινὰ(

279 1891 376 1954 δδοὺε
398 1891 454 1953 τὰε
476 1890 661 1956 ετενὰε.καὶ
688 1889 850 1952 δυεάντειε
874 1885 1000 1967 ῥόθους
1028 1885 1236 1965 ὀνομάζεεθαι
1258 1889 1347 1974 φηεί)
1375 1929 1418 1936 -

279 2000 414 2077 Ῥῆγοε
437 1998 499 2082 (ὅτι
520 2019 555 2062 τε
572 1999 677 2076 ῥαγεῑε
694 1998 808 2072 ἔλεγον
830 1997 907 2061 τοὺε
930 1998 1042 2076 βαφεὶε
1064 1998 1114 2060 καὶ
1136 1997 1234 2076 ῥῆγοε
1248 2000 1286 2063 τὸ
1303 2001 1422 2078 βάμμα,

280 2112 380 2190 εαφὲε
402 2110 582 2188 Ἀνακρέων
606 2112 703 2173 ποιεῖ·
727 2102 964 2190 άλιπόριρυροα
986 2105 1101 2190 ῥῆγος)

1117 2219 1121 2226 ι

365 2253 505 2317 (κυθία

364 2389 640 2472 ΤαλαίμοχΙΘοε
664 2387 723 2470 (ὼε
746 2386 973 2471 Διογενιανόε)
997 2424 1039 2432 -
1061 2387 1199 2452 Τίτλοε

363 2523 435 2588 205.
465 2524 650 2599 Ὑπάγειν
680 2523 739 2604 (ὼε
760 2524 901 2603 Ὅμηροε
926 2573 931 2584 .
956 2572 961 2584 .
985 2571 991 2584 .
1016 2572 1022 2585 .
1046 2522 1091 2586 ὼε
1113 2524 1207 2604 φηεὶν
1230 2525 1421 2606 Ἀριετοφά-

279 2656 335 2712 νηε
358 2635 377 2698 δ
400 2634 550 2712 κωμικόε·
579 2629 622 2695 σύ
649 2628 680 2694 δ’
707 2626 845 2712 ὑπάγεις
868 2627 926 2694 τὸν
949 2625 1067 2713 ὅρκον,
1098 2631 1168 2697 ἀντὶ
1196 2637 1254 2697 τοῦ
1284 2633 1421 2714 ὑπάγηε.

278 2747 426 2823 κέχρηται
449 2744 527 2821 αὐτῆ
551 2748 588 2820 τῆ
617 2744 699 2809 λέξει
725 2742 860 2806 Εὔπολιε
883 2742 1037 2820 έμβατούε
1061 2745 1180 2818 λέγων·
1204 2739 1302 2806 οὐδ’
1328 2739 1419 2807 ὑπά-

278 2877 348 2935 γεις
372 2855 417 2927 εἰς
439 2850 476 2915 τὸ
500 2853 707 2937 ἔμπροσθεν)

364 3017 487 3095 Χέραε
509 3019 565 3094 τῆε
588 3015 652 3079 ὑπὸ
668 3016 824 3091 ποταμῶν
839 3013 1070 3093 ἀθροιζομένηε
1085 3013 1217 3093 ψάμμου
1239 3016 1289 3078 καὶ
1311 3016 1419 3082 ξύλων

279 3130 473 3204 ευγκομιδῆε.
518 3125 718 3204 Ἀρίεταρχοε
747 3125 782 3186 δὲ
805 3123 941 3202 χεράδαε
964 3125 1059 3206 φηεὶν
1081 3127 1237 3189 καλεῑεθαι
1260 3126 1336 3190 τοὺ(
1359 3149 1419 3192 πο-

277 3237 397 3314 ταμούε
419 3238 469 3299 καὶ
491 3237 566 3299 τοὺε
589 3236 624 3299 ἐν
648 3234 725 3310 αὐτῆ
742 3233 857 3297 λίθουε.
873 3271 915 3280 -
939 3233 1131 3313 Χορταῑοε
1154 3235 1284 3298 δδοιεὺε
1308 3237 1421 3314 χιτών,

279 3348 305 3410 ὧ
322 3352 462 3426 χρῶνται
478 3346 508 3408 αἱ
527 3345 693 3424 παρθένοι·
716 3339 821 3424 αὐλῆς
844 3339 882 3405 ἐν
897 3340 1053 3426 χόρτωπι.
1078 3347 1128 3409 καὶ
1150 3346 1261 3424 χορτοὶ
1283 3345 1314 3408 ολ
1334 3367 1420 3425 τριγ-

278 3457 337 3536 χοί.
366 3456 411 3520 ὼε
434 3455 600 3535 Εὐριπίδη(
629 3456 663 3520 έν
693 3455 863 3532 Ἀντιώπη·
893 3454 1127 3536 σονχορτανέω
1157 3452 1255 3517 πάλιν.
1285 3465 1358 3529 ταῖς
1387 3456 1407 3518 ιλ

280 3563 482 3646 ἐλευθέραις.
510 3565 616 3630 καὶέν
640 3566 836 3644 Ἀνδρομάχη
860 3564 989 3642 ὁμοίωε.

363 3715 517 3797 Ὠρίων·
547 3719 614 3782 ἐπεὶ
637 3719 686 3781 καὶ
709 3718 727 3782 ὁ
751 3717 851 3797 άρίων
874 3717 910 3781 έν
933 3719 1074 3795 ευετολῆ.
1104 3719 1153 3780 καὶ
1175 3717 1337 3797 Πίνδαροε
1367 3721 1421 3783 καὶ

277 3829 455 3909 Εὑριπίδηε.
479 3825 609 3910 άλάόχω
632 3827 711 3891 ποτὲ
727 3823 938 3908 θεωραχθεὶς
961 3821 1050 3908 έπέχ’
1068 3823 1235 3908 ἀλλότρια.
1261 3825 1420 3910 (spatium

277 3941 416 4024 quinque
439 3939 632 4022 litterarum)
663 3925 765 4020 ἀρ’ἷῖιιν
788 3935 905 4018 ἄστρα,
936 3934 992 3999 καὶ
1014 3933 1073 3999 τὸν
1095 3932 1221 4020 εάρίονα
1243 3935 1419 4019 δέρκομαι.

278 4049 327 4114 Os.
352 4049 517 4112 Meletium
539 4049 631 4112 huius
655 4047 824 4112 voluminis
847 4069 878 4130 p.
903 4047 978 4127 7003
1002 4045 1113 4129 cyrilli
1136 4045 1260 4110 lexicon
1282 4045 1317 4109 in
1341 4045 1422 4112 Ora-

277 4161 357 4223 meri
380 4159 503 4223 Ληοοά.
528 4159 599 4222 Par.
624 4157 670 4222 IV
693 4182 725 4242 p.
753 4159 823 4238 194,
848 4159 882 4239 ῖς
906 4157 1012 4240 Etym.
1037 4156 1081 4219 M.
1106 4157 1196 4220 Sorb.
1221 4179 1251 4239 p.
1274 4155 1350 4240 460,
1376 4159 1423 4223 39
1509 4153 1516 4166 '

277 4300 318 4326 =
336 4268 467 4352 Bergkii
491 4269 581 4332 Ροολ.
606 4269 666 4352 lyr.
690 4291 720 4350 ρ.
738 4269 801 4334 239
824 4268 872 4330 ed.
890 4267 909 4329 2
933 4267 1009 4352 (298
1032 4267 1080 4330 ed.
1097 4269 1147 4352 3):
1163 4303 1205 4315 -
1221 4265 1422 4332 Ohoerobos-

278 4401 347 4442 αιιιιι
372 4379 405 4442 in
429 4379 548 4442 Themi.
575 4403 604 4461 p.
629 4379 701 4461 986,
726 4379 745 4440 2
768 4407 810 4432 :-
831 4377 907 4440 Eur.
932 4376 1019 4459 (3501.
1044 4401 1072 4440 ν.
1097 4378 1169 4440 213.
