3184 5100
574 381 737 434 scannia
760 383 932 432 carnola.
1264 368 1326 434 723

181 537 245 602 402
274 535 323 603 ed.
352 538 452 622 lips,
483 560 675 623 quamquam
703 561 769 603 non
796 539 859 621 ita,
888 542 924 602 ut
951 539 993 602 ab
1020 560 1057 602 co
1085 542 1234 603 accurate
1257 559 1326 602 esse

183 649 243 713 hoc
276 671 378 734 genus
411 649 577 714 definitum
610 649 756 714 videatur
788 649 944 733 pleneque
980 649 1184 732 descriptum.
1241 648 1325 713 Nanr

183 759 266 844 quod
296 760 362 824 eius
390 760 475 824 modi
504 760 703 844 pronominis
730 760 934 824 iterationem
962 759 1006 822 ibi
1034 763 1161 824 tantum
1199 759 1325 822 admitti

183 891 276 953 posse
299 871 345 934 ait
367 893 399 954 p.
415 870 489 953 402,
513 870 567 935 ubi
591 891 629 934 ex
652 870 774 935 duabus
796 869 1009 934 locutionibus
1032 869 1171 934 conflata
1194 870 1237 932 sit
1258 884 1359 934 ora-‘2

183 981 240 1063 tio,
265 1003 334 1044 oum
359 981 453 1044 aliter
474 981 604 1065 incepta
619 980 713 1045 aliter
735 981 776 1044 ad
798 981 895 1044 finem
918 980 1123 1064 perducatur:
1147 980 1179 1044 id
1204 983 1236 1043 et
1257 981 1327 1044 obs-

186 1090 290 1154 curius
325 1090 444 1154 dictum
477 1095 526 1154 cst
558 1114 618 1154 uec
646 1092 725 1154 satis
751 1112 835 1154 vere.
885 1091 1015 1154 Etenim
1043 1113 1145 1174 pauca
1172 1089 1327 1174 quaedum

186 1200 330 1284 exempla
358 1222 436 1265 sane
464 1201 510 1264 ita
538 1205 613 1265 sunt
641 1205 841 1286 comparata,
871 1205 907 1265 ut
928 1201 1074 1264 videat-ur
1099 1223 1164 1264 non
1187 1203 1328 1284 potuisse

185 1311 234 1374 bis
256 1311 332 1395 poni
354 1333 548 1394 pronomen,
572 1310 743 1375 nisibinis
766 1312 870 1376 verbis
893 1311 1110 1396 grammaticis
1134 1311 1202 1374 bini
1231 1333 1328 1374 eunu-

186 1421 332 1485 tiationis
355 1422 446 1506 quasi
469 1421 594 1486 articuli
620 1421 833 1504 efficerentur,
857 1422 903 1484 ita
925 1425 960 1485 ut
974 1425 1108 1506 utraque
1130 1422 1328 1505 pronominis

186 1533 289 1596 forma
312 1533 402 1616 (nam
416 1533 521 1596 forma
536 1554 659 1616 quoque
681 1532 861 1615 discrepare
880 1531 960 1596 solet
982 1535 1163 1616 utrumque)
1186 1555 1242 1595 suo
1265 1533 1328 1595 cui-

187 1642 260 1706 dam
284 1646 316 1706 et
339 1642 493 1726 peculiari
516 1643 612 1706 verbo
634 1643 846 1727 grammatico
869 1645 1034 1726 aptaretur
1049 1646 1081 1706 et
1103 1642 1193 1726 qrrasi
1217 1643 1328 1726 agglu-

185 1753 354 1817 tinaretur.
406 1752 503 1817 Velut
534 1752 568 1816 iu
597 1752 719 1816 duobus
750 1751 931 1816 Pausaniae
960 1751 1070 1834 dietis,
1105 1775 1186 1836 quac
1219 1753 1328 1816 attulit

186 1862 392 1928 Hermannus
420 1886 451 1946 p.
476 1863 554 1945 399,
584 1863 618 1926 in
645 1863 758 1946 quibua
785 1861 994 1945 intellegendi
1021 1861 1227 1926 commoditas
1250 1864 1329 1926 rnul-

187 1977 253 2037 tum
288 1973 457 2038 adiuvatur
486 1971 695 2038 collocatione
729 1972 897 2037 verbonun
930 1972 1211 2056 grammaticorum
1245 1973 1330 2036 inter

187 2086 354 2168 utrumque
383 2105 559 2167 pronomen
582 2083 853 2166 interpositomm.
899 2081 988 2158 Quod
1011 2083 1096 2146 eninr
1125 2106 1141 2146 c
1168 2083 1328 2148 Pausania

187 2193 229 2276 ll,
252 2195 284 2277 3,
308 2195 328 2257 (l
351 2193 611 2259 commemoravit
632 2193 810 2278 exemplum
834 2193 897 2277 (ὧν
914 2193 1058 2274 ὀνόματα
1072 2195 1130 2273 μέν
1146 2215 1229 2276 coru
1245 2195 1329 2275 Μέρ-

187 2325 284 2383 μερο(
306 2306 357 2370 καὶ
379 2305 517 2392 Φέρηε),
546 2304 578 2368 id
608 2304 748 2368 alienum
776 2306 825 2367 est
853 2303 895 2368 ab
917 2304 977 2368 lroc
1000 2325 1128 2388 genere.
1174 2303 1234 2368 Sed
1257 2304 1328 2368 Μο-

189 2412 284 2476 deae
305 2435 432 2478 versum
454 2413 790 2498 Euripirliae1263
815 2412 910 2500 [1285
931 2413 1064 2478 Kirchh.
1078 2414 1166 2478 ⁸12th
1189 2413 1327 2500 Nuus-kd

189 2545 253 2588 non
276 2522 387 2588 dubito
409 2524 486 2607 quin
508 2546 564 2589 suo
586 2525 654 2588 iure
676 2523 856 2588 defenderit
878 2522 1084 2588 Hernruuuua
1106 2547 1137 2607 p.
1161 2525 1238 2588 402:

340 2681 388 2742 δεῖ
408 2677 471 2757 γάρ
492 2697 554 2742 νιν
577 2679 662 2758 ἤτοι
684 2683 753 2758 γῆ(
776 2698 846 2760 (φε
869 2682 1049 2758 κρυφθῆναι
1070 2679 1166 2755 κάτω,

340 2789 360 2868 ἢ
382 2789 506 2867 πτηνὸν
528 2787 602 2868 ἆραι
624 2789 707 2867 (ὤμ’
729 2789 762 2852 ἐ(
784 2787 910 2868 αἰθέρο(
934 2789 1040 2868 βάθος.

189 2965 387 3052 Quamquam
417 2967 502 3031 enim
529 2965 563 3030 in
591 2965 640 3030 lris
662 2965 860 3031 desideratur
882 2967 937 3032 illa
960 2966 1127 3032 verborum
1151 2967 1328 3050 collocatio,

189 3099 285 3161 quam
307 3077 504 3142 laudavimus
527 3077 560 3141 in
583 3075 755 3159 Pausania,
779 3079 887 3142 tamen
906 3077 966 3141 hoc
990 3080 1213 3161 compensatur
1235 3078 1329 3142 detri-

189 3190 333 3250 mentum
354 3187 482 3252 invecta
503 3187 574 3267 ἤτοι
595 3186 763 3270 particula,
787 3210 850 3271 qua
872 3187 1012 3270 paullum
1037 3187 1207 3252 invertitur
1228 3189 1330 3251 oratio

190 3296 280 3360 etin
302 3297 363 3361 duo
385 3296 745 3380 membradispertitur.
790 3297 903 3382 Itaque
932 3297 991 3362 etsi
1018 3302 1105 3362 reete
1128 3298 1330 3380 reprobatam

191 3405 365 3470 abeodem
392 3405 581 3472 Hermanno
609 3410 758 3491 putamus
787 3407 880 3471 liuius
907 3407 993 3471 modi
1021 3407 1170 3492 loquendi
1192 3408 1330 3491 speciem

191 3537 223 3599 p.
246 3515 325 3581 402:
355 3517 445 3582 οὔτοι
466 3537 517 3584 νιν
539 3519 558 3597 ἡ
581 3519 630 3598 ’μὴ
654 3517 739 3585 δεξιά
761 3519 820 3598 (φ’
842 3517 1024 3600 ἀπώλε(εν,
1049 3539 1129 3601 quae
1151 3539 1192 3584 ue
1213 3539 1330 3602 graeca

191 3623 317 3708 quidam
339 3648 408 3691 esse
430 3629 547 3712 potest,
570 3629 680 3692 tamen
703 3627 820 3692 acriter
842 3627 944 3692 eidem
967 3648 1182 3712 repugnamus
1205 3628 1244 3692 de
1265 3627 1330 3692 Me·

191 3734 269 3799 deae
291 3758 320 3800 r.
347 3736 429 3802 1322
451 3737 498 3802 sic
520 3737 691 3820 iudicanti,
721 3741 758 3801 ut
780 3740 840 3819 (φὲ
862 3737 1050 3802 mutandum
1073 3741 1203 3824 censeat
1224 3738 1258 3802 in
1279 3740 1330 3815 γὲ;

191 3847 252 3928 (φὲ
274 3847 360 3910 enim
381 3847 460 3911 illud
483 3847 552 3933 quis
580 3847 641 3913 sibi
668 3847 859 3932 persuadeat
886 3846 994 3912 deberi
1022 3847 1187 3912 librariis?
1222 3871 1242 3912 a
1264 3843 1331 3932 riui-

192 3955 250 4021 bus
272 3959 333 4039 (φὲ
355 3957 461 4041 potius
485 3979 672 4024 conversum
695 3962 744 4022 est
766 3957 800 4022 in
821 3960 869 4041 γὲ,
893 3961 930 4021 ut
945 3956 1108 4042 Euripidis
1130 3957 1208 4022 Ione
1230 3981 1260 4022 v.
1277 3959 1329 4042 81,

191 4067 245 4130 ubi
269 4067 337 4131 iure
359 4067 480 4151 optimo
502 4068 538 4132 L.
559 4067 717 4132 Dindorfii
740 4067 996 4133 emendationem
1018 4068 1160 4153 reposuit
1174 4066 1330 4132 Herman-

192 4196 262 4240 nus.
306 4176 497 4262 Incorrupta
526 4180 575 4242 est
603 4177 688 4242 enim
716 4177 869 4242 librorum
897 4157 1069 4262 scriptura:
1106 4179 1146 4245 οὐ
1173 4180 1284 4245 τοίνυν
1311 4181 1330 4257 ὴ

192 4287 247 4366 ’μὴ
270 4287 356 4354 δεξιά
378 4292 436 4370 (φ’
452 4289 628 4356 ἀπώλεεεν.
659 4287 744 4354 Nam
760 4287 892 4352 Medeae
915 4288 960 4354 sic
976 4288 1186 4353 exclamanti:
1210 4290 1237 4353 ὠ
1260 4293 1330 4354 uot-
1355 4313 1359 4322 ·

193 4401 255 4481 ter,
280 4398 325 4462 ὼ(
348 4397 466 4466 dilecte
488 4403 623 4486 πατρῴᾳ
646 4399 750 4484 utrm!
774 4401 848 4484 apte
870 4398 1042 4484 respondet
1063 4399 1150 4466 Iaso:
1184 4406 1253 4465 licet
1276 4405 1332 4464 uli·

1063 4501 1128 4565 lo*
