3270 5094
748 1298 904 1406 ΧΠΙ.

324 1613 334 1626 .
396 1499 450 1591 lte
481 1497 621 1591 contiuo
652 1496 854 1614 Sophocleo
885 1495 1009 1613 Oedipi
1039 1496 1250 1612 tolonei.*)

754 1703 832 1712 ——--

207 1811 238 1859 m
341 1801 410 1875 Quo
433 1802 515 1885 quod
529 1801 725 1884 praeclarius
747 1803 988 1864 monumentum
1004 1799 1082 1862 artis
1097 1799 1243 1882 habetur,
1267 1823 1304 1863 eo
1326 1800 1393 1862 fere

258 1911 431 1994 impensius
453 1912 503 1974 vel
525 1911 643 1975 leviore
665 1911 737 1974 labe
752 1910 888 1974 liberum
903 1914 1013 1973 nostro
1033 1910 1101 1973 iure
1123 1915 1280 1994 optamus.
1312 1909 1393 1985 Qua-

258 2023 388 2104 propter
410 2041 539 2104 operam
560 2019 734 2104 perdidisse
758 2043 823 2084 non
838 2020 1025 2103 videbimur,
1050 2019 1076 2084 si
1098 2020 1296 2084 nobilissimo
1320 2041 1393 2083 oan-

257 2129 322 2193 tieo
345 2129 407 2213 illi,
437 2151 498 2213 quo
519 2131 645 2213 patriae
667 2130 754 2193 urbis
776 2129 885 2194 laudes
908 2129 1080 2213 Sophocles
1103 2129 1138 2193 in
1159 2129 1281 2213 Oedipo
1304 2129 1393 2195 Colo-

258 2260 319 2302 neo
334 2261 363 2303 v.
381 2239 442 2303 668
457 2261 525 2324 sqq.
542 2239 590 2302 ed.
608 2238 749 2304 Brunok.
766 2240 974 2324 persequitur,
999 2239 1152 2324 quasdam
1166 2240 1308 2304 maculas
1324 2239 1393 2304 abs-

257 2349 457 2432 terserimus,
495 2349 646 2414 leviculas
678 2350 752 2413 illas
784 2349 911 2434 quidem
944 2371 983 2412 ex
1009 2352 1117 2432 parte,
1154 2349 1308 2432 fatemur,
1338 2349 1393 2413 sed

257 2462 366 2522 tamen
395 2459 566 2542 pristinum
592 2460 730 2524 nitorem
757 2481 823 2523 non
850 2458 932 2523 nihil
955 2459 1163 2522 infuscantes,
1209 2458 1393 2524 Continebi-

257 2590 326 2632 mus
349 2573 456 2633 autem
477 2591 535 2633 nos
557 2571 591 2634 in
614 2592 764 2653 praesens
792 2570 827 2632 in
849 2568 950 2632 altera
973 2567 1103 2652 stropha
1126 2572 1159 2631 et
1181 2567 1392 2652 antistropha,

258 2700 391 2762 quarum
412 2678 492 2743 haee
513 2679 548 2743 in
577 2679 755 2763 antiquiore
778 2678 1012 2761 Laurentiano,
1041 2681 1074 2742 et
1095 2699 1114 2741 a
1136 2677 1240 2761 prima
1268 2677 1394 2762 quidem

257 2810 365 2871 manu,
389 2789 510 2872 speeies
533 2792 596 2853 est:

482 2967 564 3032 ἔετιν
587 2971 622 3033 δὲ
644 2967 717 3035 οἷον
739 2969 804 3047 ἐγὼ

480 3080 539 3152 γᾶ(
561 3077 649 3143 trior
672 3079 731 3143 οὐκ
752 3078 903 3144 ἐπακούω

482 3187 556 3251 οὐδ’
578 3189 614 3253 ἐν
636 3192 686 3253 τᾶι
707 3189 840 3268 μεγάλαι
862 3187 971 3267 nuptu
993 3187 1093 3251 νάεωι

481 3299 625 3362 πέλοπα(
648 3301 779 3364 πώποτε
803 3297 937 3378 βλαετὸν

483 3408 621 3488 φύτευμ’
643 3407 804 3488 ἀχήρητον
827 3407 1015 3484 αὐτόποιον,

482 3517 603 3598 ἐκχέων
627 3519 756 3598 φόβημα
778 3518 891 3594 δαῑων,

482 3628 501 3690 ὃ
524 3631 610 3692 τᾶιδε
632 3629 741 3692 θάλλει
762 3627 899 3706 μεγίαται
921 3627 1032 3705 χώραι,

481 3739 620 3812 γλαυκᾶς
643 3736 866 3818 παιδοτρόφου
889 3736 1016 3815 φύλλον
1039 3734 1160 3799 ἐλαίας·

481 3847 519 3910 τὸ
542 3847 600 3925 μέν
621 3867 667 3910 τι(
690 3846 764 3911 οὔτε
786 3846 902 3924 νεαρὸς
925 3845 1000 3909 οὔτε
1021 3844 1115 3923 γήραι

482 3956 642 4034 εημαίνων
665 3957 790 4020 ἁλιώεει
811 3957 890 4035 χειρὶ
911 3956 1044 4032 πέρεαε·

483 4067 501 4131 ὁ
524 4067 585 4145 γὰρ
608 4065 721 4131 cicuitu
744 4065 833 4144 ὁρῶν
856 4065 971 4132 κύκλοι

346 4215 462 4222 .—--

328 4286 353 4352 *)
393 4285 577 4353 [Prooemium
612 4283 713 4338 Indicis
752 4283 908 4340 scholarum
947 4281 1116 4338 aestivarum
1149 4278 1336 4336 Bonneneinm
1370 4295 1395 4336 a

262 4376 511 4446 ClQlOCCCLXHJ
