3270 5094
429 374 476 420 DE
499 373 648 444 CANTICQ
673 375 879 422 SOPHOOLEO
904 374 1026 421 OEDlPI
1048 373 1212 421 COLONEl.
1332 358 1338 376 ⁴

500 529 602 593 λεύιει
623 549 673 593 νιν
699 527 813 606 μορίου
835 529 903 593 διὸ(

499 641 528 718 χ’
550 639 571 702 ἁ
591 641 775 714 γλαυκῶπι(
797 636 908 702 ἀθάνα.

501 789 602 856 ἄλλον
626 792 659 855 δ’
681 789 775 857 αἶνον
802 791 867 869 ἔχω

500 901 695 980 ματροπόλει
716 904 803 965 τᾱιδε
826 899 990 978 κράτιιτον

499 1014 608 1090 δῶρον
631 1014 689 1075 τοῦ
711 1011 852 1090 μεγάλου
876 1009 1026 1087 δαίμονα(
1049 1007 1150 1073 εἰπεῖν

500 1119 625 1198 αὔχημα
647 1121 803 1198 μέγιιτον,

501 1229 638 1294 εὔιππον
662 1229 813 1294 εὔπωλον
835 1229 1039 1293 εὐθάλαιιον.

502 1337 528 1401 dr
552 1343 609 1403 παῖ
631 1339 760 1417 κρόνου,
783 1340 819 1402 tir
840 1339 902 1417 γάρ
924 1358 975 1403 νιν
998 1339 1041 1401 εἰ(

500 1449 574 1512 τόδ’
597 1449 681 1513 elcut
703 1449 821 1527 αὔχημ’
843 1447 923 1514 ἄναξ
945 1448 1108 1523 ποιειδὰν,

499 1555 622 1621 ἵπποιιι
643 1559 702 1622 τὸν
725 1557 880 1635 ἀκειτῆρα
906 1557 1040 1635 χαλινὸν

500 1669 651 1746 πρώταια
673 1670 740 1731 ταῑι
762 1668 794 1730 δ’
817 1667 938 1730 {aaa
963 1666 1094 1742 traicit.

501 1777 577 1840 ἅδ’
600 1776 772 1855 εὐήμετμο(
794 1776 931 1851 ἔκπαγλ’
958 1775 1031 1839 ἁλία
1053 1794 1122 1853 χερ·

501 1906 528 1948 ει
550 1887 782 1965 παραπτομένα
804 1885 908 1949 πλάτα

501 1996 644 2075 θρώιεκει
665 1999 732 2061 τῶν
755 1995 985 2074 ἑκατομπόδυιν

500 2105 660 2185 νηρηῖδυιν
683 2104 869 2169 ἀκόλουθοι.

257 2253 322 2318 Vbi
349 2276 447 2318 manu
474 2253 613 2319 secunda
643 2260 819 2320 correctum
847 2259 896 2318 est
922 2277 952 2320 v.
976 2255 1038 2318 698
1061 2254 1245 2336 ἀχείρητον,
1280 2275 1309 2317 v.
1334 2253 1396 2316 699

257 2391 393 2470 ἐγχέων,
414 2413 444 2454 v.
470 2391 529 2455 701
553 2355 794 2472 adiuuatque,
817 2391 852 2454 in
874 2389 1081 2456 Triclinianis
1110 2391 1216 2452 cutem
1238 2388 1396 2471 exempla-

258 2499 345 2562 ribus
368 2499 478 2563 aliisve
501 2500 695 2585 apographis
718 2503 750 2566 δ’
767 2500 838 2566 οἷον
855 2523 884 2564 v.
902 2499 975 2577 694,
997 2501 1123 2578 μέγιιτα
1139 2497 1210 2579 700,
1234 2499 1302 2578 χερὶ
1318 2497 1389 2578 703,
1410 2510 1439 2558 lv

258 2609 377 2674 λεύιιει
399 2611 470 2692 705,
494 2611 536 2690 χά
558 2611 630 2690 706,
651 2611 792 2676 ἵπποιειν
816 2611 888 2692 714,
915 2614 1020 2675 ταῑεδε
1041 2608 1145 2674 aritae
1168 2607 1240 2690 715,
1264 2609 1396 2686 θμώικει

259 2720 330 2800 718,
354 2723 503 2804 νηρῄδων
526 2721 604 2802 719,
627 2720 755 2783 inutilia
776 2723 813 2784 ut
834 2719 962 2784 silentio
984 2717 1287 2802 praetermittamus.

342 2827 382 2892 ln
404 2828 453 2892 his
482 2830 632 2914 quoniam
665 2829 824 2913 principia
852 2830 1015 2912 utriusque
1044 2827 1194 2912 strophae
1216 2827 1395 2910 discrepare

258 2938 398 3002 numeris
425 2961 455 3003 v.
479 2939 552 3004 697.
583 2939 645 3005 710
675 2939 861 3024 apparebat,
895 2943 1069 3003 metrorum
1096 2937 1308 3002 concinnitati
1341 2944 1397 3000 aut

259 3046 404 3112 addendo
426 3049 461 3112 in
483 3048 685 3133 antistropha
708 3049 888 3113 consultum
904 3052 952 3112 est
968 3048 1072 3112 autin
1094 3048 1226 3131 stropha
1248 3045 1395 3111 delendo.

258 3156 327 3222 Nec
349 3179 407 3242 per
428 3180 461 3222 se
484 3162 533 3222 est
554 3155 699 3242 profecto
722 3179 777 3222 cur
799 3159 986 3222 alterutram
1008 3157 1199 3223 emendandi
1221 3157 1307 3220 viam
1328 3157 1396 3220 vin-

260 3271 312 3330 cat
341 3268 458 3333 altera:
495 3269 622 3352 quaudo
649 3290 709 3332 nec
731 3267 930 3332 incommode
958 3267 1008 3332 vel
1030 3268 1184 3332 inusitate
1206 3272 1315 3348 δῶρον
1337 3271 1396 3332 τοῦ

168 3405 175 3417 ·
259 3377 400 3457 μεγάλου
422 3379 574 3458 δαίμονα(
596 3379 705 3458 εἰπεῖν,
729 3380 873 3459 χθονὸε
896 3379 1020 3457 αὔχημα
1042 3380 1187 3456 μέγιιτον
1210 3377 1336 3460 dicitur,
1364 3376 1396 3440 id

260 3487 342 3571 quod
364 3487 506 3552 Porsonc
529 3491 561 3552 et
582 3487 771 3552 Hermanno
797 3488 934 3571 placuit,
967 3509 1027 3551 nec
1048 3487 1179 3551 resectis
1202 3509 1273 3550 cum
1295 3485 1331 3550 F.
1355 3486 1395 3551 G.

260 3595 435 3661 Schmidtio
467 3600 499 3660 et
532 3597 774 3662 Schneidewino
804 3599 992 3664 Πέλοπα(
1024 3599 1122 3662 πώ-
1153 3597 1285 3681 syllabis
1316 3617 1397 3680 quae

259 3711 399 3790 restant,
423 3709 498 3772 οὐδ’
520 3709 556 3772 ἐν
579 3713 618 3792 τᾷ
639 3709 760 3792 μεγάλᾳ
782 3709 905 3787 Δωρίδι
927 3709 1014 3793 vaco
1036 3709 1116 3773 ποτὲ
1140 3708 1286 3788 βλαιτόν,
1312 3707 1397 3790 quic-

259 3837 438 3901 quamquo
466 3817 659 3900 displiceant
680 3817 811 3881 habent.
856 3817 969 3902 Itaque
998 3839 1069 3881 cum
1095 3838 1161 3880 non
1188 3839 1265 3881 sane
1292 3817 1397 3879 minus

259 3925 354 3990 facile
378 3926 506 4010 aliquod
527 3926 718 3991 intercidere
739 3927 928 3991 vocabulum
956 3949 1031 3991 casu
1058 3928 1198 4011 potuerit
1224 3949 1319 4012 quam
1341 3926 1397 3989 ali-

260 4035 334 4119 quid
357 4035 495 4100 adscribi
517 4036 751 4120 interpretandi
774 4059 896 4120 caussa,
921 4039 1124 4122 consequitur
1145 4041 1191 4121 ut,
1214 4059 1291 4101 num
1314 4036 1397 4120 quod

260 4148 484 4228 argumentum
506 4145 541 4210 in
562 4149 712 4230 promptu
734 4147 776 4210 sit
801 4147 1026 4211 necessitatem
1047 4146 1186 4232 habene,
1215 4149 1347 4231 quaerat
1388 4197 1394 4210 .

260 4253 338 4318 Eius
357 4255 443 4319 modi
466 4261 573 4320 autem
588 4277 654 4319 non
669 4278 767 4319 unum
781 4259 910 4339 praesto
925 4278 1003 4339 esse,
1027 4256 1082 4320 sed
1097 4255 1159 4320 duo
1180 4257 1396 4342 intellegimus

261 4384 359 4451 eaque
392 4364 426 4430 in
454 4365 587 4431 eandem
615 4369 739 4450 partem
767 4366 918 4430 valentia.
964 4366 1106 4432 Primum
1133 4367 1218 4432 enim
1245 4368 1396 4438 Πέλοπο(
