3184 5100
313 373 374 436 714
705 389 865 436 scannia
888 386 1060 434 CRITIGAE.

312 547 436 624 γενεῑ,
460 543 597 606 maxime
619 541 771 605 delectari
794 541 934 625 tragicos
956 543 1067 624 poetas
1084 545 1211 605 constat
1226 541 1312 604 inter
1328 560 1436 619 onmes,

314 652 579 736 adnotaruntque,
596 655 632 715 ut
647 651 902 735 praetermittam
917 651 1007 734 alios,
1024 651 1194 715 Elmsleius
1209 652 1243 714 in
1258 649 1439 734 Edinburgh

313 763 442 827 Review
457 786 486 826 a.
505 763 587 827 1810
601 761 744 826 XXXIII
759 784 791 844 p.
806 761 870 826 235
884 765 917 824 et
932 762 966 827 O.
980 761 1154 846 Reisigius,
1170 763 1359 845 praeceptor
1373 759 1439 824 olim

312 871 546 952 dilectissimus,
569 894 656 936 nunc
678 871 975 956 desideratissimus,
1000 871 1121 937 Oomm.
1146 872 1216 936 crit.
1235 871 1270 935 in
1285 869 1439 954 Sophoclis
1541 917 1542 924 τ

313 983 390 1050 Oed.
415 983 482 1049 001.
507 1006 536 1046 v.
561 983 622 1047 709
645 986 677 1046 et
698 981 833 1065 Ephem.
854 981 922 1046 len.
948 1005 975 1046 a.
1002 983 1084 1048 1824
1105 1005 1137 1065 p.
1160 982 1233 1047 239.
1265 980 1378 1045 Adicio
1397 979 1439 1044 εδ
1541 1013 1542 1018 1

311 1097 450 1174 κάματον
471 1095 612 1172 κάματον
629 1091 830 1175 Euripidium
848 1091 967 1157 Bacch.
991 1116 1020 1157 v.
1038 1093 1090 1175 66,
1114 1091 1342 1158 ἀποινοδίκουτ
1363 1091 1440 1156 δίκα(

311 1203 406 1268 Herc.
435 1205 499 1268 fur.
523 1204 585 1268 884
607 1202 667 1286 H.,
697 1209 831 1284 δυττυχῆ
859 1205 958 1284 τύχην
986 1203 1101 1268 Troad.
1124 1203 1198 1266 471.
1243 1203 1293 1265 Ac
1315 1223 1357 1265 ne
1378 1219 1441 1284 pro-

310 1336 364 1378 sae
386 1313 513 1399 quidem
536 1313 691 1377 orationis
718 1315 888 1397 scriptores
916 1313 1035 1377 abillo
1063 1334 1182 1398 genere
1208 1311 1359 1396 loquendi
1380 1329 1440 1374 sese
1541 1371 1542 1378 ,

310 1425 545 1507 abstinuerunt,
569 1424 656 1488 velut
677 1423 857 1488 Herodotus
880 1423 961 1487 dixit
975 1423 1018 1506 ΙΙ,
1035 1423 1076 1488 68
1099 1423 1237 1488 ὀδόντα(
1259 1422 1439 1503 χαυλιόδον·
1541 1451 1542 1492 1

310 1556 375 1601 τατ.
410 1533 472 1600 Sed
494 1533 638 1618 proxime
661 1535 785 1598 aceedit
806 1534 846 1598 ad
869 1534 996 1598 illorum
1017 1533 1185 1598 verborum
1207 1532 1441 1596 similitudinem

310 1645 440 1731 insigne
463 1645 642 1730 exemplum
665 1667 702 1708 ex
725 1643 909 1710 Phoenissis
931 1643 1093 1728 Euripidis
1115 1665 1145 1708 v.
1162 1643 1240 1708 815:
1265 1645 1441 1723 Καδμογενῆ
1541 1707 1542 1720 ἶ

310 1758 440 1833 γένναν,
464 1756 513 1819 cui
536 1755 617 1819 adde
633 1754 784 1839 Aeschyli
808 1755 905 1819 verba
927 1755 1015 1818 Pers'.
1040 1754 1096 1819 80:
1120 1754 1322 1834 χρυτογόνου
1338 1753 1443 1831 γενεᾱτ
1541 1831 1542 1838 ¹

311 1867 535 1948 cccccccccc.

397 2060 649 2143 Anapoesticum
677 2065 816 2144 systema
843 2060 905 2125 hac
932 2061 1098 2125 occasione
1126 2060 1321 2125 reconcinno
1343 2057 1443 2124 Luci-

313 2169 377 2233 ani
399 2170 434 2232 in
456 2169 839 2256 Trogodopodagra‚
870 2171 1010 2235 carmine
1040 2169 1125 2234 houd
1154 2169 1267 2234 leviter
1290 2171 1443 2252 corrupto,

313 2280 400 2343 cuius
423 2301 553 2344 norsum
584 2282 642 2346 137
671 2282 774 2366 magis
803 2281 900 2345 etiarn
928 2281 1069 2365 corrupit
1097 2281 1246 2345 Osannns
1268 2280 1444 2344 Analecton
1541 2275 1542 2280 ’

312 2390 382 2454 crit.
407 2413 438 2473 p.
463 2390 514 2455 97.
560 2389 684 2456 Scribe:
720 2389 1317 2473 ταῑεδέἰαριναῑεινένὥραις.
1362 2389 1445 2453 Illius

311 2500 410 2585 igitur
427 2501 577 2565 carminis
595 2523 703 2565 versus
718 2502 882 2567 328-331
902 2500 1116 2584 disponendos
1137 2523 1204 2564 esse
1227 2499 1274 2564 sic
1297 2499 1445 2564 arbitror:

462 2672 560 2736 Ὅθεν
584 2672 737 2750 εὐθύμως,
761 2671 787 2734 ὠ
811 2673 990 2753 τύγκδηροι,

556 2781 683 2859 λήτετθε
705 2782 828 2856 πόνων,

464 2891 490 2956 εἰ
511 2892 550 2955 τὰ
572 2893 742 2969 δοκηθέντ’
765 2892 823 2956 οὐκ
845 2891 1003 2970 ἐτελέεθη,

462 3003 530 3064 roi(
552 3003 585 3065 δ’
605 3001 772 3080 ἀδοκήτοις
798 3001 903 3081 πόρον
926 3000 999 3082 εὗρε
1022 3003 1103 3068 θεότ.

397 3167 551 3256 [Vtraque
574 3173 641 3233 tam
663 3169 696 3234 in
720 3173 870 3254 promptu
893 3170 1047 3234 correctio
1068 3171 1140 3254 suit,
1164 3169 1249 3235 utin
1264 3168 1447 3234 recentiori·

312 3280 369 3344 bus
391 3279 525 3344 Luciani
547 3279 739 3344 editionibus
762 3283 918 3364 appareat
939 3280 1110 3368 omnibus]

778 3490 979 3497 μ*-

397 3617 524 3705 [secuta
546 3619 599 3683 hic
621 3623 670 3685 ast
690 3643 709 3682 a
724 3642 756 3703 p.
776 3621 815 3686 15
837 3620 877 3684 ad
898 3621 942 3685 20
963 3619 1002 3684 de
1024 3627 1187 3686 alterius
1208 3641 1287 3684 voce
1309 3620 1449 3704 disputa·

309 3729 371 3812 tio,
405 3752 499 3814 quam
527 3730 627 3794 satius
656 3730 757 3794 visum
781 3735 829 3794 est
851 3729 1004 3794 volumini
1026 3730 1059 3794 II
1081 3729 1192 3795 horum
1216 3729 1450 3813 Opnscnlormn

309 3839 494 3928 reservare]

779 4015 837 4023 —-
892 4015 979 4022 ---

258 4200 289 4248 21
393 4179 667 4243 Anacreontis
690 4180 833 4244 carmina
856 4202 928 4244 cum
944 4203 962 4243 a
978 4179 1116 4243 librariis
1133 4181 1165 4242 et
1179 4177 1452 4243 versificatoribus

309 4287 484 4372 depravata
506 4292 601 4373 atquc
624 4289 819 4374 interpolata
841 4291 907 4355 sint
924 4311 994 4356 cnm
1016 4289 1169 4371 maxime,
1193 4291 1262 4352 tum
1284 4290 1452 4354 invenitur

308 4397 466 4482 quoddam
493 4420 595 4485 genus
622 4421 769 4464 versuum
776 4451 785 4485 ,
820 4401 872 4484 qui
903 4403 1015 4484 suapte
1043 4403 1160 4465 natura
1188 4401 1264 4464 sunt
1291 4399 1452 4466 trochaici
