3270 5094
252 343 314 407 412
679 359 724 406 ua
748 359 947 408 seu'ruosrs

254 517 274 592 ξ
297 513 340 578 30
360 535 391 596 p.
416 514 436 577 5
458 512 507 576 ed.
532 513 667 576 Duker:
697 513 896 591 ιυνεχρόνιεε
919 516 954 578 δὲ
977 512 1219 597 (Θουκυδίδηι),
1250 513 1294 577 coc
1317 533 1393 594 φηει

254 623 463 704 Πραξιφάνης
485 623 521 687 ἐν
543 629 590 708 τῷ
612 624 685 702 περι
707 623 858 703 lcropiuc,
881 623 1033 688 Πλάτωνι
1055 629 1100 706 τῷ
1124 629 1261 708 κωμικῷ,
1285 623 1392 700 Ἀγά-

254 739 350 798 θωνι
377 739 565 816 τραγικῷ,
597 733 761 818 Νικηράτῳ
791 734 938 816 ἐποποιῷ
967 734 1018 797 καὶ
1048 733 1185 816 Χοιρίλῳ
1214 734 1264 797 καὶ
1287 735 1392 798 Μελα-

254 842 400 927 νιππίδῃ·
428 843 478 907 και
506 843 575 906 ἐπεὶ
597 843 653 920 μὲν
677 843 730 920 ἔζη
754 843 939 921 Ἀρχέλαοι,
969 842 1086 908 ἄδοξοι
1108 842 1147 920 ἦν
1175 863 1203 905 e.
1227 864 1257 926 q.
1283 863 1308 906 s.
1353 841 1392 906 ln

254 951 366 1034 quibus
399 951 551 1015 Archelai
588 950 844 1014 commemoratio
881 951 1071 1016 mirabiliter
1108 951 1202 1014 elusit
1237 950 1392 1016 Dodwelli

253 1064 494 1145 praeposterum
527 1081 662 1124 acumen
694 1062 879 1143 Apparatus
913 1060 953 1124 ad
980 1060 1102 1125 Annal.
1131 1059 1274 1145 Thucyd.
1309 1060 1393 1139 §26

253 1192 285 1254 p.
312 1171 350 1234 17
373 1191 444 1254 sqq,
465 1170 567 1234 Duk.:
600 1192 695 1253 quam
717 1169 844 1253 quidem
872 1171 1106 1253 ineptissimam
1134 1191 1202 1234 esse
1229 1170 1393 1254 praeclaro

254 1279 334 1342 vidit
370 1280 570 1344 acutissimus
604 1301 715 1345 censor
741 1278 935 1364 Thucydidis
962 1279 1164 1364 Popponiani
1192 1280 1228 1343 in
1255 1279 1390 1363 Ephem.

255 1388 403 1473 Gotting.
428 1411 456 1452 a.
481 1387 768 1456 ululooubxxll
789 1411 821 1473 p.
837 1389 929 1454 1046.
969 1388 1066 1454 Ouios
1088 1389 1212 1453 monitu
1236 1411 1307 1454 cum
1329 1390 1391 1472 pri-

255 1497 327 1561 dem
354 1497 506 1562 Archelai
534 1519 651 1562 nomen
684 1499 775 1566 unus
803 1499 985 1564 inclusisset
1012 1498 1091 1562 Lud.
1120 1498 1319 1580 Dindorfius,
1357 1497 1400 1578 ιιι,

255 1607 389 1671 eandem
417 1608 632 1672 coniecturam
659 1607 763 1672 denuo
790 1607 905 1671 incidit
932 1607 1105 1672 Grauertus
1132 1630 1164 1691 p.
1189 1609 1251 1672 190
1279 1609 1392 1673 Obser-

254 1717 418 1780 vationum
447 1717 516 1782 crit.
540 1718 575 1782 in
597 1717 777 1781 Marcellini
804 1717 905 1781 vitam
927 1717 1044 1800 Thus,
1073 1739 1154 1802 quae
1180 1719 1331 1802 leguntur
1358 1716 1392 1779 in

255 1825 357 1892 Musei
385 1825 536 1891 Rhenum
564 1824 799 1914 [Niebuhriani]
833 1826 896 1892 vol.
919 1827 945 1891 Ι.
990 1825 1210 1911 Praxiphanes
1238 1847 1312 1890 vero
1338 1826 1392 1889 ille

255 1957 332 2001 num
353 1935 437 2000 idem
453 1936 495 2000 sit
515 1957 553 2000 ac
563 1935 777 2021 Theophrasti
791 1936 974 2022 discipulus,
998 1936 1151 2020 Rhodius,
1175 1957 1268 2022 quem
1289 1936 1392 2020 ipsum

257 2124 458 2135 ω*-

256 2255 309 2305 que
327 2238 395 2292 illud
413 2240 525 2307 quidem
543 2241 624 2295 facile
642 2242 714 2307 iero,
738 2241 812 2309 quod
830 2258 886 2296 nou
904 2242 999 2296 defore
1017 2241 1169 2311 praevideo
1192 2239 1239 2308 qui
1256 2239 1393 2308 quaestio-

255 2349 321 2394 num
339 2331 597 2402 chronologicarum
613 2333 755 2404 pusillam,
778 2337 809 2387 ut
826 2334 918 2400 aiunt,
940 2333 1094 2388 exilitatem
1110 2333 1291 2403 putidumque
1310 2349 1393 2399 quan-

255 2424 320 2478 dam
346 2425 523 2480 sedulitatem
546 2426 627 2480 valde
649 2427 795 2480 fastidiant
821 2428 850 2481 et
872 2427 1081 2480 stomachentur
1106 2425 1318 2480 incredibiliter:
1347 2423 1394 2491 qui

255 2516 366 2582 quidem
388 2535 440 2572 nec
458 2536 529 2585 quae
551 2519 588 2572 sit
605 2519 677 2572 ratio
701 2523 730 2573 et
748 2518 795 2585 qui
817 2518 879 2571 finis
901 2518 1070 2586 philologiae
1092 2517 1240 2572 historicae
1261 2533 1393 2587 pernosse

254 2609 395 2677 videntur,
417 2627 469 2665 uec
487 2611 555 2664 illud
573 2613 717 2680 reputare,
740 2628 796 2665 non
815 2627 897 2680 posse
915 2611 949 2664 de
971 2629 1002 2665 re
1021 2627 1162 2678 quaquam
1179 2610 1336 2680 generatim
1353 2611 1394 2664 at

208 2708 237 2758 lv
255 2719 308 2770 que
325 2703 452 2758 universa
474 2703 601 2769 iudicari,
625 2703 678 2757 nisi
697 2703 807 2772 singule
825 2719 963 2770 quaeque,
986 2706 1090 2769 quanto
1108 2703 1168 2758 fieri
1185 2703 1320 2758 acerrimo
1338 2704 1393 2756 stu-

256 2795 301 2850 dio
323 2797 414 2865 possit
436 2797 593 2864 explorata,
615 2797 645 2848 in
665 2798 797 2865 promptu
820 2795 939 2850 habeas:
970 2811 1023 2862 quo
1046 2795 1075 2848 in
1093 2813 1195 2864 genere
1215 2795 1254 2850 vis
1277 2794 1394 2864 insignis

256 2887 378 2942 cernitur
394 2887 423 2942 in
441 2888 537 2942 subtili
554 2890 713 2957 temporum
730 2887 958 2956 investigatione,
981 2905 1052 2956 quae
1073 2889 1105 2941 ut
1122 2889 1170 2942 lux
1186 2887 1319 2942 historiae
1337 2904 1394 2941 me·

255 2979 310 3033 rito
328 2981 472 3050 appellata
490 2983 545 3046 est,
568 2979 608 3033 ita
629 2980 768 3035 immerito
787 2999 804 3035 a
823 2981 989 3048 quibusdam
1006 2980 1088 3034 hodie
1108 2980 1301 3035 contemnitur.
1339 2979 1393 3033 Sed

256 3088 311 3126 uon
334 3071 392 3126 sine
410 3073 539 3126 molestia
556 3073 677 3139 quadam
694 3089 758 3127 mea
780 3073 932 3142 sepositum
947 3075 998 3156 ‚est
1019 3071 1128 3125 initium
1147 3072 1316 3142 scriptionis:
1339 3087 1393 3138 quo

256 3165 426 3218 factumest
448 3168 480 3218 ut
500 3167 693 3220 resecarentur
715 3165 869 3220 floridiores
893 3166 1099 3220 commentandi
1121 3165 1186 3230 loci,
1209 3164 1309 3231 quibus
1332 3181 1394 3217 cum

256 3257 374 3310 aliorum
392 3273 478 3326 opera
495 3257 701 3323 aestimaretur,
724 3261 784 3312 turn
801 3258 890 3312 nostri
911 3258 1032 3312 instituti
1050 3260 1079 3312 et
1095 3257 1167 3312 ratio
1185 3255 1348 3311 redderetur
1365 3257 1395 3308 et

257 3349 406 3404 salubritas
429 3351 682 3417 commendaretur,
712 3353 771 3404 tum
794 3351 851 3406 alia
872 3351 1010 3418 quaedam
1039 3351 1073 3404 de
1095 3349 1204 3418 tragica
1226 3349 1394 3403 Graecorum

256 3441 335 3511 poesi
353 3442 562 3509 disserereutur,
580 3459 652 3510 quae
669 3444 727 3498 fere
744 3444 855 3513 placere
873 3444 965 3498 solent
982 3443 1021 3497 eis
1040 3441 1087 3510 qui
1105 3442 1142 3496 ad
1158 3441 1304 3496 interiores
1322 3440 1394 3494 litte-

257 3551 302 3589 ras
320 3553 375 3590 nou
393 3538 578 3590 accesserunt.
612 3537 710 3602 Itaque
729 3535 905 3603 quantumvis
923 3536 960 3590 ab
983 3552 1079 3590 eorum
1098 3551 1150 3603 ego
1174 3533 1341 3588 abhorream
1356 3531 1392 3585 ie·

256 3626 375 3682 inuitato
393 3628 448 3695 qui,
467 3629 547 3695 quasi
565 3645 676 3683 carmen
695 3628 817 3684 condant
835 3628 877 3683 vel
896 3629 1019 3682 fabulam
1038 3629 1133 3697 agant,
1151 3626 1180 3680 iu
1197 3625 1318 3680 mediam
1335 3641 1394 3678 rem

257 3720 354 3774 statim
376 3719 555 3790 abripiendos
578 3722 697 3776 lectores
720 3739 781 3776 esse
800 3720 853 3776 sibi
870 3721 1052 3791 persuadent,
1075 3721 1171 3774 tamen
1192 3736 1265 3772 nuno
1283 3717 1394 3785 quidem

256 3815 423 3869 necessitate
446 3817 564 3884 urgente
586 3814 665 3868 istius
683 3814 759 3868 modi
781 3813 958 3869 sterilitatem
985 3813 1070 3868 etiam
1092 3811 1233 3881 superari,
1256 3813 1340 3878 atque
1365 3807 1394 3861 in

256 3907 408 3976 fragmenti
431 3907 551 3977 speciem
575 3925 687 3962 exorsus
710 3925 771 3962 sum
794 3907 956 3961 orationem.
993 3905 1048 3960 Sed
1065 3907 1134 3960 haec
1151 3904 1298 3958 hactenus:
1319 3919 1395 3956 nam·

258 4017 311 4067 quo
334 4000 436 4054 diutius
463 4000 557 4054 inhia
580 4000 766 4067 conquerendi
794 3998 997 4066 excusandique
1020 3998 1154 4052 molestiis
1176 3995 1282 4050 versari
1305 3999 1396 4064 ecquid

257 4099 306 4145 erit
324 4099 454 4160 praenar’
491 4091 631 4161 [Ceterum
655 4109 725 4159 quue
749 4109 863 4145 caussae
887 4092 1002 4154 fuerint,
1027 4107 1074 4144 eur
1091 4090 1161 4143 haec
1185 4086 1394 4142 commentatio-

257 4201 307 4238 nes
329 4185 534 4250 hgathonicae,
563 4201 695 4253 magnam
723 4201 772 4239 eae
794 4185 904 4252 partem
932 4183 987 4237 iam
1010 4181 1085 4252 typis
1108 4181 1277 4248 exscriptae,
1306 4181 1395 4233 lucem

257 4293 407 4343 mnnquam
429 4277 569 4344 viderent,
599 4281 665 4347 post
692 4277 818 4346 elapsum
847 4275 974 4330 XXXVII
1003 4291 1139 4330 annorum
1169 4273 1290 4343 spatium
1312 4270 1395 4326 hodie

258 4383 388 4424 enarrare
406 4369 474 4424 nihil
491 4369 612 4442 attinet]
