3226 5096
508 332 553 376 ινιτ
578 332 668 377 uisu.
693 331 794 378 attax.
819 333 862 377 sa
885 333 1100 380 risissuaro.
1324 319 1383 380 125

240 488 323 544 millu
352 489 535 560 aoaapialu,
567 490 657 546 sicuti
682 488 778 560 refert
851 485 934 548 ἀλλὰ
949 487 998 548 καὶ
1013 491 1079 550 τῶν
1096 485 1206 550 ἄλλων
1228 485 1381 550 ἁπάντων

242 596 441 655 Callimachus
499 598 615 656 aulicus
673 601 774 672 repius
850 594 955 658 ἐθνῶν
978 593 1067 672 ἦταν.
1094 594 1172 673 ἦτον
1194 597 1230 659 δὲ
1245 597 1295 660 καὶ
1316 603 1383 661 τῶν

239 706 498 779 bibliothecarius,
530 709 583 780 qui
602 711 691 766 etiam
714 711 772 768 siu-
799 719 831 764 35
848 705 1000 783 Ἐβραίων
1024 705 1140 770 αὐτῶν.
1177 707 1233 769 τὰ(
1261 709 1299 783 δὴ
1324 705 1383 769 οὖν

239 817 317 887 pulis
354 817 551 880 uoluminibus
586 819 686 876 titulos
730 821 773 876 ia·
850 817 916 876 τῶν
960 813 1068 877 ἄλλων
1120 814 1224 878 ἐθνῶν
1270 819 1384 895 εοφοῑ(

240 927 369 1000 scripsit.
405 927 477 986 Fuit
507 934 686 1000 praeterea,
722 931 776 1002 aui
850 923 981 1000 ἀνθρὰτι
1002 924 1059 1000 τήν
1082 943 1116 987 τε
1132 923 1383 1004 οἰκείανφωνὴν

242 1035 317 1092 idem
351 1043 519 1112 asseverat,
558 1037 773 1097 Eratosthenes
849 1033 906 1109 τήν
936 1053 969 1096 τε
998 1037 1063 1096 τῶν
1090 1033 1251 1109 Ἑλλήνων
1279 1036 1384 1098 καλῶς

241 1161 298 1202 riou
335 1147 379 1202 ita
415 1148 507 1204 mrtlto
539 1153 608 1220 post
641 1148 771 1206 eiusdem
850 1139 945 1205 εἰδότι
959 1143 1016 1206 τὰ(
1037 1143 1069 1207 ἐξ
1091 1142 1223 1208 ἑκάττου
1244 1143 1385 1208 ἑκὰετοιτ

241 1261 340 1313 eustos
351 1255 555 1314 bibliothecae.
578 1257 663 1314 Haee
674 1266 772 1315 autem
791 1277 826 1323 to
850 1251 1022 1329 ἑγχειρὶεατ
1057 1253 1160 1316 oham(
1194 1253 1418 1333 ἑρμηνευθῆ-ει

236 1363 366 1435 fueruat
402 1367 532 1424 omnium
566 1368 698 1440 peritiam
738 1383 775 1424 ae
851 1382 903 1424 ναι
930 1361 1028 1424 αὐτὰ(
1055 1365 1228 1441 πεποίηκεν
1256 1363 1299 1427 εἰ(
1327 1367 1384 1442 τὴν

240 1475 411 1546 ἱθιριιανανι
439 1491 518 1548 quae
544 1476 656 1533 hahere
675 1477 776 1548 potuit
850 1470 985 1534 Ἑλλάδα
1006 1473 1131 1550 φωνήν.
1156 1475 1211 1536 τὰ(
1234 1476 1269 1536 δὲ
1284 1493 1384 1552 τκηνι·

241 1583 330 1641 docta
358 1585 523 1657 uolumina,
556 1601 635 1658 quae
662 1601 775 1642 sumraa
852 1580 908 1643 κὰτ
932 1580 1138 1659 Ἀλέξανδρός
1154 1603 1197 1656 τε,
1221 1583 1266 1645 ὼε
1282 1582 1384 1662 ἔφθην

241 1693 400 1765 dilipeatia
437 1709 494 1750 rea
530 1695 581 1751 ille
623 1697 653 1752 iu
690 1709 775 1752 suam
852 1687 969 1767 εἰπὼν,
1001 1692 1050 1753 καὶ
1083 1691 1263 1770 Λυκόφρων
1292 1697 1384 1771 διωρ-

239 1803 375 1876 liapuam
393 1801 471 1873 feeit
492 1805 530 1861 ah
547 1805 664 1877 optimis
687 1805 777 1862 later·
800 1814 833 1860 4ο
852 1799 1013 1862 θώταντο·
1051 1801 1107 1862 τὰ(
1152 1803 1186 1863 δὲ
1223 1803 1386 1879 ποιητικὰ(

237 1913 375 1986 prelihus
424 1916 568 1971 roauerti.
640 1913 775 1972 Ceterum
853 1907 1038 1986 Ζηνόδοτοε
1060 1913 1208 1988 πρῶτον,
1228 1911 1279 1974 καὶ
1300 1911 1384 1974 hess-

207 2038 210 2044 ’
241 2023 419 2080 Pisistratus
482 2039 619 2094 sparsam
691 2027 777 2096 prius
853 2039 911 2097 ρον
935 2018 1134 2097 Ἀρίεταρχοε
1151 2023 1384 2100 διωρθώεαντο.

241 2132 367 2190 Homeri
406 2135 518 2207 poesim
562 2142 633 2191 uate
676 2133 775 2191 Ptole-
854 2127 959 2191 Καίτοι
987 2128 1042 2191 τὰ(
1065 2128 1231 2214 Ὁμηρικὰς
1254 2131 1385 2210 ἑβδομή-

239 2257 357 2299 maeum
406 2241 634 2316 Philadelphum
690 2244 778 2300 uanis
852 2217 955 2300 κοντα
993 2237 1052 2300 δύο
1095 2241 1298 2317 γραμματικοὶ
1336 2241 1387 2303 ἐπὶ

241 2353 377 2410 ducentis
404 2361 432 2410 et
466 2369 500 2410 eo
527 2355 615 2410 etiam
649 2353 778 2426 amplius
801 2359 834 2406 κο
851 2347 1074 2425 Πειτκτρὰτου
1117 2351 1174 2411 τοῦ
1212 2349 1385 2427 Ἀθηναίων

240 2462 358 2520 sollerti
377 2479 455 2520 rura
481 2464 511 2520 iu
534 2478 570 2520 ea
596 2477 673 2536 quae
696 2479 776 2520 uuae
852 2457 1013 2535 τυράννου
1062 2457 1208 2534 διέθηκαν
1260 2458 1386 2536 οὑτωτί,

240 2576 349 2630 extant
370 2571 488 2646 redepit
510 2573 675 2646 aolitmiau,
708 2589 777 2631 usus
853 2567 1015 2646 (ποράθην
1031 2567 1128 2631 οὔταε
1149 2568 1187 2631 τὸ
1206 2567 1290 2646 πρίν.
1315 2568 1385 2632 ἐπε-

242 2683 286 2738 atl
305 2682 362 2740 hoe
378 2697 453 2754 opus
467 2682 600 2741 divinum
624 2683 776 2766 industria
853 2677 1000 2755 κρίθηεαν
1029 2678 1064 2740 δὲ
1093 2677 1159 2740 κατ’
1188 2676 1287 2741 αὐτὸν
1309 2677 1386 2740 ἐκεῖ-

242 2798 386 2864 quattuor
395 2791 656 2851 celeberrimorum
668 2799 697 2852 et
708 2808 774 2850 eru·
853 2807 913 2850 νον
936 2787 993 2851 τὸν
1020 2787 1131 2865 καιρὸν
1155 2785 1207 2850 ὑπ’
1232 2787 1386 2866 Ἀριττὰρ-

243 2903 454 2960 ditissimorum
466 2901 626 2974 hominum,
640 2903 778 2960 uidelicet
800 2915 834 2962 sa
852 2917 914 2974 χου
950 2899 1001 2961 καὶ
1036 2897 1239 2976 Ζηνοθότον,
1276 2896 1386 2962 ἄλλων

244 3009 382 3084 Coaeyli,
410 3009 597 3070 anmueriti
619 3013 777 3070 athenius·
855 3005 963 3070 ὄντων
979 3007 1104 3072 τούτων
1120 3011 1186 3070 τῶν
1202 3008 1253 3071 ἐπὶ
1265 3009 1387 3072 Πτολε·
1416 2994 1418 2999 ⁴

241 3122 297 3192 sis,
348 3120 465 3196 Zopyri
506 3121 706 3182 Heracleotae
751 3130 780 3179 et
854 3117 947 3194 μαίου
989 3117 1243 3195 διορθωτὰντων.
1288 3117 1318 3182 οἱ
1353 3119 1389 3182 δὲ

244 3227 358 3303 Orphei
371 3231 574 3291 Crotoniatae.
614 3231 691 3290 Nam
709 3247 778 3290 ear·
853 3227 992 3305 τέτταρά
1025 3247 1081 3290 τιτι
1113 3229 1170 3305 τὴν
1203 3228 1254 3292 ἐπὶ
1285 3229 1388 3292 Πειτι-

236 3341 315 3414 ptim
336 3343 424 3414 prius
439 3341 586 3400 Homerus
608 3349 636 3399 el
658 3345 780 3400 aoauisi
854 3336 988 3414 (τράτου
1011 3337 1177 3416 διόρθωειν
1204 3337 1387 3416 ἀναφέρου-

243 3447 425 3520 difficillime
466 3453 630 3524 tepehotur.
703 3451 777 3521 Ouia
803 3461 836 3507 60
854 3465 916 3521 tw,
941 3446 1053 3525 Ὀρφεῖ
1076 3448 1294 3532 Κροτωνιάτῃ,
1317 3447 1388 3510 Ζω-

242 3561 330 3648 etiam
357 3568 426 3634 post
447 3561 598 3620 Pisistrati
620 3579 725 3620 curam
752 3569 781 3619 et
856 3558 949 3640 πύρῳ
989 3557 1208 3641 Ἡρακλεώτῃ,
1252 3557 1388 3635 Ὀνομα-

243 3669 409 3730 Ptolemaei
434 3673 620 3744 dilipeatiam
645 3674 779 3731 Aristar·
856 3667 950 3750 κρίτψ
980 3668 1133 3752 Ἀθηναίῳ
1164 3668 1213 3731 καὶ
1246 3686 1304 3741 καγ
1337 3667 1389 3730 ἐπὶ

243 3780 318 3838 citus
333 3781 434 3840 adhuc
451 3784 589 3841 exactius
609 3784 640 3840 ia
656 3783 781 3840 Homeri
855 3777 1001 3850 κογκύλω
1045 3777 1176 3856 ὕετερον
1208 3781 1244 3842 δὲ
1273 3777 1388 3841 ταῦτα(

244 3891 429 3948 elimandam
463 3893 667 3951 collectionem
704 3894 776 3965 alpi·
855 3885 979 3951 ἀπάτα(
1001 3888 1144 3966 (κηνικάτ
1166 3909 1199 3951 τε
1227 3889 1277 3952 καὶ
1299 3909 1388 3965 ποιη-

243 4001 329 4057 lauit.
376 4001 557 4061 Heliodorus
579 3978 673 4060 multa
690 4004 781 4062 aliter
804 4013 836 4059 65
854 3997 940 4060 τικὰτ
994 3999 1142 4061 πλεῑετον
1198 3998 1388 4077 ἐξηγήταντο

198 4107 205 4130 ι
244 4161 287 4211 st.
306 4169 434 4210 assereret
452 4157 511 4210 cod.
594 4164 635 4212 40.
654 4163 699 4212 hee
717 4157 777 4212 cod.
855 4162 895 4211 34.
908 4157 1009 4210 ἐθνῶν·
1023 4158 1093 4224 ῆεαν
1106 4158 1136 4210 δὲ
1148 4155 1191 4210 Cr.
1236 4161 1390 4226 37.ᾶνδρα-

245 4255 289 4304 56.
306 4250 434 4307 athenieh.
453 4249 513 4304 eod.
577 4256 618 4304 60.
637 4253 697 4312 Oum
716 4251 775 4306 cod.
854 4266 894 4304 ειν
908 4247 950 4304 Cr.
1012 4257 1053 4307 39.
1065 4251 1093 4305 ἐξ
1111 4251 1228 4305 ἑκάετου
1239 4252 1389 4320 ἐγχειρίτα(

855 4343 897 4398 Cr.
968 4351 1008 4404 θθ.
1027 4362 1078 4399 τιτι
1096 4349 1156 4400 τῶν
1173 4347 1219 4400 ἐπὶ
1238 4347 1280 4402 Cr,
