<?xml version="1.0" encoding="UTF-8"?>
<!DOCTYPE html PUBLIC "-//W3C//DTD XHTML 1.0 Transitional//EN"
    "http://www.w3.org/TR/xhtml1/DTD/xhtml1-transitional.dtd">
<html xmlns="http://www.w3.org/1999/xhtml" xml:lang="en" lang="en">
 <head>
  <title>
</title>
<meta http-equiv="Content-Type" content="text/html;charset=utf-8" />
  <meta name='ocr-system' content='tesseract 3.04.00' />
  <meta name='ocr-capabilities' content='ocr_page ocr_carea ocr_par ocr_line ocrx_word'/>
</head>
<body>
  <div class='ocr_page' id='page_1' title='image "./fridericiritsch11wachgoog_0741.png"; bbox 0 0 3184 5100; ppageno 0'>
   <div class='ocr_carea' id='block_1_1' title="bbox 305 324 1054 396">
    <p class='ocr_par' dir='ltr' id='par_1_1' title="bbox 305 324 1054 396">
     <span class='ocr_line' id='line_1_1' title="bbox 305 324 1054 396; baseline 0.003 -10"><span class='ocrx_word' id='word_1_1' title='bbox 305 324 366 387; x_wconf 81' lang='grc'>718</span> <span class='ocrx_word' id='word_1_2' title='bbox 633 392 636 396; x_wconf 68' lang='grc'><strong>,</strong></span> <span class='ocrx_word' id='word_1_3' title='bbox 698 338 860 388; x_wconf 80' lang='lat' dir='ltr'>sonuum</span> <span class='ocrx_word' id='word_1_4' title='bbox 883 339 1054 388; x_wconf 78' lang='lat' dir='ltr'>carmena.</span> 
     </span>
    </p>
   </div>
   <div class='ocr_carea' id='block_1_2' title="bbox 304 491 1448 1788">
    <p class='ocr_par' dir='ltr' id='par_1_2' title="bbox 304 491 1448 1788">
     <span class='ocr_line' id='line_1_2' title="bbox 304 491 1448 576; baseline 0 -22"><span class='ocrx_word' id='word_1_5' title='bbox 304 494 422 555; x_wconf 88' lang='lat' dir='ltr'>mater:</span> <span class='ocrx_word' id='word_1_6' title='bbox 450 491 520 574; x_wconf 89' lang='lat' dir='ltr'>quis</span> <span class='ocrx_word' id='word_1_7' title='bbox 541 491 673 556; x_wconf 86' lang='lat' dir='ltr'>tandem</span> <span class='ocrx_word' id='word_1_8' title='bbox 696 495 796 575; x_wconf 86' lang='lat' dir='ltr'>negat</span> <span class='ocrx_word' id='word_1_9' title='bbox 818 491 978 556; x_wconf 87' lang='lat' dir='ltr'>diversum</span> <span class='ocrx_word' id='word_1_10' title='bbox 999 514 1067 556; x_wconf 89' lang='lat' dir='ltr'>esse</span> <span class='ocrx_word' id='word_1_11' title='bbox 1089 497 1193 556; x_wconf 88' lang='lat' dir='ltr'>terrae</span> <span class='ocrx_word' id='word_1_12' title='bbox 1216 495 1312 576; x_wconf 86' lang='lat' dir='ltr'>atque</span> <span class='ocrx_word' id='word_1_13' title='bbox 1334 492 1448 556; x_wconf 89' lang='lat' dir='ltr'>mulie-</span> 
     </span>
     <span class='ocr_line' id='line_1_3' title="bbox 305 601 1447 688; baseline -0.001 -23"><span class='ocrx_word' id='word_1_14' title='bbox 305 601 349 665; x_wconf 88' lang='lat' dir='ltr'>ris</span> <span class='ocrx_word' id='word_1_15' title='bbox 378 601 566 665; x_wconf 83' lang='lat' dir='ltr'>interitum?</span> <span class='ocrx_word' id='word_1_16' title='bbox 609 601 696 676; x_wconf 85' lang='lat' dir='ltr'>Quae</span> <span class='ocrx_word' id='word_1_17' title='bbox 724 603 751 664; x_wconf 90' lang='lat' dir='ltr'>si</span> <span class='ocrx_word' id='word_1_18' title='bbox 780 603 831 665; x_wconf 88' lang='lat' dir='ltr'>cui</span> <span class='ocrx_word' id='word_1_19' title='bbox 859 603 1051 668; x_wconf 89' lang='lat' dir='ltr'>videbuntur</span> <span class='ocrx_word' id='word_1_20' title='bbox 1079 603 1223 688; x_wconf 83' lang='lat' dir='ltr'>argutius</span> <span class='ocrx_word' id='word_1_21' title='bbox 1250 624 1318 668; x_wconf 89' lang='lat' dir='ltr'>esse</span> <span class='ocrx_word' id='word_1_22' title='bbox 1340 603 1447 686; x_wconf 89' lang='lat' dir='ltr'>dispu-</span> 
     </span>
     <span class='ocr_line' id='line_1_4' title="bbox 304 711 1446 798; baseline 0.001 -23"><span class='ocrx_word' id='word_1_23' title='bbox 304 715 375 775; x_wconf 86' lang='lat' dir='ltr'>tata</span> <span class='ocrx_word' id='word_1_24' title='bbox 406 734 501 795; x_wconf 90' lang='lat' dir='ltr'>quam</span> <span class='ocrx_word' id='word_1_25' title='bbox 535 711 653 794; x_wconf 86' lang='lat' dir='ltr'>verius,</span> <span class='ocrx_word' id='word_1_26' title='bbox 690 711 777 774; x_wconf 90' lang='lat' dir='ltr'>aliud</span> <span class='ocrx_word' id='word_1_27' title='bbox 813 713 970 795; x_wconf 85' lang='lat' dir='ltr'>quoddam</span> <span class='ocrx_word' id='word_1_28' title='bbox 1003 717 1226 797; x_wconf 77' lang='lat' dir='ltr'><strong>argumentum</strong></span> <span class='ocrx_word' id='word_1_29' title='bbox 1261 734 1446 798; x_wconf 75' lang='lat' dir='ltr'>expromam</span> 
     </span>
     <span class='ocr_line' id='line_1_5' title="bbox 305 807 1446 907; baseline -0.001 -21"><span class='ocrx_word' id='word_1_30' title='bbox 305 820 454 905; x_wconf 84' lang='lat' dir='ltr'>posthac,</span> <span class='ocrx_word' id='word_1_31' title='bbox 485 844 523 885; x_wconf 88' lang='lat' dir='ltr'>ex</span> <span class='ocrx_word' id='word_1_32' title='bbox 550 822 619 905; x_wconf 91' lang='lat' dir='ltr'>ipso</span> <span class='ocrx_word' id='word_1_33' title='bbox 647 821 747 885; x_wconf 88' lang='lat' dir='ltr'>animi</span> <span class='ocrx_word' id='word_1_34' title='bbox 776 842 870 886; x_wconf 89' lang='lat' dir='ltr'>sensu</span> <span class='ocrx_word' id='word_1_35' title='bbox 896 821 1084 888; x_wconf 79' lang='lat' dir='ltr'>Tecmessae</span> <span class='ocrx_word' id='word_1_36' title='bbox 1111 824 1264 907; x_wconf 83' lang='lat' dir='ltr'>petitum,</span> <span class='ocrx_word' id='word_1_37' title='bbox 1293 823 1376 907; x_wconf 90' lang='lat' dir='ltr'>quod</span> <span class='ocrx_word' id='word_1_38' title='bbox 1406 807 1446 886; x_wconf 86' lang='lat' dir='ltr'>ad</span> 
     </span>
     <span class='ocr_line' id='line_1_6' title="bbox 304 931 1445 1015; baseline 0 -19"><span class='ocrx_word' id='word_1_39' title='bbox 304 932 543 1015; x_wconf 82' lang='lat' dir='ltr'>persuasionem</span> <span class='ocrx_word' id='word_1_40' title='bbox 566 931 748 1015; x_wconf 85' lang='lat' dir='ltr'>appositum</span> <span class='ocrx_word' id='word_1_41' title='bbox 775 934 823 995; x_wconf 89' lang='lat' dir='ltr'>est</span> <span class='ocrx_word' id='word_1_42' title='bbox 845 932 1011 1015; x_wconf 74' lang='lat' dir='ltr'>imprimis,</span> <span class='ocrx_word' id='word_1_43' title='bbox 1056 933 1190 998; x_wconf 80' lang='lat' dir='ltr'>Prorsus</span> <span class='ocrx_word' id='word_1_44' title='bbox 1213 937 1321 998; x_wconf 86' lang='lat' dir='ltr'>autem</span> <span class='ocrx_word' id='word_1_45' title='bbox 1344 934 1445 997; x_wconf 88' lang='lat' dir='ltr'>inere·</span> 
     </span>
     <span class='ocr_line' id='line_1_7' title="bbox 305 1041 1444 1127; baseline -0.001 -21"><span class='ocrx_word' id='word_1_46' title='bbox 305 1042 402 1106; x_wconf 87' lang='lat' dir='ltr'>dibile</span> <span class='ocrx_word' id='word_1_47' title='bbox 430 1045 479 1107; x_wconf 89' lang='lat' dir='ltr'>est</span> <span class='ocrx_word' id='word_1_48' title='bbox 504 1043 564 1106; x_wconf 91' lang='lat' dir='ltr'>tris</span> <span class='ocrx_word' id='word_1_49' title='bbox 593 1041 671 1106; x_wconf 89' lang='lat' dir='ltr'>adeo</span> <span class='ocrx_word' id='word_1_50' title='bbox 699 1042 938 1105; x_wconf 86' lang='lat' dir='ltr'>commemorari</span> <span class='ocrx_word' id='word_1_51' title='bbox 967 1044 1095 1126; x_wconf 81' lang='grc' dir='ltr'>μοῑραε,</span> <span class='ocrx_word' id='word_1_52' title='bbox 1130 1045 1165 1108; x_wconf 89' lang='lat' dir='ltr'>in</span> <span class='ocrx_word' id='word_1_53' title='bbox 1193 1066 1255 1127; x_wconf 91' lang='lat' dir='ltr'>qua</span> <span class='ocrx_word' id='word_1_54' title='bbox 1284 1044 1444 1108; x_wconf 83' lang='lat' dir='ltr'>sententia</span> 
     </span>
     <span class='ocr_line' id='line_1_8' title="bbox 305 1151 1443 1236; baseline 0 -20"><span class='ocrx_word' id='word_1_55' title='bbox 305 1152 476 1236; x_wconf 89' lang='lat' dir='ltr'>aliquando</span> <span class='ocrx_word' id='word_1_56' title='bbox 497 1152 560 1216; x_wconf 85' lang='lat' dir='ltr'>fuit</span> <span class='ocrx_word' id='word_1_57' title='bbox 582 1151 802 1234; x_wconf 80' lang='lat' dir='ltr'>Hermannus3</span> <span class='ocrx_word' id='word_1_58' title='bbox 825 1153 901 1236; x_wconf 92' lang='lat' dir='ltr'>quid</span> <span class='ocrx_word' id='word_1_59' title='bbox 923 1153 1009 1216; x_wconf 90' lang='lat' dir='ltr'>enim</span> <span class='ocrx_word' id='word_1_60' title='bbox 1031 1153 1162 1218; x_wconf 88' lang='lat' dir='ltr'>tandem</span> <span class='ocrx_word' id='word_1_61' title='bbox 1184 1175 1315 1218; x_wconf 83' lang='lat' dir='ltr'>caussae</span> <span class='ocrx_word' id='word_1_62' title='bbox 1336 1153 1443 1235; x_wconf 85' lang='lat' dir='ltr'>fuerit,</span> 
     </span>
     <span class='ocr_line' id='line_1_9' title="bbox 306 1261 1444 1348; baseline -0.001 -21"><span class='ocrx_word' id='word_1_63' title='bbox 306 1286 360 1327; x_wconf 89' lang='lat' dir='ltr'>cur</span> <span class='ocrx_word' id='word_1_64' title='bbox 382 1265 445 1328; x_wconf 89' lang='lat' dir='ltr'>tria</span> <span class='ocrx_word' id='word_1_65' title='bbox 467 1285 567 1348; x_wconf 90' lang='lat' dir='ltr'>eaque</span> <span class='ocrx_word' id='word_1_66' title='bbox 590 1261 714 1326; x_wconf 84' lang='lat' dir='ltr'>diversa</span> <span class='ocrx_word' id='word_1_67' title='bbox 736 1262 797 1325; x_wconf 82' lang='lat' dir='ltr'>lati</span> <span class='ocrx_word' id='word_1_68' title='bbox 820 1284 939 1346; x_wconf 87' lang='lat' dir='ltr'>genera</span> <span class='ocrx_word' id='word_1_69' title='bbox 954 1263 1085 1327; x_wconf 87' lang='lat' dir='ltr'>finxerit</span> <span class='ocrx_word' id='word_1_70' title='bbox 1106 1267 1211 1347; x_wconf 86' lang='lat' dir='ltr'>poeta,</span> <span class='ocrx_word' id='word_1_71' title='bbox 1235 1285 1317 1348; x_wconf 87' lang='lat' dir='ltr'>quae</span> <span class='ocrx_word' id='word_1_72' title='bbox 1339 1264 1444 1348; x_wconf 85' lang='lat' dir='ltr'>qualia</span> 
     </span>
     <span class='ocr_line' id='line_1_10' title="bbox 306 1371 1444 1458; baseline 0 -21"><span class='ocrx_word' id='word_1_73' title='bbox 306 1377 413 1438; x_wconf 81' lang='lat' dir='ltr'>essent</span> <span class='ocrx_word' id='word_1_74' title='bbox 439 1396 506 1439; x_wconf 90' lang='lat' dir='ltr'>non</span> <span class='ocrx_word' id='word_1_75' title='bbox 535 1371 731 1456; x_wconf 80' lang='lat' dir='ltr'>exponeret?</span> <span class='ocrx_word' id='word_1_76' title='bbox 757 1411 799 1420; x_wconf 88' lang='lat'><em>-</em></span> <span class='ocrx_word' id='word_1_77' title='bbox 826 1371 930 1437; x_wconf 90' lang='lat' dir='ltr'>Huius</span> <span class='ocrx_word' id='word_1_78' title='bbox 957 1374 1057 1458; x_wconf 84' lang='lat' dir='ltr'>igitur</span> <span class='ocrx_word' id='word_1_79' title='bbox 1084 1375 1253 1438; x_wconf 85' lang='lat' dir='ltr'>veritatem</span> <span class='ocrx_word' id='word_1_80' title='bbox 1275 1374 1444 1438; x_wconf 84' lang='lat' dir='ltr'>ratiocina-</span> 
     </span>
     <span class='ocr_line' id='line_1_11' title="bbox 304 1483 1444 1568; baseline -0.002 -20"><span class='ocrx_word' id='word_1_81' title='bbox 304 1484 402 1548; x_wconf 82' lang='lat' dir='ltr'>tionis</span> <span class='ocrx_word' id='word_1_82' title='bbox 426 1506 497 1548; x_wconf 93' lang='lat' dir='ltr'>cum</span> <span class='ocrx_word' id='word_1_83' title='bbox 518 1483 702 1568; x_wconf 82' lang='lat' dir='ltr'>Reisigio</span> <span class='ocrx_word' id='word_1_84' title='bbox 724 1483 801 1546; x_wconf 90' lang='lat' dir='ltr'>olim</span> <span class='ocrx_word' id='word_1_85' title='bbox 822 1483 1067 1567; x_wconf 85' lang='lat' dir='ltr'>persuasissem,</span> <span class='ocrx_word' id='word_1_86' title='bbox 1091 1484 1200 1548; x_wconf 87' lang='lat' dir='ltr'>statim</span> <span class='ocrx_word' id='word_1_87' title='bbox 1222 1484 1295 1568; x_wconf 90' lang='lat' dir='ltr'>ille,</span> <span class='ocrx_word' id='word_1_88' title='bbox 1319 1489 1355 1548; x_wconf 93' lang='lat' dir='ltr'>ut</span> <span class='ocrx_word' id='word_1_89' title='bbox 1376 1488 1444 1547; x_wconf 90' lang='lat' dir='ltr'>erat</span> 
     </span>
     <span class='ocr_line' id='line_1_12' title="bbox 305 1593 1443 1678; baseline 0.001 -21"><span class='ocrx_word' id='word_1_90' title='bbox 305 1593 586 1658; x_wconf 85' lang='lat' dir='ltr'>adinveniendum</span> <span class='ocrx_word' id='word_1_91' title='bbox 608 1593 875 1678; x_wconf 87' lang='lat' dir='ltr'>promptissimus,</span> <span class='ocrx_word' id='word_1_92' title='bbox 899 1593 1069 1677; x_wconf 90' lang='lat' dir='ltr'>reprobata</span> <span class='ocrx_word' id='word_1_93' title='bbox 1087 1616 1158 1658; x_wconf 89' lang='lat' dir='ltr'>mea</span> <span class='ocrx_word' id='word_1_94' title='bbox 1180 1594 1318 1678; x_wconf 83' lang='lat' dir='ltr'>quadam</span> <span class='ocrx_word' id='word_1_95' title='bbox 1340 1616 1443 1658; x_wconf 91' lang='lat' dir='ltr'>emen·</span> 
     </span>
     <span class='ocr_line' id='line_1_13' title="bbox 304 1703 1079 1788; baseline 0.001 -21"><span class='ocrx_word' id='word_1_96' title='bbox 304 1705 433 1768; x_wconf 87' lang='lat' dir='ltr'>datione</span> <span class='ocrx_word' id='word_1_97' title='bbox 456 1704 503 1768; x_wconf 89' lang='lat' dir='ltr'>sic</span> <span class='ocrx_word' id='word_1_98' title='bbox 525 1725 593 1768; x_wconf 89' lang='lat' dir='ltr'>esse</span> <span class='ocrx_word' id='word_1_99' title='bbox 617 1703 820 1768; x_wconf 89' lang='lat' dir='ltr'>scribendum</span> <span class='ocrx_word' id='word_1_100' title='bbox 842 1703 1079 1788; x_wconf 78' lang='lat' dir='ltr'>pronuntiavit:</span> 
     </span>
    </p>
   </div>
   <div class='ocr_carea' id='block_1_3' title="bbox 455 1857 1183 2163">
    <p class='ocr_par' dir='ltr' id='par_1_3' title="bbox 455 1857 1183 2163">
     <span class='ocr_line' id='line_1_14' title="bbox 456 1857 1162 1946; baseline 0 -24"><span class='ocrx_word' id='word_1_101' title='bbox 456 1910 462 1946; x_wconf 89' lang='lat'>:</span> <span class='ocrx_word' id='word_1_102' title='bbox 487 1909 492 1920; x_wconf 94' lang='lat'>.</span> <span class='ocrx_word' id='word_1_103' title='bbox 516 1909 522 1920; x_wconf 93' lang='lat'>.</span> <span class='ocrx_word' id='word_1_104' title='bbox 547 1859 582 1923; x_wconf 84' lang='lat' dir='ltr'>cb</span> <span class='ocrx_word' id='word_1_105' title='bbox 604 1861 666 1938; x_wconf 87' lang='grc' dir='ltr'>γάρ</span> <span class='ocrx_word' id='word_1_106' title='bbox 688 1878 741 1936; x_wconf 89' lang='grc' dir='ltr'>μοι</span> <span class='ocrx_word' id='word_1_107' title='bbox 763 1857 891 1937; x_wconf 81' lang='grc' dir='ltr'>πατρίδ’</span> <span class='ocrx_word' id='word_1_108' title='bbox 913 1859 1054 1942; x_wconf 77' lang='grc' dir='ltr'>ᾔετωεαε</span> <span class='ocrx_word' id='word_1_109' title='bbox 1076 1859 1162 1940; x_wconf 81' lang='grc' dir='ltr'>δορί,</span> 
     </span>
     <span class='ocr_line' id='line_1_15' title="bbox 456 1967 1183 2052; baseline 0.001 -21"><span class='ocrx_word' id='word_1_110' title='bbox 456 1969 506 2031; x_wconf 88' lang='grc' dir='ltr'>καὶ</span> <span class='ocrx_word' id='word_1_111' title='bbox 528 1969 641 2048; x_wconf 82' lang='grc' dir='ltr'>μητέρ’</span> <span class='ocrx_word' id='word_1_112' title='bbox 663 1967 760 2052; x_wconf 86' lang='grc' dir='ltr'>ἄλλῃ</span> <span class='ocrx_word' id='word_1_113' title='bbox 782 1971 878 2048; x_wconf 88' lang='grc' dir='ltr'>μοῖρα</span> <span class='ocrx_word' id='word_1_114' title='bbox 900 1968 958 2032; x_wconf 88' lang='grc' dir='ltr'>τὸν</span> <span class='ocrx_word' id='word_1_115' title='bbox 981 1969 1128 2049; x_wconf 78' lang='grc' dir='ltr'>φύεαντὰ</span> <span class='ocrx_word' id='word_1_116' title='bbox 1150 1989 1183 2032; x_wconf 91' lang='grc' dir='ltr'>τε</span> 
     </span>
     <span class='ocr_line' id='line_1_16' title="bbox 455 2077 796 2163; baseline 0.003 -23"><span class='ocrx_word' id='word_1_117' title='bbox 455 2080 599 2144; x_wconf 84' lang='grc' dir='ltr'>καθεῖλεν</span> <span class='ocrx_word' id='word_1_118' title='bbox 623 2099 649 2140; x_wconf 89' lang='lat' dir='ltr'>e.</span> <span class='ocrx_word' id='word_1_119' title='bbox 673 2099 703 2160; x_wconf 92' lang='lat' dir='ltr'>q.</span> <span class='ocrx_word' id='word_1_120' title='bbox 731 2077 796 2163; x_wconf 82' lang='lat' dir='ltr'>s.*)</span> 
     </span>
    </p>
   </div>
   <div class='ocr_carea' id='block_1_4' title="bbox 143 2229 1446 2537">
    <p class='ocr_par' dir='ltr' id='par_1_4' title="bbox 143 2229 1446 2537">
     <span class='ocr_line' id='line_1_17' title="bbox 304 2229 1445 2314; baseline -0.001 -20"><span class='ocrx_word' id='word_1_121' title='bbox 304 2232 343 2294; x_wconf 84' lang='grc' dir='ltr'>τὲ</span> <span class='ocrx_word' id='word_1_122' title='bbox 373 2230 458 2292; x_wconf 88' lang='lat' dir='ltr'>enim</span> <span class='ocrx_word' id='word_1_123' title='bbox 486 2252 505 2292; x_wconf 89' lang='lat' dir='ltr'>a</span> <span class='ocrx_word' id='word_1_124' title='bbox 533 2229 691 2293; x_wconf 82' lang='lat' dir='ltr'>Lobeekio</span> <span class='ocrx_word' id='word_1_125' title='bbox 720 2230 938 2314; x_wconf 86' lang='lat' dir='ltr'>excogitatum</span> <span class='ocrx_word' id='word_1_126' title='bbox 965 2230 1095 2314; x_wconf 84' lang='lat' dir='ltr'>egregie</span> <span class='ocrx_word' id='word_1_127' title='bbox 1125 2230 1326 2294; x_wconf 86' lang='lat' dir='ltr'>confirmavit</span> <span class='ocrx_word' id='word_1_128' title='bbox 1353 2231 1445 2295; x_wconf 92' lang='lat' dir='ltr'>unius</span> 
     </span>
     <span class='ocr_line' id='line_1_18' title="bbox 143 2337 1445 2425; baseline 0.002 -23"><span class='ocrx_word' id='word_1_129' title='bbox 143 2371 154 2402; x_wconf 73' lang='grc' dir='ltr'>ι</span> <span class='ocrx_word' id='word_1_130' title='bbox 305 2339 378 2403; x_wconf 91' lang='lat' dir='ltr'>libri</span> <span class='ocrx_word' id='word_1_131' title='bbox 407 2339 615 2403; x_wconf 89' lang='lat' dir='ltr'>Laurentiani</span> <span class='ocrx_word' id='word_1_132' title='bbox 645 2339 799 2403; x_wconf 89' lang='lat' dir='ltr'>memoria</span> <span class='ocrx_word' id='word_1_133' title='bbox 828 2337 952 2425; x_wconf 89' lang='lat' dir='ltr'>[immo,</span> <span class='ocrx_word' id='word_1_134' title='bbox 980 2343 1016 2403; x_wconf 89' lang='lat' dir='ltr'>ut</span> <span class='ocrx_word' id='word_1_135' title='bbox 1044 2363 1131 2404; x_wconf 89' lang='lat' dir='ltr'>nunc</span> <span class='ocrx_word' id='word_1_136' title='bbox 1159 2343 1301 2422; x_wconf 88' lang='lat' dir='ltr'>constat,</span> <span class='ocrx_word' id='word_1_137' title='bbox 1330 2341 1445 2404; x_wconf 87' lang='lat' dir='ltr'>utrius-</span> 
     </span>
     <span class='ocr_line' id='line_1_19' title="bbox 253 2449 1446 2537; baseline 0.002 -25"><span class='ocrx_word' id='word_1_138' title='bbox 253 2466 286 2514; x_wconf 77' lang='lat'>24</span> <span class='ocrx_word' id='word_1_139' title='bbox 304 2449 387 2537; x_wconf 70' lang='lat' dir='ltr'>quel.</span> <span class='ocrx_word' id='word_1_140' title='bbox 433 2449 545 2534; x_wconf 88' lang='lat' dir='ltr'>ltaque</span> <span class='ocrx_word' id='word_1_141' title='bbox 567 2449 628 2512; x_wconf 89' lang='lat' dir='ltr'>hoo</span> <span class='ocrx_word' id='word_1_142' title='bbox 651 2449 728 2512; x_wconf 89' lang='lat' dir='ltr'>dicit</span> <span class='ocrx_word' id='word_1_143' title='bbox 750 2449 933 2514; x_wconf 81' lang='lat' dir='ltr'>Tecmessa:</span> <span class='ocrx_word' id='word_1_144' title='bbox 963 2461 996 2514; x_wconf 84' lang='lat' dir='ltr'>tu</span> <span class='ocrx_word' id='word_1_145' title='bbox 1010 2455 1086 2515; x_wconf 79' lang='lat' dir='ltr'>mibi</span> <span class='ocrx_word' id='word_1_146' title='bbox 1100 2457 1239 2532; x_wconf 84' lang='lat' dir='ltr'>patrium</span> <span class='ocrx_word' id='word_1_147' title='bbox 1253 2456 1342 2515; x_wconf 80' lang='lat' dir='ltr'>basta</span> <span class='ocrx_word' id='word_1_148' title='bbox 1364 2472 1446 2515; x_wconf 85' lang='lat' dir='ltr'>ever-</span> 
     </span>
    </p>
   </div>
   <div class='ocr_carea' id='block_1_5' title="bbox 301 2563 1451 3965">
    <p class='ocr_par' dir='ltr' id='par_1_5' title="bbox 301 2563 1451 3965">
     <span class='ocr_line' id='line_1_20' title="bbox 305 2563 1447 2642; baseline 0 -18"><span class='ocrx_word' id='word_1_149' title='bbox 305 2569 381 2642; x_wconf 79' lang='lat' dir='ltr'>tisti,</span> <span class='ocrx_word' id='word_1_150' title='bbox 411 2582 470 2640; x_wconf 77' lang='lat' dir='ltr'>quo</span> <span class='ocrx_word' id='word_1_151' title='bbox 493 2563 613 2637; x_wconf 80' lang='lat' dir='ltr'>seclum</span> <span class='ocrx_word' id='word_1_152' title='bbox 641 2572 684 2624; x_wconf 79' lang='lat' dir='ltr'>est</span> <span class='ocrx_word' id='word_1_153' title='bbox 711 2572 744 2623; x_wconf 83' lang='lat' dir='ltr'>ut</span> <span class='ocrx_word' id='word_1_154' title='bbox 772 2571 801 2623; x_wconf 83' lang='lat' dir='ltr'>et</span> <span class='ocrx_word' id='word_1_155' title='bbox 822 2567 929 2640; x_wconf 78' lang='lat' dir='ltr'>matri,</span> <span class='ocrx_word' id='word_1_156' title='bbox 960 2567 1073 2641; x_wconf 80' lang='lat' dir='ltr'>quippe</span> <span class='ocrx_word' id='word_1_157' title='bbox 1099 2567 1175 2624; x_wconf 82' lang='lat' dir='ltr'>bello</span> <span class='ocrx_word' id='word_1_158' title='bbox 1196 2573 1323 2641; x_wconf 83' lang='lat' dir='ltr'>captae,</span> <span class='ocrx_word' id='word_1_159' title='bbox 1353 2571 1447 2625; x_wconf 79' lang='lat' dir='ltr'>extra</span> 
     </span>
     <span class='ocr_line' id='line_1_21' title="bbox 302 2669 1447 2754; baseline 0.001 -21"><span class='ocrx_word' id='word_1_160' title='bbox 302 2678 438 2749; x_wconf 79' lang='lat' dir='ltr'>patriam</span> <span class='ocrx_word' id='word_1_161' title='bbox 466 2681 579 2734; x_wconf 81' lang='lat' dir='ltr'>terram</span> <span class='ocrx_word' id='word_1_162' title='bbox 607 2675 794 2734; x_wconf 79' lang='lat' dir='ltr'>moriendum</span> <span class='ocrx_word' id='word_1_163' title='bbox 821 2682 895 2735; x_wconf 82' lang='lat' dir='ltr'>esset</span> <span class='ocrx_word' id='word_1_164' title='bbox 923 2670 969 2754; x_wconf 81' lang='lat' dir='ltr'>(id</span> <span class='ocrx_word' id='word_1_165' title='bbox 992 2670 1075 2754; x_wconf 93' lang='lat' dir='ltr'>quod</span> <span class='ocrx_word' id='word_1_166' title='bbox 1096 2669 1316 2734; x_wconf 87' lang='lat' dir='ltr'>tristissimum</span> <span class='ocrx_word' id='word_1_167' title='bbox 1343 2671 1447 2735; x_wconf 84' lang='lat' dir='ltr'>risum</span> 
     </span>
     <span class='ocr_line' id='line_1_22' title="bbox 304 2780 1447 2866; baseline 0.001 -21"><span class='ocrx_word' id='word_1_168' title='bbox 304 2780 479 2866; x_wconf 85' lang='lat' dir='ltr'>veteribus)</span> <span class='ocrx_word' id='word_1_169' title='bbox 511 2793 539 2844; x_wconf 84' lang='lat' dir='ltr'>et</span> <span class='ocrx_word' id='word_1_170' title='bbox 565 2787 629 2860; x_wconf 78' lang='lat' dir='ltr'>ipse</span> <span class='ocrx_word' id='word_1_171' title='bbox 656 2791 750 2860; x_wconf 83' lang='lat' dir='ltr'>puter</span> <span class='ocrx_word' id='word_1_172' title='bbox 781 2787 1030 2859; x_wconf 65' lang='lat' dir='ltr'>exstinqueretur</span> <span class='ocrx_word' id='word_1_173' title='bbox 1060 2802 1151 2846; x_wconf 81' lang='lat' dir='ltr'>meus.</span> <span class='ocrx_word' id='word_1_174' title='bbox 1195 2780 1246 2846; x_wconf 86' lang='lat' dir='ltr'>Ita</span> <span class='ocrx_word' id='word_1_175' title='bbox 1280 2803 1354 2846; x_wconf 87' lang='lat' dir='ltr'>vero</span> <span class='ocrx_word' id='word_1_176' title='bbox 1385 2803 1447 2846; x_wconf 87' lang='lat' dir='ltr'>nec</span> 
     </span>
     <span class='ocr_line' id='line_1_23' title="bbox 303 2889 1447 2974; baseline 0.003 -21"><span class='ocrx_word' id='word_1_177' title='bbox 303 2889 429 2954; x_wconf 88' lang='lat' dir='ltr'>foedam</span> <span class='ocrx_word' id='word_1_178' title='bbox 452 2890 592 2953; x_wconf 87' lang='lat' dir='ltr'>mulieris</span> <span class='ocrx_word' id='word_1_179' title='bbox 616 2890 745 2954; x_wconf 89' lang='lat' dir='ltr'>caedem</span> <span class='ocrx_word' id='word_1_180' title='bbox 766 2890 844 2974; x_wconf 90' lang='lat' dir='ltr'>ipsis</span> <span class='ocrx_word' id='word_1_181' title='bbox 859 2891 1007 2956; x_wconf 90' lang='lat' dir='ltr'>manibus</span> <span class='ocrx_word' id='word_1_182' title='bbox 1022 2891 1132 2955; x_wconf 82' lang='lat' dir='ltr'>Aiacis</span> <span class='ocrx_word' id='word_1_183' title='bbox 1154 2890 1278 2973; x_wconf 78' lang='lat' dir='ltr'>tribuit,</span> <span class='ocrx_word' id='word_1_184' title='bbox 1303 2895 1336 2955; x_wconf 89' lang='lat' dir='ltr'>et</span> <span class='ocrx_word' id='word_1_185' title='bbox 1358 2913 1447 2956; x_wconf 89' lang='lat' dir='ltr'>eaus-</span> 
     </span>
     <span class='ocr_line' id='line_1_24' title="bbox 304 2999 1447 3086; baseline 0.003 -24"><span class='ocrx_word' id='word_1_186' title='bbox 304 3023 373 3063; x_wconf 87' lang='lat' dir='ltr'>sam</span> <span class='ocrx_word' id='word_1_187' title='bbox 394 3003 503 3064; x_wconf 89' lang='lat' dir='ltr'>tamen</span> <span class='ocrx_word' id='word_1_188' title='bbox 531 3001 643 3064; x_wconf 89' lang='lat' dir='ltr'>mortis</span> <span class='ocrx_word' id='word_1_189' title='bbox 671 3001 722 3064; x_wconf 82' lang='lat' dir='ltr'>ad&#39;</span> <span class='ocrx_word' id='word_1_190' title='bbox 739 2999 874 3064; x_wconf 92' lang='lat' dir='ltr'>eundem</span> <span class='ocrx_word' id='word_1_191' title='bbox 902 3002 1001 3065; x_wconf 84' lang='lat' dir='ltr'>refert</span> <span class='ocrx_word' id='word_1_192' title='bbox 1022 3003 1133 3086; x_wconf 92' lang='lat' dir='ltr'>utpote</span> <span class='ocrx_word' id='word_1_193' title='bbox 1156 3001 1368 3084; x_wconf 81' lang='lat' dir='ltr'>&#39;expeditionis</span> <span class='ocrx_word' id='word_1_194' title='bbox 1390 3003 1447 3066; x_wconf 90' lang='lat' dir='ltr'>du-</span> 
     </span>
     <span class='ocr_line' id='line_1_25' title="bbox 304 3110 1447 3194; baseline 0.003 -21"><span class='ocrx_word' id='word_1_195' title='bbox 304 3131 383 3174; x_wconf 90' lang='lat' dir='ltr'>cem.</span> <span class='ocrx_word' id='word_1_196' title='bbox 428 3110 464 3174; x_wconf 93' lang='lat' dir='ltr'>ld</span> <span class='ocrx_word' id='word_1_197' title='bbox 491 3132 565 3174; x_wconf 88' lang='lat' dir='ltr'>vero</span> <span class='ocrx_word' id='word_1_198' title='bbox 592 3110 688 3194; x_wconf 92' lang='lat' dir='ltr'>plane</span> <span class='ocrx_word' id='word_1_199' title='bbox 717 3132 785 3174; x_wconf 88' lang='lat' dir='ltr'>esse</span> <span class='ocrx_word' id='word_1_200' title='bbox 812 3112 1026 3175; x_wconf 88' lang='lat' dir='ltr'>necessarium</span> <span class='ocrx_word' id='word_1_201' title='bbox 1056 3112 1105 3176; x_wconf 87' lang='lat' dir='ltr'>vis</span> <span class='ocrx_word' id='word_1_202' title='bbox 1133 3112 1367 3176; x_wconf 86' lang='lat' dir='ltr'>sententiarum</span> <span class='ocrx_word' id='word_1_203' title='bbox 1396 3135 1447 3176; x_wconf 88' lang='lat' dir='ltr'>ar·</span> 
     </span>
     <span class='ocr_line' id='line_1_26' title="bbox 303 3219 1448 3306; baseline 0.003 -22"><span class='ocrx_word' id='word_1_204' title='bbox 303 3221 375 3304; x_wconf 85' lang='lat' dir='ltr'>guit</span> <span class='ocrx_word' id='word_1_205' title='bbox 402 3221 662 3284; x_wconf 90' lang='lat' dir='ltr'>luculentissime.</span> <span class='ocrx_word' id='word_1_206' title='bbox 712 3219 798 3284; x_wconf 88' lang='lat' dir='ltr'>Nam</span> <span class='ocrx_word' id='word_1_207' title='bbox 828 3243 898 3284; x_wconf 89' lang='lat' dir='ltr'>cum</span> <span class='ocrx_word' id='word_1_208' title='bbox 927 3221 1115 3286; x_wconf 85' lang='lat' dir='ltr'>Tecmessae</span> <span class='ocrx_word' id='word_1_209' title='bbox 1142 3221 1203 3285; x_wconf 91' lang='lat' dir='ltr'>hoc</span> <span class='ocrx_word' id='word_1_210' title='bbox 1231 3223 1274 3286; x_wconf 93' lang='lat' dir='ltr'>sit</span> <span class='ocrx_word' id='word_1_211' title='bbox 1301 3225 1448 3306; x_wconf 89' lang='lat' dir='ltr'>proposi-</span> 
     </span>
     <span class='ocr_line' id='line_1_27' title="bbox 303 3330 1448 3416; baseline 0.003 -21"><span class='ocrx_word' id='word_1_212' title='bbox 303 3336 388 3415; x_wconf 81' lang='lat' dir='ltr'>tum,</span> <span class='ocrx_word' id='word_1_213' title='bbox 422 3335 458 3394; x_wconf 89' lang='lat' dir='ltr'>ut</span> <span class='ocrx_word' id='word_1_214' title='bbox 480 3330 614 3395; x_wconf 89' lang='lat' dir='ltr'>Aiacem</span> <span class='ocrx_word' id='word_1_215' title='bbox 642 3331 684 3394; x_wconf 90' lang='lat' dir='ltr'>ab</span> <span class='ocrx_word' id='word_1_216' title='bbox 712 3330 838 3394; x_wconf 87' lang='lat' dir='ltr'>consilii</span> <span class='ocrx_word' id='word_1_217' title='bbox 865 3331 913 3394; x_wconf 91' lang='lat' dir='ltr'>sui</span> <span class='ocrx_word' id='word_1_218' title='bbox 940 3331 1122 3395; x_wconf 71' lang='lat' dir='ltr'>temeritate</span> <span class='ocrx_word' id='word_1_219' title='bbox 1152 3330 1337 3416; x_wconf 85' lang='lat' dir='ltr'>prohibeat,</span> <span class='ocrx_word' id='word_1_220' title='bbox 1373 3355 1448 3398; x_wconf 89' lang='lat' dir='ltr'>cum</span> 
     </span>
     <span class='ocr_line' id='line_1_28' title="bbox 304 3440 1450 3526; baseline 0.002 -21"><span class='ocrx_word' id='word_1_221' title='bbox 304 3441 375 3506; x_wconf 87' lang='lat' dir='ltr'>aliis</span> <span class='ocrx_word' id='word_1_222' title='bbox 397 3441 596 3526; x_wconf 82' lang='lat' dir='ltr'>argumentis</span> <span class='ocrx_word' id='word_1_223' title='bbox 618 3441 734 3523; x_wconf 89' lang='lat' dir='ltr'>utitur,</span> <span class='ocrx_word' id='word_1_224' title='bbox 763 3443 832 3504; x_wconf 89' lang='lat' dir='ltr'>tum</span> <span class='ocrx_word' id='word_1_225' title='bbox 858 3441 999 3504; x_wconf 88' lang='lat' dir='ltr'>officium</span> <span class='ocrx_word' id='word_1_226' title='bbox 1028 3440 1203 3506; x_wconf 88' lang='lat' dir='ltr'>esseillius</span> <span class='ocrx_word' id='word_1_227' title='bbox 1226 3442 1450 3508; x_wconf 84' lang='lat' dir='ltr'>demonstrare</span> 
     </span>
     <span class='ocr_line' id='line_1_29' title="bbox 303 3533 1450 3640; baseline 0.002 -26"><span class='ocrx_word' id='word_1_228' title='bbox 303 3551 424 3635; x_wconf 86' lang='lat' dir='ltr'>studet,</span> <span class='ocrx_word' id='word_1_229' title='bbox 459 3573 549 3615; x_wconf 89' lang='lat' dir='ltr'>suam</span> <span class='ocrx_word' id='word_1_230' title='bbox 581 3551 681 3614; x_wconf 87' lang='lat' dir='ltr'>tutari</span> <span class='ocrx_word' id='word_1_231' title='bbox 709 3571 848 3635; x_wconf 83' lang='lat' dir='ltr'>servam,</span> <span class='ocrx_word' id='word_1_232' title='bbox 885 3533 1002 3635; x_wconf 83' lang='lat' dir='ltr'>quippe</span> <span class='ocrx_word' id='word_1_233' title='bbox 1032 3552 1119 3616; x_wconf 90' lang='lat' dir='ltr'>cuius</span> <span class='ocrx_word' id='word_1_234' title='bbox 1146 3552 1250 3640; x_wconf 88' lang='lat' dir='ltr'>omnis</span> <span class='ocrx_word' id='word_1_235' title='bbox 1279 3553 1314 3616; x_wconf 91' lang='lat' dir='ltr'>in</span> <span class='ocrx_word' id='word_1_236' title='bbox 1343 3553 1450 3618; x_wconf 88' lang='lat' dir='ltr'>Aiace</span> 
     </span>
     <span class='ocr_line' id='line_1_30' title="bbox 303 3660 1448 3748; baseline 0.003 -24"><span class='ocrx_word' id='word_1_237' title='bbox 303 3662 407 3744; x_wconf 88' lang='lat' dir='ltr'>posita</span> <span class='ocrx_word' id='word_1_238' title='bbox 435 3662 477 3725; x_wconf 89' lang='lat' dir='ltr'>sit</span> <span class='ocrx_word' id='word_1_239' title='bbox 504 3683 577 3744; x_wconf 87' lang='lat' dir='ltr'>spes</span> <span class='ocrx_word' id='word_1_240' title='bbox 606 3664 638 3724; x_wconf 91' lang='lat' dir='ltr'>et</span> <span class='ocrx_word' id='word_1_241' title='bbox 665 3661 791 3724; x_wconf 89' lang='lat' dir='ltr'>fiducia.</span> <span class='ocrx_word' id='word_1_242' title='bbox 843 3660 995 3740; x_wconf 85' lang='lat' dir='ltr'>Officimn</span> <span class='ocrx_word' id='word_1_243' title='bbox 1027 3666 1134 3726; x_wconf 90' lang='lat' dir='ltr'>autem</span> <span class='ocrx_word' id='word_1_244' title='bbox 1167 3684 1235 3726; x_wconf 89' lang='lat' dir='ltr'>esse</span> <span class='ocrx_word' id='word_1_245' title='bbox 1262 3667 1448 3748; x_wconf 86' lang='lat' dir='ltr'>propterea,</span> 
     </span>
     <span class='ocr_line' id='line_1_31' title="bbox 302 3771 1451 3856; baseline 0.003 -22"><span class='ocrx_word' id='word_1_246' title='bbox 302 3772 385 3854; x_wconf 87' lang='lat' dir='ltr'>quod</span> <span class='ocrx_word' id='word_1_247' title='bbox 413 3771 568 3855; x_wconf 86' lang='lat' dir='ltr'>postulari</span> <span class='ocrx_word' id='word_1_248' title='bbox 590 3771 705 3834; x_wconf 88' lang='lat' dir='ltr'>debeat</span> <span class='ocrx_word' id='word_1_249' title='bbox 728 3771 769 3835; x_wconf 90' lang='lat' dir='ltr'>ab</span> <span class='ocrx_word' id='word_1_250' title='bbox 791 3793 843 3854; x_wconf 86' lang='lat' dir='ltr'>eo,</span> <span class='ocrx_word' id='word_1_251' title='bbox 872 3772 926 3856; x_wconf 92' lang='lat' dir='ltr'>qui</span> <span class='ocrx_word' id='word_1_252' title='bbox 953 3771 1059 3855; x_wconf 86' lang='lat' dir='ltr'>patria</span> <span class='ocrx_word' id='word_1_253' title='bbox 1087 3773 1225 3856; x_wconf 90' lang='lat' dir='ltr'>aliquem</span> <span class='ocrx_word' id='word_1_254' title='bbox 1253 3773 1391 3856; x_wconf 90' lang='lat' dir='ltr'>privarit</span> <span class='ocrx_word' id='word_1_255' title='bbox 1416 3779 1451 3838; x_wconf 86' lang='lat' dir='ltr'>et</span> 
     </span>
     <span class='ocr_line' id='line_1_32' title="bbox 301 3881 1451 3965; baseline 0.003 -21"><span class='ocrx_word' id='word_1_256' title='bbox 301 3882 500 3965; x_wconf 83' lang='lat' dir='ltr'>parentibus,</span> <span class='ocrx_word' id='word_1_257' title='bbox 524 3881 627 3944; x_wconf 91' lang='lat' dir='ltr'>eidem</span> <span class='ocrx_word' id='word_1_258' title='bbox 648 3883 684 3944; x_wconf 90' lang='lat' dir='ltr'>ut</span> <span class='ocrx_word' id='word_1_259' title='bbox 706 3882 830 3964; x_wconf 88' lang='lat' dir='ltr'>patriae</span> <span class='ocrx_word' id='word_1_260' title='bbox 853 3886 886 3945; x_wconf 89' lang='lat' dir='ltr'>et</span> <span class='ocrx_word' id='word_1_261' title='bbox 907 3882 1089 3965; x_wconf 90' lang='lat' dir='ltr'>parentium</span> <span class='ocrx_word' id='word_1_262' title='bbox 1112 3882 1214 3946; x_wconf 88' lang='lat' dir='ltr'>instar</span> <span class='ocrx_word' id='word_1_263' title='bbox 1235 3883 1287 3946; x_wconf 90' lang='lat' dir='ltr'>sit.</span> <span class='ocrx_word' id='word_1_264' title='bbox 1327 3883 1451 3958; x_wconf 89' lang='lat' dir='ltr'>Quodsi</span> 
     </span>
    </p>
   </div>
   <div class='ocr_carea' id='block_1_6' title="bbox 304 4081 506 4090">
    <p class='ocr_par' dir='ltr' id='par_1_6' title="bbox 304 4081 506 4090">
     <span class='ocr_line' id='line_1_33' title="bbox 304 4081 506 4090; baseline -0.01 0"><span class='ocrx_word' id='word_1_265' title='bbox 304 4081 506 4090; x_wconf 46' lang='lat' dir='ltr'>num-...—</span> 
     </span>
    </p>
   </div>
   <div class='ocr_carea' id='block_1_7' title="bbox 197 4176 1544 4434">
    <p class='ocr_par' dir='ltr' id='par_1_7' title="bbox 197 4176 1544 4434">
     <span class='ocr_line' id='line_1_34' title="bbox 370 4176 1544 4258; baseline 0.005 -26"><span class='ocrx_word' id='word_1_266' title='bbox 370 4180 395 4246; x_wconf 86' lang='lat'>*)</span> <span class='ocrx_word' id='word_1_267' title='bbox 424 4176 492 4246; x_wconf 86' lang='lat' dir='ltr'>[Nec</span> <span class='ocrx_word' id='word_1_268' title='bbox 518 4177 579 4231; x_wconf 86' lang='lat' dir='ltr'>aliis</span> <span class='ocrx_word' id='word_1_269' title='bbox 602 4193 664 4232; x_wconf 89' lang='lat' dir='ltr'>cam</span> <span class='ocrx_word' id='word_1_270' title='bbox 692 4179 915 4233; x_wconf 87' lang='lat' dir='ltr'>emendationem</span> <span class='ocrx_word' id='word_1_271' title='bbox 942 4177 1082 4247; x_wconf 82' lang='lat' dir='ltr'>Reisigius</span> <span class='ocrx_word' id='word_1_272' title='bbox 1104 4177 1239 4248; x_wconf 85' lang='lat' dir='ltr'>probasse</span> <span class='ocrx_word' id='word_1_273' title='bbox 1263 4177 1374 4234; x_wconf 82' lang='lat' dir='ltr'>ridetur</span> <span class='ocrx_word' id='word_1_274' title='bbox 1398 4197 1454 4237; x_wconf 83' lang='lat' dir='ltr'>nec</span> <span class='ocrx_word' id='word_1_275' title='bbox 1537 4241 1544 4258; x_wconf 61' lang='grc'>,</span> 
     </span>
     <span class='ocr_line' id='line_1_35' title="bbox 303 4269 1455 4340; baseline 0.007 -18"><span class='ocrx_word' id='word_1_276' title='bbox 303 4269 463 4326; x_wconf 85' lang='lat' dir='ltr'>Hermanno</span> <span class='ocrx_word' id='word_1_277' title='bbox 481 4269 612 4340; x_wconf 86' lang='lat' dir='ltr'>probavit</span> <span class='ocrx_word' id='word_1_278' title='bbox 629 4271 657 4324; x_wconf 89' lang='lat' dir='ltr'>in</span> <span class='ocrx_word' id='word_1_279' title='bbox 676 4271 797 4326; x_wconf 85' lang='lat' dir='ltr'>editione</span> <span class='ocrx_word' id='word_1_280' title='bbox 815 4271 909 4325; x_wconf 86' lang='lat' dir='ltr'>tertia.</span> <span class='ocrx_word' id='word_1_281' title='bbox 945 4271 999 4324; x_wconf 87' lang='lat' dir='ltr'>Alii</span> <span class='ocrx_word' id='word_1_282' title='bbox 1018 4271 1084 4338; x_wconf 86' lang='lat' dir='ltr'>quid</span> <span class='ocrx_word' id='word_1_283' title='bbox 1103 4270 1283 4336; x_wconf 86' lang='lat' dir='ltr'>coniecerint,</span> <span class='ocrx_word' id='word_1_284' title='bbox 1303 4272 1455 4330; x_wconf 85' lang='lat' dir='ltr'>Nauckius</span> 
     </span>
     <span class='ocr_line' id='line_1_36' title="bbox 197 4363 1345 4434; baseline 0.001 -18"><span class='ocrx_word' id='word_1_285' title='bbox 197 4405 205 4416; x_wconf 78' lang='lat'>.</span> <span class='ocrx_word' id='word_1_286' title='bbox 304 4366 412 4428; x_wconf 78' lang='lat' dir='ltr'>narrat3</span> <span class='ocrx_word' id='word_1_287' title='bbox 431 4379 529 4417; x_wconf 85' lang='lat' dir='ltr'>sanam</span> <span class='ocrx_word' id='word_1_288' title='bbox 547 4381 608 4418; x_wconf 76' lang='lat' dir='ltr'>erse</span> <span class='ocrx_word' id='word_1_289' title='bbox 626 4363 752 4418; x_wconf 86' lang='lat' dir='ltr'>codicum</span> <span class='ocrx_word' id='word_1_290' title='bbox 771 4365 936 4432; x_wconf 83' lang='lat' dir='ltr'>scripturam</span> <span class='ocrx_word' id='word_1_291' title='bbox 955 4381 1036 4418; x_wconf 89' lang='lat' dir='ltr'>nemo</span> <span class='ocrx_word' id='word_1_292' title='bbox 1054 4365 1135 4418; x_wconf 84' lang='lat' dir='ltr'>facile</span> <span class='ocrx_word' id='word_1_293' title='bbox 1152 4363 1345 4434; x_wconf 76' lang='lat' dir='ltr'>persuaserit]</span> 
     </span>
    </p>
   </div>
   <div class='ocr_carea' id='block_1_8' title="bbox 0 0 1597 5100">
    <p class='ocr_par' dir='ltr' id='par_1_8' title="bbox 0 0 1597 5100">
     <span class='ocr_line' id='line_1_37' title="bbox 0 0 1597 5100; baseline 0 0"><span class='ocrx_word' id='word_1_294' title='bbox 0 0 1597 5100; x_wconf 95' lang='lat' dir='ltr'> </span> 
     </span>
    </p>
   </div>
  </div>
 </body>
</html>
