3218 5094
606 386 652 432 un
676 386 745 434 ouo
768 387 813 434 nr
836 387 977 435 oruoun.
1299 376 1359 439 631

219 542 325 607 πάντα
346 543 385 607 τὰ
407 541 495 619 παρὰ
516 540 553 604 τό
577 539 698 604 λείπω
726 541 777 605 διὰ
799 543 855 618 τῆε
884 540 1063 621 διφθόγγου
1083 543 1255 623 γράφεται,
1289 545 1361 610 οίον

219 652 518 731 λειποετριίτευτοε,
550 649 750 731 λειποταξία,
784 652 1037 730 λειποετράτιον·
1075 652 1094 715 ὁ
1130 654 1165 718 δὲ
1199 653 1362 734 Ὠριγένηε

218 763 271 826 διὰ
292 766 351 827 τοῦ
379 782 396 824 ι.
440 760 573 844 Insigne
601 762 650 824 esi
681 760 721 823 de
749 761 979 844 patronymicis
1008 761 1043 824 in
1073 763 1158 842 ίδηε
1190 766 1223 826 εί
1255 763 1361 843 είδηε

217 870 398 935 terminatis
421 870 478 935 Ori
500 869 719 954 fragmentum
741 869 776 932 in
798 869 905 953 Etym.
929 869 973 934 M.
997 893 1029 954 p.
1056 870 1131 955 165,
1154 873 1213 956 39,
1237 873 1288 936 oui
1312 894 1361 936 co-

220 980 394 1064 οεοίοιιιίο,
429 1001 511 1064 quae
543 1001 582 1043 ex
615 978 725 1043 eodem
757 979 822 1044 Oro
849 980 888 1044 de
916 981 1175 1066 Εὐρυπῴδηε,
1210 983 1361 1066 Μινῴδηε

217 1092 329 1156 formis
351 1091 531 1174 perscripto
553 1089 652 1154 habes
674 1111 705 1171 p.
729 1090 803 1168 396,
828 1090 878 1172 17,
908 1110 989 1173 quoe
1011 1089 1159 1156 dubitare
1180 1113 1245 1155 non
1268 1090 1362 1156 debe·

217 1202 275 1266 bat
295 1200 530 1265 Valckenarius
551 1200 587 1263 in
608 1199 770 1264 Theocriti
793 1198 948 1264 Adoniuz.
972 1222 1005 1283 p.
1028 1200 1123 1265 2676
1152 1223 1192 1264 ex
1219 1200 1285 1265 0ro
1319 1223 1361 1266 un

218 1310 337 1376 Orione
365 1311 565 1375 afferrentur.
616 1309 687 1373 Illic
715 1312 823 1373 nucem
850 1331 881 1392 p.
914 1311 991 1392 166,
1022 1313 1038 1372 1
1067 1310 1148 1374 hoec
1175 1313 1361 1376 monentur:

217 1426 319 1488 ταῦτα
349 1423 407 1500 μὲν
440 1420 681 1499 παρεντίθενται
715 1419 734 1484 6
771 1441 805 1484 τε
838 1418 1003 1500 Ὠριγένηε
1035 1422 1086 1485 καὶ
1119 1421 1218 1499 Ὠροε
1251 1421 1362 1505 (vulgo

218 1531 349 1616 Ὠρίων)
374 1533 419 1596 ὼε
441 1530 676 1609 πατρωνυμικα
713 1527 909 1603 Quibuscum
931 1517 1096 1614 iungenda
1116 1530 1155 1594 de
1176 1533 1361 1610 ζήτρειον

218 1641 341 1706 notatio
364 1641 418 1706 Ec.
443 1640 486 1704 M.
512 1663 543 1724 p.
566 1639 646 1720 411,
669 1639 710 1703 33
732 1637 782 1702 his
805 1639 910 1703 verbis
938 1638 1046 1703 finita:
1073 1643 1173 1705 τοῦτο
1199 1643 1235 1707 δὲ
1262 1641 1361 1720 ὁμὲν

217 1751 316 1830 Ὠροε
340 1750 374 1834 (δ
403 1752 555 1828 Μιλήειοε
587 1748 677 1812 aduc
704 1747 782 1812 Zon.
806 1771 838 1832 p.
862 1749 939 1834 957)
972 1750 1212 1829 προποροέύνει
1245 1751 1290 1815 ιδ(
1323 1753 1361 1816 τὸ

216 1862 363 1944 γήτειον,
387 1862 406 1926 ὁ
428 1861 464 1925 δὲ
486 1859 649 1939 Ὠριγένηε
670 1864 883 1941 προπεριεπᾷ.
927 1859 1140 1940 Χοιρόβοεκοε
1162 1860 1273 1944 (vulgo
1289 1861 1361 1926 Χοι-

152 2011 154 2016 -
218 1969 397 2056 ροβοεκόε).
441 1969 527 2033 Νοω
555 1990 572 2032 c
601 1968 732 2053 Georgii
761 1967 972 2032 Ohoerobosci
1002 1969 1203 2052 potissimum
1233 1970 1361 2053 scriptis

217 2101 283 2144 uon
304 2099 426 2164 paucae
448 2079 506 2144 Ori
528 2079 710 2143 notationes
732 2099 881 2142 munusue
904 2079 938 2144 in
954 2078 1179 2163 Etymologice
1200 2079 1359 2144 videniur.

217 2191 336 2256 Confer
358 2193 485 2274 praeter
507 2209 603 2272 supra
625 2189 746 2272 positas
768 2189 853 2268 μυεί,
875 2189 941 2269 μείε
963 2209 1055 2253 voces
1077 2190 1361 2273 genetivommquo

216 2300 289 2364 illos
317 2301 436 2364 formos
464 2299 518 2364 Εί,
547 2299 593 2363 M.
621 2321 653 2383 p.
677 2299 756 2380 718,
788 2299 825 2363 17
854 2299 893 2362 de
921 2300 1065 2381 εκνιπόε,
1095 2321 1127 2382 ρ.
1152 2299 1230 2382 704,
1253 2299 1296 2364 30
1323 2299 1361 2363 de

154 2483 158 2493 ¹
218 2411 322 2493 ρινότ,
353 2433 385 2493 ρ.
415 2409 493 2492 714,
523 2409 563 2474 31
593 2409 633 2473 de
660 2408 811 2491 (ίευφοε,
841 2411 874 2472 εί
901 2430 939 2472 ex
967 2408 1216 2493 orthographico
1243 2429 1361 2493 genere

216 2543 248 2603 p.
275 2520 352 2604 146,
381 2517 423 2583 22
453 2519 492 2583 de
520 2519 692 2599 ἀρνειόε;
726 2519 880 2602 λέγωδὲ
906 2518 1022 2599 Ὠροε,
1054 2518 1104 2583 ὅτι
1133 2521 1229 2601 φηεὶν
1259 2519 1295 2585 ἐν
1322 2525 1360 2604 τῇ

217 2629 329 2714 (vulgo
351 2637 415 2715 τῷ,
445 2628 669 2713 corrigendum
692 2628 789 2692 etium
811 2628 846 2691 in
869 2626 952 2692 Gud.
976 2650 1008 2711 p.
1031 2627 1110 2712 244,
1140 2628 1192 2693 34.
1220 2628 1300 2710 331,
1330 2631 1359 2710 1,

217 2740 309 2825 alibi)
343 2740 484 2806 καθόλου
519 2739 538 2804 δ
570 2739 768 2820 Ἡρωδιανὸς
800 2739 990 2806 πλεονάζειν
1023 2741 1083 2818 τὴν
1121 2759 1149 2804 ει
1180 2739 1360 2819 δίφθογγον

217 2851 321 2935 (cuius
343 2849 430 2914 modi
452 2849 534 2914 nihil
556 2849 697 2912 servavit
719 2847 891 2933 Arcadius)
914 2849 965 2914 καί
986 2848 1124 2924 γίνεεθαι
1146 2849 1257 2933 (vulgo
1277 2849 1361 2925 γίνε-

216 2962 276 3041 ται)
306 2960 407 3040 ἀρνόε
435 2959 554 3045 (insere
580 2959 725 3041 ἀρνειόε,
756 2958 815 3040 ὼε)
842 2958 942 3038 ἀμνόε
968 2959 1114 3042 ἀμνειόε,
1145 2958 1278 3036 ἀγνοῶν
1311 2958 1361 3025 ὅτι

216 3070 330 3148 ἄμνιοε
352 3071 492 3151 εημαίνει
512 3071 572 3136 τὸν
595 3068 698 3148 ἀμνὸν
720 3071 771 3134 καί
792 3070 845 3134 διὰ
865 3073 925 3134 τοῦ
948 3089 957 3132 ι
978 3068 1136 3151 γράφεται
1162 3070 1213 3134 καὶ
1233 3090 1359 3150 προπα·

216 3181 384 3259 ροξύνεται
405 3201 431 3243 ιε
454 3201 481 3245 τ.
505 3182 532 3243 λ.
578 3178 791 3261 Χοιρόβοεκοε
814 3178 857 3244 είε
879 3180 917 3243 τὸ
940 3179 1013 3257 περὶ
1034 3178 1261 3259 δρθογραφίατ.
1305 3178 1359 3243 Εἰ-

217 3288 291 3352 dem
313 3288 526 3354 Ohoerobosci
549 3289 630 3353 libro
653 3287 761 3353 deberi
784 3288 840 3352 illu
855 3291 948 3371 puio,
973 3309 1053 3371 quae
1076 3288 1115 3351 de
1137 3289 1286 3354 κλίειον
1309 3309 1359 3352 ex-

217 3400 306 3462 stant
334 3397 368 3461 in
396 3397 455 3468 Ec..
479 3399 523 3462 Μ.
552 3421 585 3482 p.
608 3399 687 3481 520,
713 3399 768 3463 16:
804 3399 823 3463 ὁ
851 3401 908 3478 μὲν
935 3398 1079 3477 τεχνικόε
1106 3398 1158 3463 διὰ
1185 3402 1241 3475 ιήε
1269 3418 1296 3464 ει
1317 3402 1360 3462 δι-
1377 3406 1411 3456 46

220 3509 369 3589 φθόγγου
391 3509 524 3588 γράφει,
546 3508 565 3574 ὁ
589 3511 624 3574 δὲ
639 3509 738 3589 Ὠροτ
761 3508 873 3592 (vulgo
891 3508 1105 3588 Ἡρωδιανὸε,
1129 3507 1170 3571 cf.
1195 3509 1215 3587 ξ
1233 3507 1286 3592 14)
1308 3511 1361 3572 διὰ

216 3622 275 3683 τοῦ
303 3640 312 3682 ι
334 3619 435 3697 λέγει,
458 3617 507 3684 ὅτι
529 3621 616 3698 παρὰ
637 3621 676 3684 τὸ
698 3619 797 3683 κλίνω
821 3618 884 3683 ἐετί
906 3640 932 3682 κ.
953 3639 979 3682 τ.
1001 3620 1045 3680 λ.·
1072 3620 1170 3683 τοῦτο
1192 3618 1280 3698 παρὰ
1301 3618 1359 3696 μὲν

216 3729 346 3812 Ὁμήρῳ
370 3729 527 3794 ιυετέλλει
549 3731 586 3795 τὸ
609 3751 619 3794 ι
640 3731 692 3794 καί
713 3728 1013 3808 προπαροξύνεται.
1031 3777 1038 3792 .
1054 3777 1061 3791 .
1077 3777 1103 3808 .,
1125 3729 1213 3806 παρὰ
1234 3729 1270 3792 δὲ
1291 3731 1360 3792 τοῑε

216 3841 365 3905 Ἀττικοῑε
393 3838 564 3905 ἐκτείνεται
590 3839 629 3904 τὸ
660 3860 670 3902 ι
697 3841 748 3903 καὶ
768 3837 982 3918 παροξύνεται
1003 3884 1127 3903 ......
1151 3836 1264 3921 quibus
1288 3837 1359 3902 Χοι·

216 3951 371 4031 ροβοεκόε
399 3970 517 4013 nomen
547 3947 703 4012 subiciiur
734 3947 770 4011 in
798 3947 866 4012 eod.
896 3945 969 4010 Par.
998 3969 1030 4030 p.
1054 3946 1127 4011 922.
1178 3945 1266 4021 Quae
1293 3968 1359 4010 non

216 4060 321 4142 magis
344 4059 438 4123 credo
460 4059 495 4122 in
517 4058 599 4122 libro
621 4059 693 4137 περὶ
714 4057 876 4137 διχρόνων
897 4058 1038 4120 tractatu
1059 4057 1173 4140 fuisse,
1201 4078 1296 4140 quom
1318 4055 1358 4120 od

216 4167 300 4246 πάθη
328 4168 520 4250 pertinuisse
548 4189 627 4251 quus
656 4188 749 4233 voees
782 4169 858 4230 onie
886 4167 1059 4231 memoravi
1087 4167 1167 4246 μείε,
1200 4168 1357 4249 Ζήτρειον,

216 4275 354 4356 ἀρνειόε,
377 4276 453 4340 licet
475 4299 528 4340 eus
550 4284 653 4361 τροπῇ
677 4277 728 4340 vel
749 4280 941 4362 πλεοναεμῷ
963 4277 1268 4356 ἑπομολογουμέναε.
1296 4275 1357 4340 Eu-

217 4385 290 4449 dem
316 4385 418 4470 igitur
439 4409 525 4452 nunc
554 4373 607 4450 viu
634 4385 843 4472 progrediens
871 4385 951 4450 olias
979 4385 1132 4470 quendum
1159 4386 1261 4452 eximo
1290 4387 1357 4454 illa-
