3226 5096
513 369 559 414 os
581 369 673 415 nien.
697 367 801 415 senx.
825 369 869 414 nr
890 367 1106 415 ersrsranro.
1319 351 1378 412 143

236 519 366 584 modiis:
395 543 471 584 nam
497 520 537 584 de
565 521 775 606 Pergamenis
802 521 909 584 dicere
938 543 1023 584 nurse
1051 520 1132 582 nihil
1161 519 1288 582 attinet.
1340 519 1378 583 ln

236 653 297 716 quo
311 631 390 696 illud
405 653 503 696 unum
518 632 681 715 miramur,
697 633 790 716 quod,
809 653 880 696 oum
894 653 959 695 una
972 652 1113 714 quaeque
1129 652 1181 693 ars
1196 653 1215 693 a
1230 630 1379 694 tenuibus

236 763 348 806 exorsa
376 742 479 806 initiis
506 743 674 826 paullatim
702 743 900 807 incrementa
929 741 1065 825 ceperit,
1094 741 1157 804 ista
1180 741 1306 824 quidem
1327 742 1380 804 lit-

236 856 377 916 terarum
419 853 554 917 historia
597 853 823 936 propemodum
861 852 970 915 adulta
1007 851 1041 915 in
1077 852 1147 934 ipso
1184 851 1379 915 Callimacho

237 966 382 1046 apparet.
413 963 494 1027 Tam
517 963 603 1027 enim
625 963 811 1048 magnifice,
836 961 1085 1044 necimmerito,
1109 961 1148 1025 de
1159 961 1380 1026 -Oallimaehea

236 1096 333 1158 opera
348 1075 383 1137 in
405 1074 631 1157 permetiendis
653 1095 841 1158 graecarum
855 1072 1035 1136 litterarum
1057 1072 1171 1155 spatiis
1193 1073 1297 1155 posita
1312 1075 1380 1156 ipse

238 1184 463 1268 Bernhardyus
496 1184 650 1248 iudicavit
676 1183 762 1248 Hist.
791 1183 853 1247 litt.
882 1205 931 1268 gr.
960 1182 976 1246 I
1003 1205 1035 1266 p.
1068 1184 1137 1247 134.
1189 1183 1306 1258 Quodsi
1340 1185 1381 1248 ab

236 1295 299 1358 ista
322 1295 491 1359 miratione
514 1295 649 1378 profecti
671 1294 808 1378 vestigia
832 1293 1102 1377 circumspicimus
1114 1293 1262 1358 'eiusdem
1283 1295 1381 1358 studii

237 1405 326 1489 prius
347 1406 412 1469 iam
435 1405 520 1470 inter
536 1404 772 1468 Alexandrinos
795 1404 1035 1486 subnascentis,
1059 1404 1231 1468 deserimur
1250 1427 1324 1469 ecce
1346 1407 1380 1469 in

238 1517 479 1600 Lycophronem
494 1515 737 1580 Chalcidensem
752 1516 823 1595 περὶ
838 1514 1005 1599 κωμῳδία(
1020 1515 1224 1597 scriptorem,
1249 1538 1381 1600 eumque

237 1627 300 1710 ipsi
323 1625 531 1690 Eratostheni
555 1625 720 1710 cognitum
742 1628 775 1688 et
797 1625 838 1688 ab
860 1625 936 1706 hoc,
961 1629 997 1687 ut
1019 1625 1171 1708 exemplis
1194 1629 1267 1709 post
1285 1627 1380 1692 Hem-

238 1737 433 1802 sterhusium
447 1737 482 1800 in
498 1736 582 1800 Plut.
599 1758 631 1819 p.
647 1735 711 1800 470
726 1733 853 1800 Schaef.
871 1757 890 1796 a
906 1735 1066 1798 Meinehio
1088 1735 1174 1798 Hist.
1198 1736 1268 1800 erit.
1292 1759 1324 1820 p.
1344 1739 1383 1802 10

239 1847 424 1930 compositis
450 1846 665 1931 intellegitur,
699 1867 765 1910 non
799 1866 871 1908 raro
900 1849 1077 1908 correctum
1104 1846 1154 1908 vel
1188 1848 1380 1930 suppletum.

238 1957 358 2033 Quodsi
381 1957 516 2021 eundern
537 1955 779 2040 Lycophronem
806 1955 870 2018 iam
893 1955 1066 2038 accipimus
1094 1957 1214 2040 scripta
1237 1958 1382 2041 exempla
1400 1973 1433 2020 ⁸24

239 2067 380 2132 comicae
401 2068 522 2151 poesis,
551 2087 608 2150 per
633 2065 846 2130 bibliothecae
875 2065 1114 2158 Alexandrinae
1142 2066 1256 2131 horrea
1285 2069 1383 2132 etiam

238 2183 308 2241 turn
336 2177 485 2260 disiecta,
513 2178 549 2240 in
576 2198 675 2240 unum
703 2175 870 2260 collegisse
902 2179 934 2239 et
963 2176 996 2238 in
1029 2176 1174 2240 ordinem
1206 2179 1382 2262 redegisse:

239 2288 316 2373 quid
343 2310 459 2373 quaeso
486 2287 591 2372 magis
618 2289 725 2370 potest
746 2287 797 2350 vel
824 2286 941 2350 rationi
964 2307 1032 2350 esse
1061 2291 1311 2352 consentaneum
1333 2292 1383 2353 vel

239 2399 422 2483 appositum
450 2400 490 2461 ad
518 2397 772 2481 persuasionem,
807 2419 903 2480 quam
935 2401 971 2459 ut
1004 2397 1096 2460 huius
1129 2397 1228 2480 ipsius
1261 2401 1382 2483 negotii

240 2510 383 2574 rationes
405 2507 578 2572 reddiderit
607 2510 639 2570 et
661 2506 835 2571 studiorum
859 2528 986 2570 suorum
1009 2506 1199 2570 comicorum
1221 2511 1409 2593 tamquam·

240 2641 398 2684 summam
426 2617 703 2702 comprehenderit
730 2617 794 2680 illis
822 2616 866 2680 de
895 2617 1094 2680 comoedia
1123 2619 1385 2682 commentariis?

240 2730 282 2793 de
315 2751 376 2814 quo
410 2749 537 2812 prorsus
565 2727 644 2792 mihi
676 2749 747 2790 cum
778 2726 941 2790 Meinekio
975 2727 1134 2791 convenit.
1185 2727 1245 2791 His
1279 2733 1385 2792 autern

242 2839 482 2905 commentariis
513 2837 595 2902 nihil
628 2837 762 2922 impedit
794 2837 962 2920 quominus
995 2837 1059 2900 alia
1091 2837 1207 2920 multa,
1242 2839 1282 2902 ed
1314 2829 1385 2923 ipse

242 2951 341 3014 verba
369 2953 401 3014 et
429 2949 606 3014 sententias
633 2946 831 3032 quorundam
858 2950 1024 3031 poetarum
1050 2947 1271 3012 fabularumvc
1298 2972 1385 3033 spec·

241 3060 349 3125 tantia
376 3059 430 3145 (de
457 3059 606 3141 Cratino,
635 3057 843 3139 Pherecrate,
873 3057 1100 3140 Aristophanis
1128 3057 1260 3143 Vespis,
1289 3060 1384 3144 Pace,

243 3171 355 3253 Pluto,
383 3167 720 3253 Thesmophoriazusis
747 3170 900 3231 testatum
929 3167 1096 3253 hahemus)
1130 3169 1223 3234 docte
1251 3175 1284 3234 et
1315 3173 1386 3236 sub-

244 3282 346 3345 tiliter
367 3279 531 3345 miscuisse
554 3279 718 3344 credatur:
747 3277 922 3362 taliumque
944 3279 1196 3344 recordationem
1218 3281 1252 3344 in
1275 3303 1386 3346 caussa

243 3392 343 3456 fuisse
370 3391 467 3455 facile
494 3389 671 3474 suspicere,
701 3409 757 3452 our
783 3410 824 3452 ne
853 3390 1054 3469 διορθώεεωε
1081 3391 1208 3474 quidem
1230 3393 1318 3456 notio
1346 3394 1387 3457 ab

244 3502 331 3566 illius
358 3523 495 3585 persona
518 3503 694 3582 arceretur,
723 3501 756 3562 et
784 3519 859 3562 vero
886 3498 1022 3582 quodam
1043 3501 1135 3563 modo
1157 3501 1192 3565 in
1214 3523 1285 3566 eum
1314 3524 1386 3565 con-

245 3612 380 3676 veniret.
425 3611 519 3676 Conf.
542 3609 753 3674 Fritzschium
775 3609 810 3672 in
832 3608 1060 3693 Thesmophor.
1084 3633 1116 3694 p.
1139 3611 1213 3676 208.

331 3723 438 3786 Tanta
472 3719 682 3806 congruentia
712 3719 909 3783 diversorum
941 3719 980 3782 de
1009 3721 1216 3804 Lycophrona
1247 3723 1389 3788 testimo·

246 3833 372 3897 nior-om
399 3853 508 3896 nonne
535 3831 630 3895 fidem
657 3829 753 3912 facit,
784 3829 913 3894 veritati
940 3851 1006 3893 non
1039 3831 1144 3895 nrinus
1173 3837 1389 3897 consentanea

247 3965 385 4026 ecesse,
408 3963 489 4028 quae
505 3941 655 4006 cumillis
671 3939 932 4004 coniunctissima
947 3939 1031 4004 idern
1047 3941 1214 4006 Plautinus
1232 3944 1389 4027 interpres

246 4053 404 4118 tradidit?
447 4055 514 4116 Aut
541 4051 627 4115 enim
654 4050 706 4114 hic
729 4069 805 4113 casu
832 4054 959 4114 tantmn
986 4051 1025 4115 de
1047 4052 1256 4137 Lycophrona
1283 4054 1315 4117 id
1342 4059 1390 4118 est

248 4163 470 4245 halucinatus,
504 4161 587 4246 quod
614 4181 742 4243 prorsus
773 4159 900 4225 aliunde
927 4161 1036 4244 petitis
1062 4164 1259 4247 argumentis
1281 4185 1390 4228 venem

250 4275 472 4358 cognovimus:
504 4271 587 4356 quod
615 4291 710 4334 nemo
737 4292 802 4334 non
830 4271 918 4335 videt
949 4293 1044 4356 qnam
1071 4273 1114 4336 sit
1139 4274 1254 4338 mirum
1283 4279 1316 4338 et
1342 4277 1389 4340 in-

250 4383 416 4448 credibile:
439 4386 495 4446 aut
516 4382 614 4445 etiam
629 4361 751 4464 riliqua
766 4382 827 4446 sibi
850 4383 934 4446 credi
950 4383 1071 4446 tamdiu
1086 4383 1222 4468 iubebit,
1240 4387 1389 4469 quamdiu
