3254 5092
809 1202 875 1309 V.

361 1395 505 1490 loouulu
536 1395 692 1490 lecturo
722 1399 941 1493 scholiorum
972 1401 1008 1493 ln
1038 1401 1316 1518 Aristophanem

706 1551 968 1668 prolegomena
998 1541 1002 1550 ’

465 1738 548 1798 edita
571 1747 601 1797 et
623 1747 766 1798 enarrata
789 1739 827 1797 ab
849 1739 1019 1799 Henrico
1041 1727 1213 1824 Keili0.*)

356 2019 528 2104 Postquam
550 2021 696 2104 Angelus
719 2021 822 2085 Maius
846 2021 955 2104 spicil.
972 2021 1066 2086 Rom.
1083 2023 1123 2087 V.
1147 2046 1179 2107 p.
1199 2025 1260 2088 247
1283 2024 1317 2089 in
1333 2028 1478 2094 Ain-108

270 2129 438 2192 bresianae
460 2129 672 2194 bibliothecae
701 2130 808 2195 codice
830 2137 978 2196 Iohannis
1002 2137 1136 2197 Tzclzne
1162 2143 1410 2202 commentarium

269 2247 418 2317 tepentem
445 2247 476 2303 r'm
507 2245 716 2320 Aristophanis
742 2248 913 2305 comoedias
943 2245 1051 2306 extare
1084 2242 1256 2325 iudicavit,
1289 2267 1410 2330 magna

270 2350 354 2412 inter
386 2349 470 2412 viros
503 2350 612 2413 doctos
645 2353 715 2413 orto
747 2355 796 2414 est
823 2351 978 2434 suspicio,
1012 2350 1074 2415 hoc
1101 2373 1168 2415 esse
1197 2352 1274 2416 illud
1305 2353 1410 2437 ipsum

270 2465 374 2522 cacco·
399 2471 594 2524 commentum
622 2467 845 2525 comoediarum
874 2466 1101 2540 Aristophane,
1138 2483 1155 2523 e
1188 2482 1250 2544 quo
1277 2462 1321 2544 is,
1356 2465 1409 2546 qui

269 2568 425 2632 scholium
451 2568 637 2632 Plautinum
663 2593 682 2632 a
710 2569 886 2634 Ititschelio
915 2591 943 2632 a.
976 2569 1057 2634 1838
1085 2591 1102 2633 e
1133 2569 1241 2634 codiee
1264 2570 1410 2636 Romano

269 2677 389 2742 editum
415 2678 559 2761 scripsit,
589 2679 705 2742 eximia
733 2679 771 2742 de
796 2679 1052 2742 Ptolemaeorum
1079 2678 1280 2744 bibliothecis
1309 2681 1409 2764 deque

269 2787 401 2852 Homeri
425 2788 618 2852 carminibus
636 2811 655 2852 a
670 2787 839 2852 Pisistrato
861 2789 896 2868 in
910 2789 1055 2852 ordinem
1069 2789 1207 2852 redactis
1224 2789 1409 2854 testimonia

336 3025 360 3092 *l
380 3023 430 3093 [Ex
448 3023 537 3078 Musei
557 3023 653 3092 philol.
672 3024 798 3078 Ithenaui
820 3023 884 3077 noui
903 3025 956 3078 vol.
968 3024 1006 3077 VI
1026 3027 1060 3092 (a.
1086 3028 1161 3092 184⁷)
1180 3043 1207 3093 p.
1234 3030 1282 3080 108
1301 3043 1361 3094 sqq.
1381 3029 1410 3081 et

268 3123 317 3171 243
337 3133 396 3184 sqq.
411 3147 443 3154 -
455 3115 535 3180 ouon
553 3116 619 3170 olim
637 3116 681 3182 (dc
700 3116 767 3169 bibl.
786 3117 863 3171 Alex.
882 3135 909 3186 p.
924 3120 949 3184 7)
969 3116 1075 3186 sperari
1093 3134 1174 3185 posse
1194 3117 1332 3185 dixeram,
1350 3121 1409 3174 fore

269 3211 299 3262 ut
317 3227 448 3277 grecam
466 3209 571 3264 sontem
591 3207 687 3262 scholii
705 3209 826 3264 Plautini
843 3227 858 3263 e
876 3209 1108 3264 bibliothecarum
1126 3210 1249 3264 tenebris
1266 3211 1295 3265 in
1319 3211 1409 3266 lucem

268 3303 442 3370 protractum
459 3301 637 3368 intueremur,
655 3301 684 3354 id
703 3319 764 3355 cum
777 3319 810 3356 cx
828 3304 908 3371 parte
926 3303 983 3354 iam
995 3299 1119 3356 Crameri
1131 3301 1265 3357 beneficio
1279 3303 1406 3358 effectum

268 3397 355 3461 esset,
379 3393 464 3448 etiam
480 3394 692 3448 luculentiorem
713 3397 842 3449 eventum
864 3393 963 3448 habuit
986 3394 1104 3462 repertis
1121 3393 1155 3447 H.
1174 3395 1256 3449 Keilii
1279 3396 1352 3450 felici
1369 3396 1408 3449 in·

269 3487 375 3540 dustria
393 3487 511 3541 'l'zetzae
529 3485 558 3540 in
570 3487 785 3557 Aristophanem
803 3486 1020 3556 Pmlegomenis.
1050 3485 1109 3550 Quo
1122 3503 1194 3542 novo
1212 3489 1288 3542 fonte
1301 3489 1408 3543 recluso

268 3599 330 3633 cum
348 3579 408 3634 fieri
420 3597 475 3634 non
492 3584 590 3649 posset
608 3580 674 3648 quin
691 3580 840 3647 quaedam,
860 3597 931 3647 quae
947 3596 998 3634 nos
1016 3578 1150 3633 decennio
1167 3582 1233 3636 onte
1252 3581 1310 3634 solo
1329 3580 1407 3634 Plau-

268 3675 326 3727 tino
351 3673 455 3727 scholio
478 3673 547 3728 duce
571 3673 823 3742 disputaveramus,
841 3673 885 3726 uel
908 3673 1102 3742 supplerentur
1120 3673 1164 3726 vel
1185 3672 1409 3740 emendarentur,

269 3783 331 3820 erc
355 3782 415 3820 esse
439 3765 504 3818 duxi
525 3769 691 3834 gratumque
715 3767 836 3818 suturam
859 3765 958 3820 irarum
981 3765 1139 3819 litterarum
1162 3763 1293 3819 studiosis
1316 3765 1408 3820 existi

268 3859 354 3925 mari,
378 3859 401 3912 ei
423 3861 583 3913 accuratum
605 3858 692 3928 ipsius
714 3857 796 3913 Keilii
820 3857 1050 3912 commentarium
1073 3858 1142 3913 meis
1165 3857 1409 3926 disputationibus,

268 3969 324 4005 non
345 3951 432 4006 inrito
455 3951 515 4018 illo,
537 3951 679 4020 integrum
701 3951 910 4020 subiungerem
938 3967 991 4018 quo
1014 3951 1156 4004 iudicandi
1178 3949 1296 4004 materia
1319 3951 1408 4005 omnis

268 4061 322 4098 unio
340 4043 369 4098 in
387 4045 449 4099 loeo
467 4045 613 4114 proposita
629 4045 789 4099 haberetur.
827 4044 876 4097 Cui
893 4044 939 4098 ille
958 4042 1072 4098 consilio
1090 4045 1131 4098 ita
1148 4042 1294 4108 succurrit,
1320 4045 1350 4096 ut
1367 4061 1407 4097 re-

267 4137 340 4191 lecto
353 4137 454 4191 codicis
467 4137 643 4192 Ambrosieni
661 4137 825 4207 apographo
843 4155 892 4191 eno
906 4137 1043 4204 quaedam
1055 4135 1219 4204 corrigeret,
1239 4153 1408 4203 quamquam

267 4247 319 4284 nee
336 4231 424 4284 multa
441 4247 492 4285 nee
510 4231 619 4299 grauia
638 4230 844 4284 enarrationem
856 4233 950 4284 eutem
968 4247 1047 4284 sunm
1064 4246 1120 4282 non
1132 4228 1222 4296 magis
1236 4229 1407 4296 mutandam,

268 4339 352 4389 quam
374 4341 452 4378 meae
475 4340 529 4392 ego
552 4323 767 4392 denotationes,
796 4325 930 4377 censeret.
954 4353 985 4361 -
1010 4323 1138 4376 Ceterum
1165 4321 1250 4375 etiam
1277 4339 1311 4376 ex
1333 4323 1406 4376 Atho

267 4417 362 4470 monte
381 4415 504 4470 codicem
521 4435 571 4470 ms.
591 4415 711 4472 Parisios
729 4415 875 4472 advectum
893 4432 967 4480 ease,
984 4415 1013 4469 in
1032 4431 1085 4481 quo
1104 4431 1169 4484 pars
1187 4414 1407 4485 prolegomenon
