3272 5088
256 333 319 398 476
521 347 569 394 nn
590 345 819 396 aunnnanms
842 345 1137 407 aurrqvmnrmvs

257 502 307 566 vel
330 502 397 584 ipse
420 500 531 566 Vrsini
559 501 723 564 Romanus
751 501 816 564 iam
844 502 885 565 ab
906 500 995 583 Lapo
1024 521 1092 564 esse
1114 503 1284 584 usmpatus
1306 504 1394 584 pute·

257 614 320 676 tur.
365 612 464 696 Atqm
493 614 568 695 hoc,
598 609 681 695 quod
703 611 815 675 ultimo
837 612 907 675 loco
934 611 1026 694 posui
1033 661 1042 693 ,
1074 612 1168 675 certis
1197 611 1395 696 argumentis

258 722 469 786 demonstrari
495 725 602 806 potest
628 743 695 786 non
724 742 791 786 esse
818 721 950 785 factum.
997 721 1036 784 ln
1070 722 1181 804 paucis
1214 721 1394 785 subsistam.

257 832 346 896 Libri
367 830 414 895 VI
434 853 464 924 c.
487 832 530 896 44
552 855 583 915 p.
610 831 691 896 1140
714 830 762 896 ed.
787 830 895 896 Reisk.
920 853 1001 914 quae
1024 831 1201 896 afferuntur
1219 853 1236 894 e
1251 831 1397 896 Romano

257 942 339 1007 libro
366 941 444 1006 satis
466 942 659 1026 singularia,
690 963 798 1006 eorum
825 941 949 1006 nullum
977 943 1011 1005 in
1038 941 1089 1005 his
1111 941 1192 1025 Lapi
1219 941 1243 1005 f.
1268 939 1396 1007 OXVo

256 1052 361 1117 verbis
390 1053 561 1137 vestigium
589 1055 739 1136 apparet:
777 1063 805 1116 et
831 1073 880 1117 res
909 1059 1019 1118 etatum
1043 1057 1198 1132 publicari
1219 1058 1396 1132 portatores:

254 1167 433 1242 prohibente
453 1171 515 1228 siae
536 1183 594 1226 noo
612 1167 793 1243 prohibente
808 1183 853 1228 eo.
879 1173 1065 1243 praeterque
1079 1163 1174 1242 leptim
1189 1168 1284 1240 episse
1298 1167 1396 1226 dimit·

208 1281 382 1337 latentem:
419 1294 465 1336 me
485 1283 592 1337 renota
613 1277 812 1337 adversante:
848 1293 915 1338 eam
943 1283 1097 1352 oporteret
1123 1279 1154 1336 r'o
1181 1277 1398 1351 campestribus

257 1405 309 1448 vos
335 1387 550 1462 erroribusque
577 1388 715 1447 detineri.
759 1381 881 1446 Eadem
908 1382 1075 1446 diversitas
1104 1404 1226 1446 summa
1254 1402 1293 1445 ex
1316 1403 1397 1445 com·

216 1487 221 1496 ’
257 1493 369 1578 positis
392 1493 433 1556 ab
456 1493 525 1576 ipso
548 1491 719 1577 Sylburgio
742 1492 781 1556 ad
803 1492 862 1576 ΠΙ,
889 1493 928 1558 16
948 1515 980 1577 p.
1003 1491 1128 1558 4501t.
1152 1492 1290 1556 Romani
1314 1492 1397 1556 codi-

259 1604 303 1668 cis
326 1607 359 1668 et
381 1603 461 1687 Lapi
488 1602 680 1666 testimoniis
708 1602 910 1687 perspicitur.
955 1603 1038 1667 Item
1059 1603 1108 1686 H,
1143 1604 1184 1668 74
1209 1624 1241 1685 p.
1265 1601 1328 1667 398
1349 1603 1397 1665 in·

257 1717 380 1799 terpres
408 1713 575 1797 vulgatum
604 1713 775 1796 φυλάττειν
805 1713 883 1780 αὐτὸ
912 1712 951 1778 οὗ
980 1715 1072 1794 χάριν
1094 1713 1210 1795 vertit,
1240 1712 1324 1796 quod
1345 1712 1398 1776 vix

258 1824 399 1908 potuerit
421 1845 438 1886 e
461 1825 611 1906 corrupta
633 1823 707 1886 libri
722 1821 862 1887 Romani
884 1823 1041 1907 scriptura
1064 1823 1236 1904 φυλάττειν
1260 1822 1397 1888 άποτου-

259 1937 337 2000 tirou
359 1935 451 2014 χάριν
476 1932 684 1998 coniectando
707 1933 842 2016 assequi.
885 1932 974 2008 Quod
997 1936 1105 1997 autem
1126 1932 1321 1996 Vaticanum
1334 1932 1399 1996 tao

259 2044 325 2108 dixi
352 2041 487 2107 eundem
513 2042 651 2107 sortasse
679 2064 748 2108 esse
777 2065 848 2107 cum
875 2041 1037 2127 Romano,
1068 2043 1107 2107 de
1135 2064 1172 2106 eo
1193 2043 1229 2106 in
1250 2045 1397 2107 neutram

258 2157 383 2238 partem
406 2153 574 2237 quiequam
596 2153 728 2218 definire
751 2152 836 2236 lieet,
861 2175 933 2218 eum
954 2175 1015 2218 nec
1036 2153 1091 2218 ille
1114 2152 1177 2217 nisi
1198 2153 1233 2216 in
1247 2152 1295 2216 XI
1316 2151 1398 2216 libro

258 2264 326 2328 solo
348 2285 368 2327 a
391 2284 548 2346 quoquam
570 2263 734 2346 inspectus
757 2263 814 2346 sit,
845 2285 906 2328 nee
927 2263 1025 2328 buius
1048 2263 1083 2328 in
1106 2263 1216 2328 eodem
1238 2263 1294 2326 illo
1316 2262 1398 2325 libro

258 2376 386 2457 praeter
417 2393 517 2438 unum
549 2374 666 2438 duosve
699 2374 785 2437 locos
820 2374 903 2457 apud
935 2373 1140 2459 Sylburgium
1171 2373 1292 2439 mentio
1324 2373 1397 2435 fiat:

258 2484 372 2569 quibus
395 2505 474 2546 sane
496 2483 574 2548 locis
598 2484 638 2547 ab
660 2482 810 2548 Vaticani
835 2484 988 2548 memoria
1010 2504 1076 2548 non
1098 2482 1241 2547 dissidet.
1273 2481 1334 2546 Sed
1357 2482 1398 2545 ab

257 2594 338 2679 Lapi
371 2593 499 2678 quidem
531 2593 740 2658 similitudine
767 2614 866 2677 prope
895 2593 1006 2658 abesse
1034 2592 1170 2657 eundem
1191 2590 1396 2673 Vaticanum,

258 2704 288 2766 id
312 2725 387 2768 vero
411 2723 481 2767 cum
503 2703 571 2787 ipse
593 2702 765 2768 Hudsonus
787 2703 924 2768 senserit
949 2703 1052 2787 praef.
1079 2725 1111 2786 p.
1138 2701 1248 2766 XXIX
1275 2701 1396 2784 Reisk,

258 2817 326 2877 tum
348 2813 436 2877 nullo
464 2813 595 2897 negotio
617 2814 667 2878 vel
689 2834 727 2877 ex
755 2813 967 2896 discrepantis
993 2814 1170 2896 scripturae
1198 2812 1283 2896 apud
1310 2809 1398 2874 Hud-

258 2945 371 2987 sonum
397 2921 563 3006 farragine
594 2923 775 3008 intellegas.
821 2921 1020 3006 Quamquam
1048 2925 1103 2986 aut
1130 2922 1249 2986 similes
1270 2923 1399 2986 tantum

258 3033 388 3098 fuerunt
409 3035 542 3116 uterque
565 3032 679 3116 codex,
711 3055 778 3097 non
798 3055 879 3096 unus
901 3031 1057 3116 idemque,
1083 3035 1226 3096 autnon
1247 3031 1282 3094 in
1305 3031 1397 3094 unius

258 3165 317 3206 usu
332 3141 437 3226 Lupus
453 3143 622 3227 acquievit,
647 3143 702 3206 sed
725 3144 861 3207 alterum
889 3142 1027 3226 aliquem
1055 3141 1216 3206 interdum
1241 3137 1399 3206 consuluit

259 3251 419 3316 Vaticano
442 3252 612 3336 disparem,
636 3251 723 3315 velut
745 3273 815 3336 cap.
839 3253 881 3314 22
903 3275 934 3335 p.
958 3251 1052 3334 2210,
1079 3253 1118 3315 14
1139 3251 1179 3314 R.

344 3361 467 3428 Certius
496 3362 595 3446 igitur
621 3361 660 3424 de
682 3361 763 3445 Lapi
792 3365 886 3445 atque
908 3359 1019 3426 Vrsini
1047 3360 1206 3425 codicibus
1236 3359 1398 3438 iudicium,

258 3473 321 3536 nisi
343 3473 378 3536 in
400 3472 558 3556 prioribus
579 3492 702 3555 quoque
725 3471 964 3555 Antiquitatum
986 3470 1077 3534 libris
1103 3470 1286 3534 examinato
1307 3468 1398 3533 Vati·

260 3604 340 3648 cano
368 3581 579 3646 Hudsoniano
614 3580 711 3665 (quod
744 3581 894 3645 omissum
922 3581 1128 3645 vehementer
1156 3580 1278 3665 doleo),
1312 3599 1398 3642 nunc

258 3693 327 3757 fieri
343 3713 394 3756 res
409 3692 480 3774 ipsa
495 3693 593 3754 vetat.
631 3689 692 3754 Sed
707 3690 768 3754 hoc
783 3690 911 3774 quidem
934 3712 973 3754 ex
996 3691 1041 3754 eis
1063 3711 1144 3774 quae
1167 3687 1398 3773 disputavimus

259 3823 414 3886 apparere
436 3804 530 3885 puto,
561 3799 588 3864 si
610 3821 677 3864 non
699 3800 776 3883 duo,
808 3803 842 3864 at
864 3822 963 3865 unum
986 3804 1071 3865 certe
1093 3799 1155 3865 XV
1178 3802 1209 3863 et
1231 3795 1309 3864 XVI
1331 3817 1398 3862 sae-

260 3911 338 3976 culis
366 3911 400 3974 in
422 3910 582 3974 Vaticana
610 3909 805 3975 bibliotheca
827 3910 975 3995 Dionysii
1002 3910 1120 3974 librum
1141 3931 1200 3973 ma.
1226 3907 1396 3988 exstitisse,

260 4021 348 4086 onius
379 4021 436 4084 illa
469 4023 581 4102 postea
613 4021 772 4084 iacbtram
804 4021 927 4085 feeerit.
972 4021 1011 4084 ln
1041 4040 1103 4104 quo
1136 4039 1254 4103 genere
1288 4017 1400 4082 liceret

259 4131 351 4194 nobis
379 4130 475 4213 longe
504 4129 602 4194 etiam
631 4129 863 4193 liberalioribus
892 4151 977 4212 esse,
1003 4129 1034 4192 'si
1064 4150 1139 4193 vera
1162 4129 1285 4208 essent,
1318 4147 1398 4210 quae

260 4239 343 4322 apud
371 4238 658 4302 Montefaleonium
683 4238 767 4302 Bibl.
796 4239 873 4302 bibl.
897 4240 918 4303 l.
944 4261 971 4303 c.
994 4239 1097 4303 Lucas
1120 4237 1307 4301 Holstenius
1335 4255 1398 4298 me-

260 4348 379 4413 moriae
401 4347 555 4431 prodidit,
585 4348 738 4412 vanitatis
762 4348 922 4432 exemplo,
951 4348 1034 4434 quod
1060 4348 1095 4412 in
1117 4347 1173 4414 illo
1195 4345 1263 4410 viro
1285 4344 1399 4410 merito
