3272 5088
251 347 315 411 472
518 362 565 410 ns
587 363 816 412 1111111111
839 362 1132 425 runovrrurravs

252 536 428 599 servarem,
452 537 628 580 resecarem
651 519 758 581 autem
780 517 893 600 quibus
914 517 1007 581 bodie
1029 517 1098 582 sine
1121 518 1322 583 incommodo
1345 542 1395 584 ca-

252 647 333 690 reas.
379 626 491 710 Itaque
519 647 579 691 nec
607 647 723 711 graeca
752 628 849 692 verba
878 628 1042 712 scriptoris
1070 629 1200 712 iteravi,
1229 651 1310 713 quae
1339 653 1396 713 per

252 740 325 800 octo
349 735 454 819 capita
477 737 550 800 libri
573 737 589 800 I
612 737 781 800 emendata
803 759 1030 821 proposueram
1052 739 1229 821 inpriore,
1261 761 1319 823 per
1340 741 1395 803 111-

252 847 346 931 ginta
375 846 410 910 in
437 846 631 930 posteriore,
658 867 718 910 nec
748 847 828 931 Lapi
856 847 1155 931 interpretationem
1185 849 1321 912 latinam
1347 871 1394 913 re-

200 933 204 942 .
254 956 344 1021 coxi:
378 956 432 1020 sed
460 957 496 1020 111
524 957 592 1020 sola
619 955 828 1022 adnotatione
862 958 973 1022 critica
1006 958 1135 1022 substiti
1165 958 1229 1022 11111
1258 959 1395 1044 triginta

254 1067 411 1151 capitibus
429 1066 582 1151 subiecta,
606 1067 652 1131 ita
670 1070 779 1132 tamen
797 1071 834 1132 ut
855 1067 895 1131 ad
917 1067 1059 1152 Adolpbi
1081 1068 1269 1153 Kiesslingii
1293 1091 1393 1134 exem-

252 1178 340 1262 plum
355 1176 624 1261 Teubnerianum,
643 1177 726 1262 quod
742 1177 777 1242 111
794 1178 936 1242 omnium
957 1178 1106 1242 manibus
1124 1182 1182 1261 est,
1201 1179 1290 1243 illam
1308 1201 1395 1244 nunc

253 1287 543 1370 accommodarem,
582 1309 599 1352 c
629 1287 876 1352 Vratislaviensi
913 1291 1019 1352 autem
1056 1289 1325 1354 commentatione
1357 1311 1394 1354 ea

252 1401 379 1462 tantum
402 1419 604 1482 excerperem
626 1397 722 1482 inque
744 1398 924 1483 marginem
946 1399 1091 1462 coniecta
1108 1401 1296 1483 repeterem,
1314 1421 1395 1484 quae

252 1508 360 1593 paullo
383 1509 571 1592 explicatius
594 1507 670 1572 olim
693 1531 788 1592 quam
810 1510 922 1592 postea
944 1511 1127 1593 persecutus
1150 1508 1243 1597 sum]

722 1715 924 1726 *-

505 1867 535 1940 Ι.
589 1864 956 1942 commentatio
992 1867 1160 1966 prior·

596 2017 721 2082 (Accedit
738 2017 836 2070 tabula
853 2016 1054 2088 lithograpba.)

220 2189 234 2238 1
337 2167 436 2232 Iulius
459 2167 657 2234 Athanasius
679 2169 867 2234 Ambrosius
895 2170 1019 2255 collega
1041 2173 1074 2234 11
1095 2170 1271 2235 studiorum
1298 2171 1395 2236 socie·

252 2280 320 2342 tate
339 2281 371 2344 11
387 2278 564 2344 officiorum
586 2280 822 2345 necessitudine
844 2280 923 2344 mibi
946 2280 1221 2344 coniunctissimus
1243 2281 1317 2346 dum
1339 2303 1396 2365 per

254 2389 431 2473 complures
453 2411 555 2454 annos
577 2389 663 2454 inter
677 2390 776 2455 Italos
798 2392 951 2473 moratur,
975 2393 1102 2474 praeter
1123 2394 1286 2454 strenuam
1301 2413 1395 2476 quam

252 2499 369 2564 veteris
392 2500 471 2564 artis
493 2501 707 2564 monumentis
730 2522 860 2586 operam
881 2501 1029 2584 navavit,
1057 2499 1142 2564 haud
1169 2501 1320 2566 mediocri
1348 2523 1395 2565 as-

252 2609 403 2675 siduitate
430 2610 466 2674 in
488 2610 717 2674 examinandos
748 2610 1014 2695 excutiendosque
1043 2610 1166 2675 codices
1196 2633 1271 2676 mss.
1302 2611 1396 2675 Anti-

252 2719 422 2803 quitatium
454 2720 726 2804 Dionysianarum
758 2720 922 2802 incubuit,
956 2721 1070 2805 quibus
1104 2743 1175 2785 cum
1206 2721 1395 2786 immortalis

252 2828 312 2894 viri
340 2829 509 2894 Niebubrii
536 2830 669 2915 ingenio
696 2852 780 2895 nova
807 2835 892 2895 esset
918 2831 973 2894 lux
1002 2830 1117 2914 allata,
1145 2833 1256 2894 11111111
1282 2852 1396 2895 manus

252 2938 451 3003 emendatrix
480 2961 538 3023 per
560 2940 724 3005 dimidium
747 2944 780 3004 11
801 2940 883 3026 quod
907 2941 1031 3005 excedit
1053 2941 1215 3006 saeculum
1237 2939 1392 3004 defuerat.
1419 2967 1425 2980 ·

252 3047 330 3113 Post
351 3057 494 3114 reversus
516 3049 551 3113 in
572 3050 712 3134 patriam
733 3051 788 3115 ubi
811 3053 843 3114 et
865 3051 1005 3116 muneris
1033 3051 1172 3136 negotiis
1194 3071 1228 3114 11
1249 3049 1397 3114 distineri

252 3158 353 3223 sensit
376 3162 407 3222 et
429 3159 465 3223 in
481 3163 618 3244 cognato
641 3160 696 3224 sed
717 3164 827 3224 tamen
850 3159 1050 3244 aliquantum
1072 3160 1196 3225 diverso
1219 3160 1396 3224 studiorum

251 3289 370 3354 genere
397 3272 483 3334 totus
506 3291 574 3334 esse
595 3270 716 3335 defixus
740 3271 861 3353 coepit,
891 3269 1052 3334 incohata
1070 3291 1223 3354 seponere
1252 3270 1396 3354 aliquan-

252 3379 362 3464 tisper,
379 3379 437 3444 otii
452 3381 726 3464 opportunitatem
748 3383 942 3465 exspectare.
976 3379 1111 3443 Manent
1133 3381 1263 3444 interim
1285 3379 1395 3444 amici:

253 3511 363 3553 verum
395 3490 542 3554 alliciunt
570 3495 602 3554 et
628 3491 733 3554 acrius
764 3490 910 3554 detinent
938 3491 1146 3574 antiquitates
1179 3490 1396 3554 Romanorum

254 3621 324 3664 eum
352 3622 463 3665 sacrae
490 3603 560 3665 tum
588 3601 697 3664 civiles
728 3605 932 3684 veterumque
966 3601 1172 3686 investigatio
1205 3599 1396 3684 religionum

252 3711 428 3774 uberrimos
450 3710 573 3774 fructus
594 3711 739 3794 polliceri
754 3711 833 3774 visa.
868 3710 1033 3775 Postremo
1055 3732 1096 3774 ne
1118 3709 1213 3774 nimis
1236 3709 1306 3792 diu,
1329 3708 1396 3792 qui·

205 3887 208 3898 ,
253 3820 311 3884 bus
333 3820 414 3885 haec
437 3820 523 3884 cordi
546 3823 637 3903 sunt,
669 3821 857 3885 eximiarum
883 3843 941 3884 usu
970 3821 1134 3903 copiarum
1159 3819 1395 3902 fraudarentur,

252 3931 299 3995 sic
327 3929 412 3994 inter
439 3951 498 3994 nos
530 3931 695 4015 convenit,
724 3935 760 3994 ut
781 3931 860 3995 meis
888 3931 971 3994 curis
994 3930 1162 3994 emendata
1179 3929 1277 3993 verba
1300 3929 1396 4011 scrip-

252 4041 331 4105 toris
366 4039 547 4124 prodirent,
582 4041 826 4106 commentarios
861 4040 974 4124 quibus
1006 4061 1057 4104 res
1086 4041 1324 4104 illustrarentur
1356 4038 1396 4101 ab

253 4151 408 4236 scriptore
444 4153 595 4216 narratae
629 4150 656 4215 is
688 4151 911 4234 concinnaret,
952 4151 1039 4215 cuius
1076 4150 1263 4234 diligentiae
1301 4149 1397 4213 etiam

254 4260 444 4326 emendandi
477 4262 612 4326 materia
644 4283 765 4346 magna
793 4283 832 4324 ex
859 4264 951 4343 parte
980 4260 1121 4324 debetur.
1175 4259 1265 4323 Illius
1299 4259 1398 4342 igitur

254 4393 383 4459 operae·
396 4391 486 4436 meae
515 4371 594 4435 haec
622 4392 702 4454 quae
724 4370 811 4434 infra
839 4369 930 4454 posui
952 4369 1120 4454 specimini
1146 4371 1256 4434 sunto:
1284 4367 1397 4452 quibus
