3254 5086
269 335 332 401 532
643 353 690 398 nn
713 353 841 401 comen
864 351 1040 401 vnsmmn

804 504 878 584 es.

334 637 395 702 Sed
410 638 506 722 longe
520 639 743 722 gravissimam
757 638 823 702 vim
844 638 1013 702 aliorum
1034 636 1270 700 testimonie
1285 634 1411 719 scrip-

268 749 395 810 torum
427 745 567 832 hebent,
603 770 684 831 quae
711 747 787 810 dum
819 769 890 811 cum
919 752 948 811 B
978 746 1120 830 faciunt,
1155 746 1265 809 valent
1298 748 1411 809 contra

269 861 305 918 A.
350 855 447 919 Velut
469 879 540 920 cum
562 857 594 941 Ι,
618 858 659 922 38
686 857 771 920 solus
800 861 829 920 B
856 856 986 920 exhibet
1011 856 1067 923 ἵνα
1094 858 1130 921 δὲ
1151 858 1248 936 μηδὲν
1273 855 1321 935 εἴη
1342 859 1410 921 roi(

268 965 451 1045 ἀνθρώποις
473 969 563 1032 δέος
586 969 605 1045 ἢ
629 969 831 1044 ἐνθύμιον,
858 987 916 1050 pro
938 987 999 1049 quo
1029 965 1125 1029 ceteri
1153 985 1264 1030 omnes
1286 965 1410 1044 ἀνθρώ-

268 1096 341 1141 ποις
363 1077 568 1156 ἐνθύμιον,
591 1075 623 1138 id
638 1075 710 1140 vide
726 1079 881 1159 quantum
895 1075 1090 1138 firmamenti
1113 1073 1278 1161 Eusebii
1301 1077 1410 1138 aueto-

268 1184 364 1247 ritate
392 1185 546 1269 accipiat,
580 1185 627 1248 sic
657 1185 714 1249 illa
741 1207 759 1249 e
786 1184 940 1268 Dionysio
968 1183 1121 1248 afferente
1148 1183 1274 1267 Evang.
1298 1205 1408 1268 praep.

267 1292 325 1375 IV,
352 1294 389 1357 16
411 1316 443 1376 p.
467 1293 530 1359 342
553 1294 672 1359 Gaisf.:
701 1295 756 1360 ivo
778 1297 813 1358 δὲ
835 1296 932 1373 μηδὲν
954 1296 973 1379 ᾖ
994 1297 1063 1358 τοῖς
1085 1294 1268 1372 ἀνθρώποιε
1291 1295 1410 1358 δέου(

270 1403 465 1482 ἐνθύμιον.
509 1402 707 1488 Quamquam
728 1405 764 1468 in
786 1403 932 1486 reliquis,
956 1425 1037 1487 quae
1059 1403 1109 1466 vel
1131 1402 1194 1486 hic,
1218 1402 1269 1465 vel
1291 1425 1323 1484 p.
1346 1403 1409 1467 337

270 1533 338 1594 sqq.
363 1533 380 1575 e
400 1511 546 1595 Dionysii
568 1513 601 1596 1,
624 1515 666 1578 23
689 1535 748 1596 sq„
772 1513 823 1576 vu
843 1486 893 1595 ir,
917 1513 937 1576 e
956 1535 988 1595 p.
1016 1513 1073 1577 ru
1097 1534 1165 1596 sqq.
1190 1533 1206 1574 e
1228 1512 1271 1594 n,
1297 1512 1336 1576 re
1358 1533 1410 1574 ex-

270 1621 403 1704 cerpsit,
433 1621 600 1686 fatendum
628 1625 676 1686 est
702 1643 768 1686 non
794 1621 963 1686 Vrbinatis
990 1621 1096 1705 potius
1130 1642 1284 1704 apparere
1314 1642 1410 1705 quam

269 1730 403 1793 mixtam
430 1751 469 1794 ex
498 1735 525 1793 Α
546 1735 578 1794 et
601 1736 630 1795 B
658 1732 887 1796 recensionem.
931 1730 1068 1793 Mixtem
1095 1750 1112 1792 e
1135 1735 1164 1793 B
1191 1734 1224 1793 et
1246 1735 1302 1794 ΑΙ)
1328 1730 1410 1793 dice

269 1859 336 1902 rem
359 1838 494 1904 eundem
515 1839 688 1904 Eusebium
715 1842 749 1904 in
772 1840 937 1906 Chronicis
960 1861 1028 1904 esse
1051 1844 1208 1922 secutum,
1238 1839 1265 1902 si
1294 1839 1410 1902 certius

270 1948 410 2011 iudicare
433 1971 471 2012 ex
494 1950 639 2012 Armenii
662 1949 848 2033 interpretis
866 1950 971 2014 verbis
993 1949 1105 2014 liceret
1125 1948 1227 2012 latine
1249 1949 1410 2014 conversis

270 2056 312 2119 ab
340 2057 498 2120 Auchem.
550 2057 611 2122 Sed
644 2063 753 2122 tamen
787 2080 804 2122 e
831 2059 978 2142 Dionysii
1004 2059 1036 2140 1,
1063 2060 1102 2146 iO
1128 2058 1200 2122 init.
1231 2079 1302 2121 cum
1329 2058 1410 2121 haec

270 2169 397 2248 sumpte
420 2166 485 2230 sint
506 2166 743 2251 v01.1p.362:
776 2174 901 2232 Italiam
922 2181 1019 2234 autem
1042 2175 1211 2233 catumeum
1233 2175 1304 2232 litus
1324 2187 1407 2245 vaco,

269 2281 389 2339 Ionium
408 2282 505 2341 unum
525 2288 554 2340 et
578 2281 765 2358 Tyrrhenum
784 2299 869 2341 more
898 2297 924 2340 e.
949 2299 979 2360 q.
1004 2299 1041 2358 s,
1065 2298 1103 2339 ee
1125 2281 1260 2360 apparet
1281 2277 1410 2360 propius

269 2384 413 2467 profecto
441 2385 479 2449 ad
502 2385 669 2451 Vrbinstis
697 2387 883 2451 memoriam
910 2386 1060 2450 accedere
1082 2387 1191 2451 Ἰόνιό(
1221 2407 1255 2451 τε
1289 2387 1410 2452 κόλπος

270 2497 330 2558 καὶ
353 2496 570 2575 Τυρρηνικὴ
594 2498 783 2577 edincta,
807 2495 963 2580 quemad
988 2495 1122 2580 eliorum
1144 2496 1253 2561 'iovite
1279 2516 1314 2560 re
1337 2497 1410 2559 κόλ-

270 2623 332 2667 πο(
360 2606 420 2668 καὶ
448 2606 709 2686 Τυρρηνικός,
740 2607 790 2668 vel
818 2606 917 2688 ipsius
940 2605 1099 2688 Ohisiani,
1129 2605 1183 2687 qui
1210 2605 1278 2668 sola
1300 2605 1411 2669 'levitic

269 2734 303 2776 τε
326 2714 448 2778 κόλποι
470 2715 609 2778 servavit
630 2715 754 2778 omissis
776 2713 921 2797 reliquis:
951 2713 1034 2778 unde
1061 2735 1168 2777 rursus
1196 2717 1331 2796 apparet
1356 2712 1410 2776 ad·

270 2821 338 2884 dita
360 2823 394 2886 in
418 2827 497 2886 CBP
515 2826 564 2889 καὶ
586 2825 779 2904 Τυρρηνικὸς
800 2824 899 2888 verba
927 2823 986 2886 soli
1009 2824 1209 2887 coniecturae
1237 2821 1410 2905 interpola-

271 2929 350 2993 toris
372 2930 497 3014 deberi,
521 2953 649 3014 prorsus
672 2934 713 2996 ad
734 2931 975 2996 similitudinem
991 2953 1099 2995 eorum
1119 2953 1199 3016 quae
1214 2933 1271 3011 §5
1292 2935 1410 2995 tracte-

271 3038 383 3102 vimus.
409 3077 448 3088 -
470 3039 614 3104 Pressius
636 3041 803 3106 Vrbinatis
830 3040 926 3104 fidem
947 3041 1147 3124 Excerpta
1175 3041 1218 3104 de
1246 3040 1409 3104 virtuti-

271 3148 339 3210 bus
368 3153 406 3212 et
434 3149 552 3213 vitiis
580 3153 768 3234 sequuntur:
797 3151 830 3212 in
858 3151 972 3233 quibus
999 3171 1079 3233 quae
1106 3171 1123 3212 e
1145 3149 1290 3232 Dionysii
1311 3139 1343 3231 Ι,
1367 3148 1410 3211 82

271 3278 338 3341 sqq.
363 3261 395 3320 et
417 3259 465 3341 11,
489 3259 530 3322 32
552 3282 620 3343 sqq.
644 3258 746 3342 petite
767 3258 929 3323 Nicolai
951 3258 1189 3322 Damasceni
1211 3257 1339 3320 nomine
1361 3257 1410 3320 in-

271 3366 453 3430 scribuntur
476 3367 574 3452 (apud
590 3368 744 3432 Orellium
761 3390 793 3451 p.
811 3367 853 3431 70
866 3389 934 3450 sqq.
960 3367 999 3430 78
1014 3367 1114 3451 sqq),
1140 3387 1210 3430 cum
1233 3365 1332 3431 Corae
1354 3364 1410 3428 du-

270 3473 367 3538 bitari
395 3475 506 3559 nequit
532 3477 609 3560 quin
644 3476 683 3539 ad
710 3476 796 3540 hune
826 3476 1014 3558 scriptorem
1044 3495 1131 3538 mero
1164 3496 1269 3538 errore
1301 3495 1410 3538 eorum

271 3584 373 3647 relata
400 3585 481 3668 sint,
517 3585 570 3669 qui
603 3585 688 3650 iussu
723 3584 928 3650 Constantini
959 3583 1098 3667 Eulogas
1132 3583 1204 3646 illes
1238 3583 1410 3647 concinne·

271 3693 395 3777 runt.*)
433 3693 529 3757 Haec
555 3693 655 3777 igitur
676 3692 838 3776 Excerpta
867 3713 937 3756 eum
965 3698 992 3753 Α
1020 3695 1132 3756 contra
1155 3695 1185 3754 B
1210 3691 1260 3755 bis
1282 3694 1410 3755 tantum

339 3969 364 4034 *)
383 3969 480 4036 [Immo
498 3967 610 4024 Velesio
629 3967 836 4022 assentiendum
853 3967 962 4022 videtur
980 3969 1009 4021 et
1026 3967 1054 4022 C.
1068 3967 1201 4022 Muellero
1219 3967 1328 4035 Fragm.
1343 3966 1408 4021 hist.

272 4075 314 4128 gr.
333 4061 372 4112 111
391 4079 416 4128 p.
436 4067 487 4114 409
505 4077 559 4127 sq,
585 4060 619 4114 de
641 4061 715 4114 furto
733 4059 841 4114 Nicolai
863 4077 919 4116 non
937 4059 1138 4114 dubitantibus.
1174 4061 1205 4114 In
1229 4076 1282 4126 quo
1306 4076 1410 4127 genere

273 4152 407 4218 quantum
425 4151 621 4206 Graeculorum
638 4153 737 4206 levitas
756 4159 886 4220 grassata
904 4151 952 4218 sit,
975 4153 1043 4206 satis
1062 4152 1200 4219 quaedem
1218 4151 1345 4220 exemplu
1362 4151 1410 4206 do-

273 4247 336 4296 cent
353 4245 487 4312 congesta
505 4261 522 4298 a
539 4245 692 4313 Porphyris
710 4244 822 4299 Eusebii
839 4245 938 4312 Praep.
958 4261 1055 4312 evang.
1075 4245 1100 4298 X
1119 4262 1179 4314 cap.
1199 4252 1222 4310 3,
1240 4243 1344 4312 Ephori
1361 4261 1410 4313 po-

271 4334 407 4388 tissimum
432 4339 460 4390 et
478 4335 652 4406 Theopompi
669 4337 743 4389 haud
762 4352 902 4402 quaquam
919 4336 1099 4390 incredibilia.
1141 4335 1196 4390 Vbi
1219 4353 1290 4403 quae
1312 4353 1340 4404 p.
1358 4341 1411 4390 4ὅό
