3270 5094
243 335 305 398 408
589 348 635 394 nu
658 347 808 394 oaa'uoo
832 345 1037 395 soeuoonso

244 503 383 586 scrupuli
419 501 566 566 relictum
601 500 740 564 fateare:
782 521 844 584 quo
870 501 980 564 tamen
1008 520 1095 564 nuno
1123 517 1289 563 excurrere
1316 497 1383 559 lou·

245 633 323 696 gum
345 616 403 674 est.
900 613 904 620 ’
1044 693 1045 698 ¹

329 720 481 804 Reliqua,
518 739 600 802 quae
635 739 702 782 esse
735 718 924 782 secundaria
958 717 1157 800 dicebamus,
1200 719 1235 780 in
1266 717 1385 780 talibus

244 831 413 894 versantur
434 851 515 913 quae
537 833 648 892 nostra
670 827 797 911 quidem
820 827 981 890 sententia
1004 831 1059 890 aut
1080 826 1238 891 inutiliter
1257 848 1385 909 prorsus

248 942 304 1001 aut
332 938 412 1002 adeo
440 939 592 1002 futtiliter
613 937 726 1020 nuperi
756 937 859 1000 critici
881 937 1121 1019 temptaverint.
1165 936 1246 1001 Illuc
1268 931 1387 1017 piluuu

246 1048 388 1130 pertinet
409 1069 468 1130 pro
491 1049 637 1128 φύτευμα
658 1045 832 1128 repositum
855 1068 885 1109 v.
909 1046 981 1128 698,
1006 1046 1128 1130 dequo
1152 1045 1386 1110 consideratum

247 1160 296 1220 est
317 1155 476 1220 Dindorfii
498 1155 666 1236 iudicium3
694 1155 772 1218 item
794 1176 823 1217 v.
849 1155 910 1219 702
939 1158 997 1221 τὰν
1021 1156 1107 1221 οὔτι(
1130 1154 1285 1219 Triclinia
1307 1153 1386 1218 duce

247 1287 305 1348 pro
326 1265 364 1329 τὸ
387 1266 444 1343 μέν
466 1285 512 1329 τι(
535 1264 574 1329 ού
602 1264 825 1345 substitutum,
858 1263 940 1346 quod
969 1285 1036 1328 esse
1058 1285 1171 1346 expers
1194 1265 1272 1328 artis
1294 1263 1386 1326 intel·

237 1374 393 1458 legimus.
439 1372 565 1457 Anglus
598 1375 705 1436 autem
738 1372 841 1436 editor
874 1371 1061 1456 Blaydesius
1095 1395 1165 1437 cum
1199 1376 1232 1436 et
1264 1396 1293 1436 v.
1326 1371 1388 1436 700

249 1486 380 1562 μάλιετα
401 1504 460 1565 pro
482 1483 608 1560 μέγιετα
628 1481 730 1545 suasit
752 1485 785 1545 et
806 1504 836 1545 v.
859 1482 919 1545 717
943 1485 1048 1561 χερεὶν
1072 1483 1261 1563 ἐρεεεομένα
1282 1483 1389 1545 πλάτα

163 1577 168 1584 ’
251 1593 348 1674 (quae
370 1591 497 1675 quidem
519 1573 618 1675 digna
640 1591 804 1655 mentione
818 1590 966 1656 Nauckio
987 1591 1080 1676 visa),
1106 1595 1191 1655 certe
1213 1591 1274 1655 hac
1295 1589 1388 1654 laude

250 1723 316 1766 nou
352 1703 401 1764 est
437 1700 650 1782 fraudandus,
688 1700 770 1784 quod
808 1700 958 1764 Graeculi
993 1700 1184 1765 scholiastae
1220 1721 1389 1784 personam

250 1810 381 1874 induere
410 1810 489 1874 satis
519 1809 665 1890 sollerter
693 1808 848 1916 didicit.*)

335 1985 487 2068 Expulire
523 1985 630 2050 nobile
667 1985 828 2049 cauticum
865 1986 1056 2051 studuimus:
1099 1987 1291 2070 perpolitum
1324 2009 1388 2050 non

252 2094 456 2178 spondemus.
501 2093 625 2178 Quippe
653 2095 777 2158 ineerta
804 2095 937 2159 miscere
961 2097 1055 2160 certis
1078 2097 1171 2160 veriti
1193 2119 1314 2180 sumus,
1348 2117 1389 2159 ne

251 2207 364 2268 horum
392 2203 486 2268 fidem
514 2204 692 2288 infringere
715 2203 841 2268 illorum
863 2205 1075 2290 ambiguitate
1095 2206 1282 2270 videremur.
1328 2204 1390 2270 Sed

251 2318 358 2378 tacere
391 2317 517 2396 tamen,
555 2335 636 2396 quac
668 2319 818 2398 pungunt
852 2315 1009 2397 animum,
1047 2315 1197 2400 religioni
1235 2314 1388 2380 ducimus.

252 2423 434 2507 Numquam
467 2426 574 2487 autem
606 2445 672 2487 uon
704 2444 865 2508 pepugere
899 2425 1081 2488 consociata
1109 2447 1138 2488 v.
1164 2427 1222 2489 711
1253 2426 1390 2490 εὔιππον

252 2533 403 2599 εὔπωλον
432 2534 627 2598 εὐθάλαεεον
655 2532 813 2616 epitheta,
848 2555 929 2617 quae
961 2534 1057 2598 nullis
1084 2534 1135 2597 vel
1162 2533 1313 2600 Simmiae
1340 2533 1390 2598 vel

254 2776 323 2826 quos
346 2777 400 2813 uon
423 2759 503 2828 potui
524 2775 580 2813 non
598 2757 764 2826 aliquotiens
785 2759 951 2828 impugnare
974 2760 1002 2812 iu
1025 2760 1064 2814 eis
1084 2777 1154 2828 quae
1181 2777 1266 2830 supra
1288 2760 1392 2830 scripta

254 2853 330 2914 srmt,
356 2849 440 2904 variis
468 2851 525 2906 sive
548 2850 674 2905 convitiis
697 2851 754 2905 sive
777 2851 902 2905 ludibriis
929 2852 1100 2906 edocendum
1128 2871 1171 2907 me
1194 2853 1304 2922 putavit
1326 2853 1393 2920 quid

253 2944 326 2997 inter
352 2943 573 3012 praepositiones
597 2947 625 2998 et
648 2951 668 2996 α’
692 2943 860 3014 privativum
878 2944 1043 2998 discnminis
1065 2945 1264 3011 intercederet,
1288 2945 1393 2999 scilieet

253 3034 461 3103 ignarissimum
483 3035 581 3090 ‘aurei’
604 3036 676 3090 illius
701 3037 863 3107 ‘praecepti'
889 3035 1074 3106 Scaligerani‚
1099 3039 1174 3104 quod
1198 3037 1392 3106 complusculis

255 3145 287 3181 ex
300 3128 380 3194 aunis
397 3127 426 3180 in
443 3127 605 3198 pervagatis
623 3132 707 3196 atque
720 3129 876 3184 decantatis
889 3129 1016 3184 habetur.
1041 3131 1073 3183 In
1086 3131 1166 3184 tanta
1181 3130 1266 3198 igitur
1278 3131 1392 3196 tamque

254 3220 334 3288 gravi
352 3220 430 3274 clade
449 3219 660 3275 existimationis
679 3239 758 3276 meae
779 3239 834 3276 nou
853 3224 898 3276 est
916 3212 1076 3276 ¹mirandum
1097 3222 1209 3276 interim
1227 3222 1309 3276 alicui
1326 3221 1393 3276 mihi

255 3311 358 3368 solacio
386 3329 447 3367 esse
469 3313 600 3368 Meiuekii
626 3315 713 3368 verba
734 3321 786 3368 τοο
808 3316 1079 3383 γραμματικωτάτου
1104 3333 1132 3384 p.
1158 3321 1218 3370 165:
1254 3315 1393 3369 ‘Dubitari

253 3423 310 3460 non
333 3407 428 3476 potest
451 3405 516 3472 quin
537 3407 613 3461 recte
635 3406 794 3462 Dindorfiua
817 3409 846 3462 st
866 3424 939 3462 nunc
961 3407 1046 3461 etiam
1063 3406 1231 3462 Ritsohelius
1255 3425 1289 3462 ex
1310 3407 1391 3462 Laur.

254 3497 371 3566 aliisque
388 3497 467 3552 libris
485 3499 634 3566 ἀχείρητον
651 3499 832 3566 restituerint,
850 3506 933 3554 coloni
949 3521 1044 3554 marram
1063 3519 1113 3553 non
1132 3511 1273 3568 expertam,
1291 3517 1342 3568 pro
1359 3515 1392 3554 eo

256 3591 330 3659 quod
348 3590 434 3646 ceteri
450 3590 514 3644 libri
531 3591 638 3646 habent
659 3592 846 3661 ἀχείρωτον,’]

324 3685 350 3751 *l
369 3683 436 3738 Sero
453 3683 545 3752 ipsam
562 3683 703 3752 Blaydesii
721 3684 872 3739 editionem
890 3684 1084 3740 Londinauseu
1102 3685 1178 3739 nacti
1194 3703 1251 3740 non
1269 3685 1327 3742 sine
1345 3685 1393 3740 ali·

257 3794 311 3845 quo
334 3779 446 3846 stupore
470 3775 649 3844 cognovimus
671 3779 730 3844 ὅλῳ
752 3783 795 3843 τῷ
818 3779 931 3845 θυλάκῳ
955 3779 1076 3832 satorem
1104 3777 1323 3832 coniecturarum
1345 3780 1395 3832 aut

256 3870 333 3923 nulla
350 3869 410 3922 arte
429 3868 650 3937 excogitatarum
668 3869 717 3924 aut
734 3869 878 3938 pueriliter
894 3887 1008 3939 prorsus
1026 3873 1157 3924 fusarum.
1195 3869 1254 3934 Quo
1272 3870 1395 3939 pertinet

256 3963 309 4016 οὐκ
327 3965 361 4016 ὃν
379 3962 476 4014 ἀκούω
494 3960 540 4014 vel
556 3962 660 4025 οὐδάμ’
678 3961 773 4014 ἀκούω
796 3979 847 4030 pro
870 3964 922 4016 οὐκ
940 3964 1073 4017 ἐπακούω
1091 3979 1116 4016 ν.
1136 3968 1194 4028 695,
1213 3965 1325 4029 λογχῶν
1342 3979 1393 4030 pro

258 4056 364 4120 ἐγχέων
381 4059 439 4118 699,
457 4055 661 4119 παντοτρόφου
679 4059 736 4118 701,
754 4056 825 4120 ἦρα(
842 4072 893 4123 pro
907 4055 980 4110 elror
993 4061 1049 4120 71³,
1068 4056 1226 4120 ἑλιεεομένα
1243 4071 1295 4123 pro
1308 4071 1394 4122 παρα·

258 4147 385 4211 πτομὲνο
407 4150 464 4198 ur.
500 4144 591 4199 Vnum
613 4147 657 4199 est
673 4146 768 4214 paullo
786 4146 968 4216 opportunius
992 4145 1105 4201 ceteris:
1134 4148 1190 4200 τὰν
1207 4149 1275 4202 οὔτε
1293 4148 1394 4214 νεαρὸς

257 4255 298 4292 τι(
322 4237 381 4304 (sio)
405 4239 473 4292 οὒτε
494 4239 581 4306 γήρᾳ
604 4238 776 4293 curvetur
799 4241 910 4294 άλιώεει
931 4256 957 4293 ν.
978 4245 1039 4306 τού,
1058 4239 1133 4306 quod
1150 4239 1252 4294 saltem
1270 4255 1303 4294 eo
1322 4255 1394 4292 com-

257 4329 405 4384 mendatur
423 4328 496 4396 quod
514 4331 558 4384 est
575 4345 714 4398 graccum
