3254 5092
254 243 315 310 152
550 259 801 308 coaoaaaarvu
823 257 1091 307 orsevrarioms

785 522 858 603 §a

364 659 418 723 De
445 658 636 722 librorum
664 655 921 721 multitudine
950 656 989 719 in
1017 655 1278 720 bibliothecis

519 767 806 832 Alexandrinis
828 765 1132 830 reconditorum.

202 941 235 990 34
337 920 386 984 De
408 919 561 984 librorum
582 918 824 1004 multitudine*)
852 940 980 1002 prorsus
1008 939 1124 1002 graeco
1151 917 1300 1001 scriptori
1323 941 1394 983 cum

253 1031 355 1094 latino
384 1030 543 1094 convenit.
587 1027 633 1092 Vt
666 1029 750 1102 certe
778 1050 796 1091 e
822 1027 963 1112 vulgatis
995 1011 1122 1091 interim
1156 1027 1281 1112 graecis
1313 1029 1394 1092 nihil

254 1138 491 1223 probabilitatis
514 1136 713 1220 Bemhardyi
742 1136 934 1200 dubitationi
957 1137 1104 1218 accedat,
1133 1137 1186 1221 qui
1216 1139 1396 1220 corruptela

254 1248 400 1312 laborare
415 1253 594 1312 voluminum
608 1253 837 1311 commixtorum
859 1253 1141 1326 quadrinqenra
1156 1253 1239 1312 inilia
1260 1247 1397 1331 putabat

255 1381 286 1442 p.
311 1358 371 1422 831
401 1361 434 1421 et
460 1357 615 1420 minorem
645 1357 782 1440 aliquem
810 1378 976 1420 numerum
1003 1356 1193 1440 requirebat.
1238 1357 1277 1421 ln
1308 1358 1396 1421 cuius

255 1468 533 1532 ratiocinationem
548 1466 665 1550 optime
681 1465 875 1550 quadrarent
890 1466 977 1529 velut
992 1464 1019 1546 β’
1032 1469 1193 1546 aspicere:
1215 1467 1247 1530 id
1263 1467 1345 1550 quod
1361 1467 1396 1532 in

159 1603 164 1614 ·
254 1575 285 1658 μ’
299 1599 368 1657 μυρ.
389 1576 542 1640 facillime
563 1577 772 1640 transiturum
793 1579 872 1639 erat.
910 1574 971 1640 Sed
994 1579 1138 1659 praestat
1157 1598 1223 1639 non
1244 1576 1394 1640 hariolari
1447 1615 1454 1632 ι

255 1687 348 1751 etde
370 1686 448 1770 ipsis
471 1685 669 1770 argumentis
691 1684 962 1768 Bernhardyanae
985 1684 1210 1768 disputationis
1233 1707 1393 1769 quaerere.

255 1797 361 1880 Atque
389 1816 611 1878 acceperamus
638 1817 697 1858 nos
731 1793 857 1878 quidem
884 1801 1047 1859 commixta
1074 1801 1225 1858 uolumina
1258 1795 1291 1858 in
1326 1818 1397 1859 eam

255 1909 396 1989 partem,
429 1909 466 1968 ut
494 1905 539 1968 eis
567 1904 740 1968 indiscreta
774 1903 1092 1988 comprehenderetur
1125 1904 1276 1969 librorum
1304 1907 1396 1988 copia

256 2009 403 2082 universa
435 2035 501 2078 non
535 2013 669 2078 exclusis
701 2013 839 2096 geminis
873 2012 1035 2096 ternisque
1068 2013 1162 2078 unius
1195 2013 1396 2099 eiusdemque

256 2123 367 2207 scripti
390 2122 558 2206 exemplis:
584 2123 697 2207 quibus
720 2121 845 2205 quidem
869 2121 1004 2186 exclusis
1031 2123 1186 2206 reliquum
1213 2123 1311 2188 fuisse
1333 2147 1396 2188 me·

256 2233 395 2297 dicerem
422 2253 588 2297 numerum
614 2237 792 2312 simplicium
819 2244 849 2296 et
870 2237 1053 2310 (ripariorum
1075 2233 1280 2296 voluminum.
1325 2233 1397 2298 Dis-

256 2342 369 2426 plicuit
391 2342 471 2406 haec
492 2341 716 2425 interpretatio
732 2341 855 2404 censori
872 2343 1048 2424 complures
1071 2341 1111 2406 ob
1133 2364 1270 2406 caussas.
1302 2341 1398 2408 Mitto

256 2474 337 2536 quae
362 2452 401 2517 de
429 2451 623 2516 bibliotheca
649 2450 849 2534 Pergamena
875 2451 911 2514 iu
939 2450 1080 2515 diversas
1107 2456 1214 2534 partes
1242 2452 1397 2536 discepta-

128 2612 132 2619 .
257 2562 376 2626 vimus:
399 2562 487 2626 cuius
503 2561 600 2627 είκοιι
620 2563 772 2639 μυριάδα(
794 2562 922 2640 βιβλίων
945 2560 1070 2637 ἁπλῶν,
1093 2561 1134 2624 ab
1150 2561 1294 2626 Antonio
1309 2563 1397 2627 Cleo-

257 2676 369 2756 patrae
391 2671 525 2735 donatas
547 2674 629 2734 teste
651 2669 838 2752 Plutarcho,
862 2670 961 2733 voluit
984 2669 1038 2733 ille
1058 2691 1127 2734 esse
1149 2671 1286 2736 ducenta
1308 2672 1398 2736 milia

256 2781 408 2845 librorum
421 2787 595 2860 simpliciter
609 2771 859 2858 comparatorum.
890 2779 1088 2863 Quamquam
1102 2781 1154 2843 vix
1177 2803 1303 2864 possum
1320 2782 1397 2866 quin

256 2911 385 2974 prorsus
418 2889 487 2954 sine
520 2889 626 2972 aliqua
658 2889 823 2953 notatione
856 2888 945 2952 illam
977 2890 1221 2972 explicationem
1258 2895 1397 2975 praeter-

257 2999 398 3063 mittam:
422 2998 501 3062 adeo
516 3021 581 3062 non
596 3000 688 3062 modo
704 3020 742 3063 ea
757 2999 865 3064 omnia
880 3000 1029 3082 neglecta
1044 2999 1151 3080 video,
1175 2999 1289 3083 quibus
1310 3000 1399 3064 illam
1425 3083 1431 3092 '

257 3109 361 3192 ipsam
383 3108 681 3192 interpretationem
703 3112 903 3191 praevertere
926 3108 1108 3173 studueram
1124 3130 1155 3191 p.
1172 3109 1212 3172 27
1238 3107 1319 3197 [24],
1344 3110 1396 3174 sed

257 3217 335 3282 illud
358 3222 485 3300 praeter
508 3221 613 3281 cetera
636 3239 701 3281 non
729 3217 899 3303 intellego,
929 3218 1003 3301 quid
1026 3218 1157 3282 tandem
1178 3241 1304 3284 movere
1328 3220 1398 3285 Cal-

259 3326 372 3391 visium
400 3327 484 3410 apud
507 3327 590 3390 Plut.
616 3327 737 3391 Anten.
763 3349 790 3391 o.
813 3327 855 3392 58
883 3327 1038 3411 potuerit,
1067 3330 1189 3392 utnon
1212 3328 1399 3412 simpliciter

259 3438 376 3517 βιβλία,
398 3457 507 3500 verum
523 3436 609 3500 ἁπλᾶ
632 3437 733 3517 βιβλία
748 3458 855 3500 coram
870 3441 983 3501 senatu
998 3440 1268 3502 commemoraret.
1303 3437 1399 3504 Cuius

207 3560 241 3611 35
259 3545 469 3610 additamenti
492 3547 552 3609 etsi
574 3567 687 3610 sanum
710 3547 876 3610 consilium
897 3569 964 3611 non
985 3547 1159 3631 perspicio,
1182 3549 1291 3611 tamen
1306 3548 1400 3611 mitto

259 3655 475 3719 Plutarchum.
519 3655 632 3738 Itaque
655 3677 726 3720 cum
753 3660 846 3720 terna
874 3659 1069 3740 quaternave
1096 3656 1295 3741 singulorum
1323 3657 1398 3722 seri-

259 3767 385 3849 ptorum
413 3764 558 3848 exempla
585 3764 684 3828 videri
711 3765 926 3830 Alexandriae
954 3766 1113 3830 exstitisse
1140 3765 1305 3830 dixissem:
1338 3768 1399 3831 hoc

259 3895 320 3938 nec
342 3878 451 3938 certo
478 3874 744 3939 demonstrari
772 3897 864 3959 posse
892 3875 1010 3940 obiecit
1038 3897 1150 3940 censor
1175 3900 1207 3960 p.
1232 3877 1308 3958 830,
1339 3897 1399 3938 nec

327 4173 352 4240 *l
371 4171 422 4242 [De
444 4173 496 4228 hac
519 4188 628 4240 quoquo
651 4171 712 4226 ride
734 4170 791 4225 alia
811 4173 896 4238 atque
918 4170 1028 4232 diversa
1050 4172 1213 4238 sequentem
1230 4169 1348 4225 Koilium
1370 4187 1398 4240 p.

261 4269 310 4318 ’246
329 4266 400 4334 sqq]
