3218 5094
132 454 137 462 .
254 397 318 460 :380
541 411 801 460 nuonoaoowu
824 411 1107 460 vmnonounusn.

168 613 180 634 .
255 587 293 628 ea
316 566 589 649 apophthegmata
611 565 771 648 dixerunt,
799 586 932 648 quorum
954 564 1058 628 visin
1081 565 1266 645 comparata
1287 581 1393 626 rerum

255 674 463 739 similitudine
486 677 642 739 cernitur:
670 697 751 759 quac
773 675 921 754 ὁμοίωει(
944 674 1007 738 dici
1030 673 1070 737 ab
1093 673 1210 736 artium
1232 671 1394 754 scriptori-

256 785 314 848 bus
337 785 433 870 solet,
462 789 498 849 ut
520 786 561 849 ab
583 785 665 850 Iulio
688 784 860 849 Rufiniano
887 807 920 867 p.
943 785 1006 849 213
1033 781 1163 846 Ruhnk.
1192 783 1395 862 Ὁμοιώματα

254 895 354 980 igitur
376 917 416 959 cx
437 897 555 959 nostris
578 897 665 960 velut
686 895 742 959 illa
765 897 840 959 sunt
861 916 941 978 quae
958 893 1103 959 Secundo
1126 891 1315 977 philosopho
1337 891 1393 954 tri-

255 1006 395 1069 buuntur
422 1007 461 1070 de
489 1005 673 1070 mulieribus
701 1005 787 1069 dicta
815 1004 865 1069 vel
887 1005 992 1088 potius
1014 1002 1200 1086 maledicta,
1235 1003 1285 1066 vel
1313 1023 1394 1085 quac

255 1115 293 1180 de
315 1116 423 1201 legum
445 1117 665 1180 imbecillitate
687 1118 874 1180 narrantur:
898 1114 953 1178 sed
975 1114 1121 1178 breviora
1142 1135 1277 1198 quoque,
1301 1113 1394 1196 quale

255 1248 282 1290 e.
308 1249 334 1289 c.
358 1227 504 1290 honest:
539 1228 569 1292 ol
591 1229 648 1306 μὲν
671 1230 796 1308 τραχεῖ(
818 1227 913 1290 ἵπποι
934 1228 1002 1290 rol(
1024 1228 1177 1306 χαλινοῖς,
1201 1225 1230 1288 οἱ
1252 1226 1288 1288 bt
1310 1223 1395 1289 ὀξεῖ(

254 1339 346 1415 θυμοὶ
374 1342 441 1402 τοῖς
469 1339 576 1413 λόγοι(
609 1340 730 1402 ὁοῦλοι.
776 1337 888 1420 Itaque
920 1337 1063 1414 γνωμικὰ
1096 1336 1281 1414 ὁμοιώματα
1314 1333 1396 1396 dixit

254 1446 449 1510 lamblichus
472 1447 607 1511 Adhort.
633 1447 673 1510 ad
695 1446 810 1530 philos.
836 1447 905 1509 αἳ
934 1449 1014 1509 extr.
1038 1445 1135 1529 p.,20
1156 1444 1274 1508 Kiessl.
1315 1442 1394 1507 Eius

123 1590 126 1596 ·
254 1555 339 1620 modi
367 1556 467 1642 igitur
494 1557 700 1621 Aristonis
730 1557 914 1636 ὁμοιώματα
941 1559 1069 1639 praesto
1091 1555 1222 1619 luerunt
1244 1547 1393 1630 Stobaeo.

255 1665 333 1731 Cum
356 1667 469 1750 quibus
491 1671 600 1732 tamen
623 1667 705 1730 nihil
728 1688 893 1732 commune
921 1666 984 1730 fuit
1005 1666 1055 1730 vel
1079 1663 1248 1748 Speusippi
1271 1665 1395 1743 ὁμοίοις

254 1777 304 1839 vel
328 1777 467 1840 eiusdem
496 1777 581 1840 illius
610 1777 771 1840 Aristonis
801 1775 855 1842 Cei
879 1777 1002 1856 ὁμοίοιτ
1030 1776 1246 1859 epotasse),
1281 1775 1396 1858 quibus

255 1886 442 1950 Athenaeus
467 1909 556 1952 usus:
593 1887 722 1950 tametsi
748 1887 862 1966 ὅμοιον,
884 1908 1007 1972 quoque
1029 1886 1064 1948 in
1086 1885 1197 1970 figuris
1219 1886 1396 1948 sententia·

255 2018 325 2058 rum
348 2000 381 2059 et
404 1997 592 2061 elocutionis
608 1997 799 2060 Rufinianus
821 2001 967 2061 recenset
990 2020 1020 2080 p.
1038 1995 1101 2059 214
1122 1996 1253 2079 ipsoque
1276 1995 1396 2075 ὅμοια

255 2106 384 2170 nomine
423 2129 513 2170 suam
552 2107 772 2170 collectionem
817 2108 1049 2171 sententiarum
1094 2105 1394 2191 Pythagoricorum,

256 2216 471 2298 exemplorum
494 2217 559 2281 sive
582 2217 828 2281 similitudinum
855 2217 890 2280 in
916 2218 1052 2281 somnam
1078 2216 1295 2300 redactarum,
1326 2217 1396 2280 De-

255 2349 313 2390 mo
320 2327 456 2410 philus
489 2328 542 2390 ille
571 2315 764 2410 inscripsit?
785 2326 823 2391 de
857 2351 919 2411 quo
952 2327 1105 2392 videndus
1132 2327 1269 2391 Orellius
1304 2349 1396 2410 prae·

255 2436 378 2501 latione
405 2438 467 2501 vol.
491 2438 507 2501 Ι
535 2462 566 2522 p.
590 2437 664 2501 VII.
709 2437 874 2502 Postremo
902 2459 968 2502 non
996 2440 1071 2502 sunt
1098 2437 1226 2501 silentio
1253 2441 1396 2521 praeter-

255 2548 411 2611 mittenda
439 2548 687 2631 Aristonymi
710 2548 818 2612 nescio
846 2548 934 2612 cuius
956 2549 1186 2612 commentaria
1211 2548 1263 2612 vel
1288 2549 1396 2632 potius

256 2658 533 2741 commentariola,
564 2680 645 2742 quac
667 2661 801 2738 τομάρια
824 2658 1003 2742 inscripsit:
1033 2659 1186 2742 equibus
1215 2680 1285 2723 cum
1314 2659 1396 2724 ἀπο-

255 2771 420 2850 φθέγματα
442 2773 511 2832 tum
525 2771 654 2847 γνώμα(
676 2772 745 2832 tum
768 2770 952 2848 ὁμοιώματα
968 2768 1123 2834 Stobacus
1138 2769 1173 2832 in
1189 2768 1396 2833 Sermonibus

257 2878 417 2942 excitavit.
455 2878 545 2942 Dixit
572 2879 610 2942 de
632 2879 677 2942 eis
698 2879 864 2944 Heerenus
887 2881 921 2944 in
944 2879 1032 2944 Stob.
1057 2879 1126 2942 Ecl.
1149 2879 1197 2962 ss,
1220 2879 1240 2942 2
1264 2902 1296 2962 p.
1323 2881 1393 2944 189.

256 2987 341 3052 Satis
369 2987 482 3052 leviter
511 2992 616 3052 autem
645 2993 677 3053 ct
703 3012 831 3072 prorsus
860 2991 1017 3052 arbitratu
1044 3011 1099 3053 suo
1123 2989 1261 3054 Orellius
1283 3011 1320 3053 ex
1344 2990 1396 3054 his

255 3097 333 3180 ipsis
355 3099 498 3162 tomariis
520 3099 648 3162 fluxisse
670 3099 852 3182 Damophili
879 3100 968 3163 illam
997 3100 1216 3164 collectionem
1246 3101 1393 3164 coniecit.
1438 3160 1444 3169 .

340 3207 398 3272 Rei
423 3230 579 3272 summam
602 3209 862 3293 perstrinximus:
884 3210 985 3273 multa
1000 3214 1134 3292 restant,
1159 3232 1240 3294 quac
1255 3233 1297 3274 ne
1320 3212 1396 3274 atti·

256 3319 359 3404 gimus
382 3319 524 3403 quidem,
558 3325 594 3383 ut
621 3319 858 3384 Plutarchia
886 3320 1176 3406 apophthegmata:
1214 3321 1252 3384 de
1281 3322 1396 3406 quibus

256 3429 524 3514 Wyttenbachius
552 3429 706 3494 videndus
735 3430 774 3494 ad
806 3430 888 3496 Plut.
919 3431 999 3496 Mor.
1029 3432 1090 3496 vol.
1115 3430 1155 3514 V,
1179 3432 1200 3493 2
1222 3454 1253 3514 p.
1278 3433 1397 3496 879et

257 3540 427 3604 Animadv.
452 3541 513 3604 vol.
537 3541 563 3624 l,
592 3543 604 3605 1
630 3563 661 3624 p.
689 3543 769 3606 1039
792 3564 861 3625 sqq.
891 3546 924 3605 et
948 3543 1039 3606 1145.
1084 3541 1255 3606 Praeterea
1278 3543 1312 3606 in
1334 3541 1397 3607 hoc

256 3651 325 3734 ipso
348 3651 728 3736 apophthegmatico
755 3673 873 3736 genere
900 3655 1045 3716 nostram
1077 3652 1145 3716 lere
1179 3652 1396 3718 continuimus

257 3761 516 3844 disputationem,
541 3762 751 3826 abstinuimus
775 3766 881 3826 autem
903 3764 944 3826 ab
959 3785 996 3826 eo
1011 3762 1093 3846 quod
1109 3765 1158 3826 est
1179 3765 1282 3826 totum
1304 3784 1396 3847 gno-

256 3893 287 3934 m
297 3871 406 3934 icum.
437 3872 549 3956 ltaque
565 3895 659 3956 quam
673 3895 768 3956 supra
784 3874 974 3958 aliquotiens
998 3873 1312 3938 commemoravimus
1326 3874 1396 3938 De·

257 3983 525 4047 mocritiarum
562 3985 794 4047 sententiarum
834 3983 1053 4048 collectionem
1086 4005 1124 4046 ex
1157 3983 1235 4066 ipsis
1267 3983 1397 4067 quidem

258 4093 422 4175 scriptis
456 4094 636 4176 philosophi
665 4098 900 4178 excerptam,
936 4093 975 4158 de
1009 4116 1046 4157 ea
1079 4098 1206 4177 praeter
1240 4093 1398 4159 Orellium

324 4433 349 4502 *)
368 4433 489 4504 [Dictum
501 4435 550 4496 ,est
567 4435 601 4490 de
621 4431 663 4490 bis
682 4452 766 4506 supra
783 4455 809 4508 p.
831 4437 879 4492 557
898 4431 970 4506 sqq]
