3254 5086
538 415 696 464 nronrsn
718 414 1069 464 aaaroaanrssnnsrs.
1307 399 1370 462 535

230 569 292 649 γάρ
307 571 370 634 terr
392 568 570 652 [μόνον],
595 567 634 631 18
649 567 862 646 περὶτούτων
885 567 967 650 [ἐπ’
989 565 1205 653 ἀκριβείας]
1227 567 1370 645 ἕκαςτον,

232 679 270 742 21
295 678 574 762 [ἀπο]φθαρεῑςά
595 697 660 742 που
682 678 798 760 [κατὰ
820 677 974 759 μόνας],
996 675 1056 737 22’
1078 676 1262 755 βουλεύςων
1284 676 1370 758 [βα-

233 790 359 854 ςιλεὺς
383 787 470 870 ὢν],
492 786 534 850 23
549 788 587 851 τὸ
603 789 704 866 ςχῆμα
727 787 816 869 [τοῦ
839 785 947 868 βίου]
969 784 1236 864 διαφυλάξαντες,
1258 783 1301 849 30
1315 785 1370 864 ρυ-

232 901 319 978 τῆρςι
350 895 683 980 [κατεχομένους]
715 898 861 974 μακροῖς,
901 895 943 959 32
974 895 1104 978 ἐξῄεςαν
1135 893 1179 959 εἰς
1212 893 1369 973 ὕπαιθρον

232 1004 507 1091 [ἀμφότεροι],
538 1001 581 1067 40
612 1005 804 1081 ἐποιήεαντο
838 1005 942 1088 [περὶ
979 1006 1045 1081 τῆς
1077 1003 1255 1086 εἰρήνης]
1288 1004 1371 1082 πρὸς

233 1116 377 1195 βαςιλέα,
409 1114 452 1177 68
484 1113 770 1193 ὑπερανεςτηκυίας
799 1112 1019 1196 [ἀλλήλων]
1049 1112 1219 1191 καθέδρας,
1253 1111 1294 1175 72
1326 1111 1371 1177 εἰ(

232 1226 291 1304 τὴν
313 1224 436 1302 ἀγορὰν
460 1221 702 1310 [ἀπολογίας
724 1221 837 1302 χάριν
860 1221 1076 1304 ἐξ]ελαιἰνειν.

755 1417 776 1494 s
800 1415 850 1476 11.

316 1551 457 1615 Tantum
478 1549 517 1612 de
538 1549 725 1612 lacunarum
747 1548 984 1630 supplementis.
1030 1546 1092 1611 Sed
1120 1547 1155 1610 in
1183 1547 1229 1610 eis
1249 1549 1370 1628 tamen,

233 1683 313 1745 quae
328 1681 395 1723 non
409 1658 630 1723 desiderantur
644 1658 680 1720 in
694 1663 732 1739 Α,
748 1655 901 1720 maiorem
915 1656 943 1720 is
965 1656 1224 1740 diligentiam
1245 1655 1372 1738 scrip-

233 1775 346 1833 turae
378 1769 470 1833 nobis
506 1766 701 1850 comprobat.
752 1765 872 1848 Audio,
908 1785 975 1829 non
1002 1765 1141 1830 concedo
1169 1764 1372 1847 simpliciter:
1480 1740 1482 1749 ,

233 1900 336 1963 neque
359 1877 444 1942 enim
465 1877 526 1941 hoc
547 1879 615 1939 tam
637 1877 824 1939 constanter
844 1874 982 1958 factum,
1006 1879 1129 1939 utnon
1152 1875 1249 1938 etiam
1272 1877 1317 1956 B,
1341 1876 1374 1936 et

234 1990 331 2072 longe
353 1986 479 2071 quidem
505 1986 631 2069 saepius
659 1986 728 2049 sine
751 1990 775 2049 C
800 2005 894 2068 quam
918 2005 990 2048 cum
1013 1989 1049 2066 0,
1080 1983 1208 2067 singula
1235 1982 1372 2066 plurima
1392 2019 1394 2026 ,

235 2095 433 2162 emendatius
455 2096 576 2178 scripta
597 2116 693 2178 quarn
716 2100 743 2157 Α
764 2093 949 2178 prodiderit.
987 2093 1024 2156 Id
1047 2114 1119 2157 curn
1140 2092 1248 2156 multis
1271 2113 1373 2156 exem·
1391 2115 1425 2163 το

235 2207 296 2290 plis
319 2226 376 2289 per
397 2203 537 2288 reliquae
560 2203 851 2289 argumentationis
874 2201 1146 2286 opportunitatem
1168 2204 1244 2266 ante
1267 2201 1373 2264 allatis

235 2315 358 2379 affatim
380 2313 598 2377 didicerimus:
625 2313 780 2397 siquidem
807 2313 837 2376 ei
863 2311 910 2375 rei
932 2333 999 2376 non
1021 2311 1167 2375 sufficere
1188 2311 1263 2374 libri
1284 2310 1301 2374 Ι
1323 2331 1373 2374 ca-

235 2425 304 2508 pita
336 2421 429 2487 XXX
459 2421 564 2505 prima
596 2421 664 2486 visa
695 2425 785 2485 sunt:
818 2423 887 2484 tum
918 2421 1009 2485 novis
1042 2421 1187 2484 evincere
1220 2419 1373 2482 sescentis

234 2533 316 2597 licet.
346 2531 544 2615 Quamquam
565 2552 637 2594 cum
651 2530 711 2596 hoc
733 2551 834 2615 genus
848 2531 949 2594 multo
965 2531 1063 2593 etiam
1083 2529 1189 2592 minus
1209 2531 1374 2610 tamquam

236 2663 306 2706 cum
336 2641 512 2726 pulvisculo
545 2639 706 2703 exhauriri
738 2661 795 2723 per
826 2639 919 2703 huius
951 2637 1177 2722 disputationis
1208 2637 1374 2720 angustias

234 2752 336 2834 possit
343 2800 351 2833 ‚
380 2771 484 2834 pauca
512 2769 597 2813 nunc
623 2770 681 2831 per
707 2752 848 2812 saturam
875 2770 986 2832 sparsa
1012 2749 1117 2833 magis
1145 2767 1240 2830 quam
1267 2745 1374 2809 dedita

235 2881 332 2943 opera
360 2859 539 2943 conquisita
567 2857 645 2922 item
673 2879 690 2922 e
717 2857 750 2922 Π
771 2858 854 2922 libro
883 2862 915 2922 et
936 2857 985 2922 Ill
1012 2878 1204 2941 proponam,
1234 2859 1373 2939 praeter-

234 2970 339 3034 missis
366 2968 493 3053 quidem
519 2967 805 3031 innumerabilibus
831 2968 911 3044 illis,
944 2967 1058 3050 quibus
1085 2967 1135 3030 vel
1163 2964 1271 3029 addito
1299 2965 1374 3028 arti-

236 3079 305 3142 culo
327 3078 378 3142 vel
399 3098 434 3144 τε
456 3081 506 3142 καί
528 3078 647 3159 scripto
668 3098 726 3160 pro
749 3078 799 3141 καλ
820 3077 870 3140 vel
893 3077 1056 3155 ςτρατείαν
1083 3095 1140 3158 pro
1168 3075 1314 3154 ςτρατιάν
1343 3076 1375 3136 et

235 3188 262 3251 si
295 3209 376 3272 quae
407 3187 521 3250 horum
555 3189 631 3250 srmt
663 3185 797 3269 similia,
831 3186 945 3249 scabra
977 3188 1033 3249 aut
1065 3183 1233 3266 inelegans
1271 3183 1374 3245 oratio
1477 3183 1487 3202 '

236 3297 432 3361 emendatur.
477 3293 572 3359 Haud
596 3297 785 3360 cunctanter
811 3295 911 3379 igitur
932 3316 950 3357 e
973 3295 1001 3356 B
1022 3292 1239 3375 recipiendum
1261 3291 1309 3372 ll,
1333 3290 1375 3352 22

235 3407 394 3471 ἄπαιςιν
422 3405 488 3469 iam
516 3403 672 3487 Stephani
699 3404 881 3468 coniectura
908 3403 1074 3466 inventum
1096 3401 1308 3483 prodimur,
1333 3397 1374 3462 38

236 3515 457 3581 δακτυλίων
480 3532 538 3597 ρτο
559 3515 740 3596 δακτύλων,
768 3513 811 3577 43
833 3513 1104 3592 ἀγχίςτροφος
1133 3529 1191 3591 ρτο
1213 3509 1374 3585 ἀντίςτρο-

236 3645 318 3704 φος,
344 3623 387 3688 45
414 3625 565 3703 δεήςεις
592 3643 650 3705 ρτο
677 3623 847 3701 διηγήεειε,
879 3621 922 3684 49
949 3619 1185 3699 ἀτειχίςτοις
1212 3637 1270 3700 ρτο
1293 3617 1374 3680 ἀτει-
1461 3677 1463 3682 .

236 3733 378 3814 χίςτους,
407 3731 448 3794 64
469 3731 596 3797 πίλων
618 3730 683 3793 iam
705 3751 724 3792 a
747 3729 910 3813 scaligero
933 3728 1108 3811 expetitum
1130 3748 1188 3810 pro
1209 3727 1372 3800 πιλωτῶν,

236 3841 278 3906 66
306 3839 389 3907 είναί
414 3860 500 3905 τινα
532 3861 591 3922 ρτο
623 3838 705 3904 είναι
737 3845 789 3924 τῷ
817 3837 961 3918 αἰνείᾳ,
994 3836 1037 3901 70
1057 3837 1286 3916 ῥομβοειδεῖ
1317 3853 1375 3915 pro

200 3965 207 3976 ·
238 3949 432 4032 ῥαβδοειδεῑ,
467 3949 508 4012 74
539 3947 724 4014 κάκείνας
756 3948 938 4027 περιλαβὼν
971 3966 1029 4028 ρτο
1056 3945 1185 4010 κάκεῖνα
1217 3966 1264 4020 ra,
1297 3941 1372 4005 ibid.

237 4059 366 4124 θιίουςιν
392 4058 502 4123 αὐτοῖς
530 4057 588 4120 ὅς’
615 4056 687 4134 ἔτη“
712 4077 771 4139 ρτο
797 4062 824 4121 θ.
847 4077 876 4120 α.
905 4055 995 4132 ὄετη
1024 4059 1116 4130 CAH,
1144 4059 1171 4118 θ.
1196 4073 1226 4116 α.
1255 4052 1311 4116 ἔτι
1338 4055 1375 4127 Ρ,

237 4165 302 4248 Ill,
332 4166 353 4227 2
375 4168 475 4245 δήτι
500 4165 628 4231 τοιόνδε
654 4186 712 4247 ρτο
734 4167 775 4230 δέ
803 4185 837 4230 τι
863 4163 990 4229 τοιόνδε
1014 4167 1039 4224 Α
1046 4211 1054 4243 ,
1082 4162 1208 4226 τοιόνδε
1231 4183 1265 4226 τι
1288 4163 1375 4238 ODP,

238 4272 315 4338 ibid.
339 4275 629 4353 ἀποςτήςαςθαι
650 4295 708 4356 pro
730 4273 946 4348 ἀπατίθεςθαι,
977 4271 1017 4334 10
1038 4271 1097 4334 καί
1118 4269 1288 4350 μηδενὸς
1308 4271 1376 4332 τῶν

237 4383 348 4450 ἄλλων
376 4403 434 4466 pro
460 4383 558 4462 μηθὲν
585 4383 604 4450 δ
632 4385 698 4450 τῶν
727 4381 756 4447 ἄ.
783 4381 906 4466 (ΑΘΒ),
941 4379 982 4444 38
1015 4379 1374 4462 προςκαθεῑόμενοι
