3184 5100
302 373 363 437 732
695 387 855 434 seusana
878 389 1049 434 carmena.

301 546 390 606 stant
413 541 487 604 libri
509 541 540 604 ll
570 563 715 605 sermone
737 540 768 622 I,
798 541 851 624 qui
882 543 929 604 est
955 541 1029 620 περὶ
1056 541 1209 620 parilem
1232 543 1367 618 xpucroir
1388 539 1433 601 καὶ

301 653 423 718 δικαίου
451 654 500 716 καὶ
528 655 600 733 περὶ
627 653 727 733 ἀρχῆς
755 653 805 716 καὶ
832 651 989 725 crovule,
1022 673 1053 734 p.
1084 649 1140 732 79,
1170 649 1212 712 24
1239 648 1347 733 (serm.
1379 648 1433 711 103

301 787 333 846 p.
360 763 428 845 175,
456 763 494 826 15
517 762 565 826 ed.
590 761 699 826 Aurel.
723 760 846 825 Allobr.
871 783 901 824 a.
927 759 1032 845 1609),
1057 781 1097 823 ne
1119 759 1292 844 vestigium
1315 755 1435 842 quidem

301 894 504 937 numerorum
525 871 709 955 prodentia:
734 873 838 938 οὐδεὶς
861 873 912 936 ἐπὶ
935 874 1048 937 πλεῖον
1071 871 1179 936 κακία(
1201 870 1368 952 προβαίνει
1388 873 1435 933 ου-

301 985 431 1064 ederae,
455 983 513 1048 ἐὰν
536 985 576 1062 μὴ
599 984 674 1048 τοὺ(
697 981 952 1063 ὑπηρετήκονται
981 982 1046 1061 ἔχει
1069 980 1143 1066 (sic)
1167 983 1235 1045 mic
1258 980 1435 1059 ἐπιθυμίαις.

301 1093 420 1157 Verum
443 1114 509 1157 non
530 1092 604 1156 huic
627 1092 817 1174 sententiae,
842 1113 923 1176 quae
945 1091 1075 1177 omnino
1094 1093 1182 1154 caret
1204 1090 1364 1172 lemmate,
1388 1087 1435 1152 scd

302 1204 463 1288 proximae
491 1203 651 1266 adiectum
678 1205 726 1265 est
754 1203 789 1265 in
815 1201 962 1285 margine
990 1201 1172 1278 Ἀγάθωνος
1195 1221 1329 1282 nomen,
1364 1221 1438 1284 quae

302 1314 380 1378 haec
404 1317 451 1377 est
474 1314 551 1377 item
573 1334 668 1396 prosa
690 1312 836 1376 oratione
858 1312 1051 1395 perscripta:
1088 1313 1146 1377 τὸν
1174 1311 1318 1392 ἄρχοντα
1345 1314 1436 1390 τριῶν
1534 1355 1535 1364 ι

301 1430 350 1490 δεῖ
377 1429 559 1504 μεμνῆιθαι·
587 1428 719 1505 πρῶτον
742 1425 815 1502 μὲν,
850 1423 898 1488 ὅτι
926 1421 1110 1502 ἀνθρώπων
1139 1421 1248 1502 ἄρχει·
1281 1423 1438 1502 δεύτερον,

302 1537 352 1601 ὅτι
374 1535 452 1600 κατὰ
474 1535 594 1613 νόμου(
623 1534 726 1614 ἄρχει
755 1533 879 1614 τρίτον,
910 1532 960 1597 ὅτι
982 1532 1040 1596 οὐκ
1063 1532 1110 1598 ἀεὶ
1132 1531 1232 1613 ἄρχει.
1278 1531 1315 1596 Id
1339 1535 1438 1596 autern
1534 1531 1535 1540 ’

302 1645 423 1709 dietum
452 1665 523 1708 cum
552 1645 587 1709 in
614 1643 742 1708 Stobaei
765 1641 873 1706 Floril.
902 1641 1022 1725 XLVI,
1052 1642 1094 1706 24
1121 1641 1298 1726 praemissa
1327 1643 1438 1706 habeat

302 1757 445 1832 Ἀγάθων
475 1755 537 1837 ἔφη
568 1754 680 1836 verba,
710 1753 775 1818 eius
802 1753 926 1816 fontem
949 1755 1083 1835 apparet
1105 1751 1245 1836 aliquem
1267 1755 1438 1834 Ἀποφθεν-

302 1865 411 1945 μάτων
440 1865 556 1929 librum
582 1864 681 1928 fuisse
709 1863 748 1927 de
776 1885 812 1927 eo
835 1883 953 1947 genere
981 1861 1063 1946 quod
1091 1863 1321 1946 pertrinximus
1349 1883 1439 1946 supra

302 1997 334 2058 p.
357 1975 430 2040 ooo.
454 1975 516 2039 ara
540 1973 599 2062 sa]

387 2347 560 2431 Epicurum
583 2349 757 2411 formarum
781 2369 851 2412 curn
874 2370 993 2432 magna
1016 2351 1065 2410 est
1082 2346 1166 2430 apud
1189 2347 1332 2432 tragicos
1355 2367 1440 2430 grae-

305 2483 356 2522 cos
379 2458 575 2541 frequentia,
601 2460 666 2520 turn
690 2459 781 2523 ποτί
804 2457 1050 2542 praepositionis
1072 2478 1163 2520 usrun
1184 2478 1251 2520 nen
1275 2457 1441 2520 abhorrere
1534 2465 1535 2534 ζ

304 2593 323 2632 a
351 2567 516 2651 Sophoclis
550 2589 695 2632 sermone
728 2567 896 2630 adnotavit
922 2567 1102 2630 Brurrehius
1131 2566 1170 2629 ad
1199 2567 1388 2651 Antigonae
1415 2587 1440 2626 ν.

307 2679 397 2742 1041.
427 2678 559 2741 Praeter
581 2699 706 2742 versum
729 2680 835 2742 autem
857 2678 892 2740 in
911 2676 1093 2742 Trachiniis
1119 2675 1200 2740 1214
1222 2675 1442 2760 (aeripedem)
1534 2723 1535 2742 ι

303 2789 336 2852 in
360 2788 444 2851 hanc
468 2795 535 2851 rem*
550 2789 647 2851 affero
670 2787 810 2852 eiusdem
832 2787 1096 2870 fabulantur,
1121 2785 1175 2850 ubi
1199 2807 1271 2880 cum
1293 2786 1442 2850 libromrn

303 2897 496 2961 testimoniis
524 2897 603 2960 haec
624 2897 745 2960 tradita
768 2900 852 2961 esset
874 2898 1048 2981 scriptura:

456 3059 531 3138 πρὶν
553 3059 649 3125 τάνδε
672 3060 754 3138 πρὸ(
776 3061 872 3125 πόλιν
895 3058 1020 3124 evicere
1036 3095 1088 3138 -,

308 3260 505 3268 -—--.---———

305 3383 455 3437 Maximum
479 3382 641 3436 monachos:
671 3380 800 3434 Aureliae
817 3379 1000 3448 Allobrogum
1017 3377 1152 3432 MDClX.’
1187 3409 1219 3417 -
1249 3377 1335 3434 Suam
1354 3382 1445 3434 autern
1534 3427 1535 3430 ,

305 3477 432 3544 syllogcn
457 3493 519 3529 cum
536 3474 672 3528 Antonius
691 3476 866 3528 Mtlrccuv
883 3472 1083 3541 inscripsisset,
1107 3472 1171 3526 hinc
1194 3490 1271 3526 mero
1291 3475 1321 3526 ut
1339 3475 1446 3528 videtur
1534 3503 1535 3508 =

305 3587 398 3623 errore
417 3569 470 3638 ipsi
488 3567 593 3622 homini
613 3571 719 3620 auersas
737 3583 838 3620 nemen
860 3564 1053 3620 inhaerescere
1075 3583 1163 3634 prava
1180 3565 1367 3620 recentiorum
1388 3583 1447 3620 corr·
1534 3563 1535 3596 ³

306 3661 450 3716 suetudine
473 3660 577 3730 coepit:
608 3675 778 3727 quamquam
800 3676 855 3713 nou
873 3658 965 3713 neseio
991 3677 1051 3713 esse
1070 3657 1117 3726 qui
1139 3658 1175 3712 ab
1198 3658 1261 3727 ipsa
1279 3659 1366 3712 studii
1384 3659 1447 3714 ussi-
1534 3641 1535 3696 l

305 3753 412 3808 duitate
436 3753 608 3823 appellatum
631 3769 692 3808 esse
716 3758 850 3807 Antonium
875 3757 1004 3805 Melissea:
1027 3751 1169 3817 dictitent,
1196 3751 1227 3804 ut
1252 3751 1399 3806 Harlesius
1421 3752 1447 3804 in
1534 3777 1535 3780 ι

305 3847 426 3901 Fabricii
443 3846 513 3900 Bibl.
532 3863 572 3914 gr.
588 3846 625 3899 IX
642 3863 669 3915 p.
684 3851 742 3912 744,
761 3847 926 3914 argumento
945 3847 1040 3900 tamen
1058 3843 1144 3898 allato
1162 3842 1246 3898 nullo.
1266 3875 1300 3883 -
1318 3843 1448 3900 Ceterum

305 3939 376 3994 bene
399 3940 433 3993 de
457 3938 556 3994 litteris
579 3939 681 3994 nostris
704 3939 850 3993 meriturus
874 3937 995 4004 videtur,
1019 3936 1065 4005 qui
1087 3955 1121 3992 ex
1144 3935 1259 4012 Aptonii
1279 3937 1448 4006 Maximique
1534 3981 1535 4006 ,

306 4032 406 4101 copiis,
426 4033 462 4085 ad
480 4049 548 4098 quus
566 4049 664 4102 parum
683 4050 755 4086 nuno
773 4030 917 4101 expeditus
937 4033 980 4086 est
997 4030 1098 4097 aditur,
1118 4031 1263 4098 excerptas
1279 4036 1450 4098 profanorum

306 4124 471 4194 scriptorum
490 4125 643 4179 sententias
662 4125 757 4178 dedita
776 4143 862 4194 opera
880 4124 1067 4195 composuerit
1085 4122 1278 4190 communique
1300 4124 1364 4177 usui
1388 4141 1450 4194 upe-

305 4217 405 4272 rnerit:
435 4219 496 4288 pari
517 4217 545 4271 id
569 4217 680 4285 quidem
704 4217 817 4272 consilio
841 4223 924 4285 atque
948 4218 1022 4285 quod
1044 4217 1152 4286 pridem
1170 4214 1329 4270 adhibitum
1347 4219 1394 4271 est
1412 4219 1450 4271 lo-

306 4311 385 4365 annis
405 4311 569 4368 Danraseeni
586 4315 678 4380 Ἱεροῑε
697 4313 893 4381 παραλλήλοις.
929 4309 977 4364 Cui
996 4310 1109 4365 consilio
1133 4309 1310 4375 exsequendo
1330 4327 1448 4365 commo·
1534 4335 1535 4346 ι

307 4405 435 4460 alissimus
454 4424 521 4461 saue
539 4408 614 4460 loeus
633 4405 661 4458 in
680 4403 794 4460 Stolraci
817 4407 943 4474 exemplo
962 4403 1156 4459 Teubneriauo
1174 4405 1289 4472 paratus
1310 4405 1394 4472 erat]
