3272 5088
266 365 331 430 464
735 381 782 430 na
804 382 954 432 MARSYIS

267 535 403 598 ticorum
426 535 647 600 notatiuncula
670 535 736 600 eius
760 558 831 600 cum
849 536 1065 601 Macedonicis
1088 537 1335 620 antiquitatibus
1357 560 1411 603 ne·

269 645 427 709 cessitudo
458 645 713 711 monstraretur?
749 647 819 730 quis
853 647 940 711 velut
971 649 1111 713 τελεαάε
1138 669 1256 712 nomen
1284 647 1411 732 (an)
1479 673 1484 681 ·

268 755 457 839 simpliciter
484 756 617 820 allatuin
641 760 827 840 assequatur
849 779 911 840 quo
933 779 1017 821 nexu
1039 758 1179 841 potuerit
1207 758 1411 822 historiarum

268 865 358 929 libris
380 866 537 930 insertum
557 865 680 930 fuisse?
729 865 791 930 Sed
818 870 928 930 tamen
950 870 986 930 ut
1008 889 1047 931 ex
1074 868 1124 930 his
1152 868 1328 953 largiamur
1354 890 1411 932 sua
1494 879 1501 890 '

268 997 335 1040 non
356 975 500 1040 hausisse
518 976 739 1058 Athenaeum,
762 975 927 1060 Marsyam
948 980 1108 1041 memento
1131 979 1225 1059 ἕτερά
1246 999 1318 1045 τινα
1339 981 1412 1057 περὶ

267 1091 323 1166 τῆς
346 1086 424 1153 ἰδία(
447 1087 581 1168 πατρία(
604 1086 739 1151 edidisse
762 1087 797 1150 in
810 1088 916 1171 eisque
938 1086 1075 1151 fortasse
1097 1087 1136 1152 de
1158 1089 1299 1152 moribus
1320 1088 1411 1153 insti-

268 1197 387 1260 tutisve
410 1197 599 1281 quibusdam
620 1195 832 1260 Macedonum
860 1197 1064 1262 miscellaneo
1092 1197 1147 1262 illo
1175 1198 1411 1262 commentandi

268 1327 386 1391 genere
409 1329 601 1392 quamquam
622 1329 688 1370 non
711 1307 957 1392 grammaticum
980 1308 1178 1391 exposuisse,
1203 1309 1290 1372 cuius
1313 1309 1410 1393 scrip·
1484 1303 1487 1310 ’

267 1419 353 1481 tores
382 1417 511 1500 plurimi
541 1439 579 1480 ex
607 1416 889 1502 peripateticorum
922 1417 1039 1482 scholis
1067 1418 1264 1501 prodierunt.
1311 1417 1411 1505 [Ipsis

268 1526 483 1592 Macedonicis
511 1527 728 1611 Philippensis
756 1528 820 1591 tria
842 1528 1004 1592 Athenaei
1030 1528 1216 1592 testimonia
1245 1528 1411 1592 nobiscum

269 1637 466 1701 confidenter
487 1626 601 1702 tribuit
616 1637 787 1701 Muellerus
803 1660 834 1720 p.
846 1637 899 1721 46,
917 1637 1171 1724 Archaeologiae
1187 1638 1317 1703 Atticae
1339 1659 1410 1702 cum

268 1745 477 1832 Bernhardyo
500 1747 632 1812 Geierus
655 1770 687 1831 p.
704 1747 766 1812 338
782 1745 842 1834 sq.]

354 1856 460 1940 (XIX.
485 1857 565 1943 XX)
602 1856 691 1921 Idem
720 1858 826 1921 valere
855 1858 917 1922 huc
944 1861 1065 1941 potest,
1101 1857 1184 1942 quod
1206 1880 1225 1922 a
1247 1858 1353 1922 Plinio
1375 1858 1410 1921 in

268 1971 397 2031 elenchis
419 1977 576 2032 auctorum
598 1979 793 2032 externorum
821 1967 895 2032 libri
917 1967 981 2032 XII
1003 1972 1036 2031 et
1058 1967 1138 2031 XIII
1166 1968 1333 2032 Naturalis
1362 1967 1408 2031 hi-

268 2077 401 2160 sturiae,
430 2077 543 2160 quibus
571 2077 660 2141 libris
688 2077 866 2141 denatura
894 2077 1043 2141 arborum
1071 2078 1314 2162 peregrinarum
1342 2077 1409 2162 agi-

268 2189 330 2269 tur,
354 2208 386 2269 p.
403 2187 455 2250 39.
471 2187 512 2250 41
536 2187 605 2252 Sill.
629 2192 808 2269 Marsyas
830 2191 986 2252 Macedo
1008 2187 1157 2271 ponitur:
1184 2187 1248 2251 nisi
1270 2188 1407 2271 quidem,

268 2297 351 2380 quod
387 2297 608 2380 amplectimur
649 2296 817 2380 libentius,
859 2296 892 2361 id
928 2319 1030 2381 genus
1074 2318 1180 2360 rerum
1222 2297 1409 2361 enarrandis

268 2407 446 2472 Alexandri
473 2407 517 2471 M.
553 2408 588 2471 in
619 2407 752 2471 orientis
785 2410 893 2490 partes
927 2406 1182 2490 expeditionibus
1216 2407 1407 2471 intexuerat.

270 2515 444 2603 [Pellaeum
466 2517 665 2581 substituunt
688 2538 758 2580 cum
774 2517 940 2601 Droyseno
956 2539 987 2599 p.
1000 2517 1058 2580 681
1086 2515 1217 2581 Geierus
1239 2540 1271 2601 p.
1288 2516 1373 2605 333.]

354 2627 455 2712 (XXI.
473 2627 581 2712 XXII)
615 2627 684 2690 Nec
705 2648 781 2691 vero
803 2627 881 2690 satis
905 2647 1035 2691 caussae
1057 2625 1236 2710 Hesychius
1264 2627 1407 2710 praebet,

269 2747 324 2801 cr'rr
356 2760 427 2802 cum
455 2736 602 2802 Fabricio
635 2735 719 2800 Bibl.
749 2757 798 2820 gr.
829 2735 877 2800 Vl
909 2758 941 2819 p.
965 2736 1028 2800 372
1060 2736 1095 2818 in
1127 2736 1409 2821 grammaticorum

268 2869 434 2912 numerum
449 2849 593 2931 Marsyas
616 2845 783 2929 referatur,
806 2845 982 2909 testimonii
1005 2867 1117 2910 caussa
1139 2846 1296 2910 excitatus
1317 2867 1409 2929 prae-

267 2961 317 3020 ter
339 2957 417 3020 satis
440 2957 607 3020 obscuram
629 2957 770 3039 glossam
791 2956 853 3019 vol.
870 2955 903 3019 Π
924 2977 956 3039 p.
975 2955 1068 3038 1445,
1090 2955 1237 3036 inquam
1257 2955 1322 3020 iam
1343 2977 1409 3019 non

268 3069 363 3130 vacat
384 3066 603 3152 inquirere*)‚
633 3065 730 3130 etiam
752 3089 784 3149 p.
807 3065 887 3129 1219
911 3063 980 3152 [50‚
1004 3065 1045 3129 25
1068 3063 1205 3152 Schm.]:
1234 3066 1408 3130 exorior·

267 3177 381 3256 vator,
398 3178 417 3243 ὁ
434 3177 535 3258 λάθρα
555 3177 718 3256 γεννηθεὶς
733 3179 799 3242 τῶν
817 3177 946 3252 γονέων
962 3179 1019 3255 τῆ(
1032 3175 1137 3256 κόρης.
1149 3176 1225 3241 τοὺς
1239 3177 1300 3256 γὰρ
1316 3177 1356 3256 μή
1375 3177 1408 3240 ἐκ

267 3291 422 3369 φανερᾶς,
445 3287 596 3368 λαθραία(
611 3288 646 3352 δὲ
661 3285 773 3365 μίξεως
794 3286 971 3363 γεγονότα(
993 3285 1135 3351 εκοτίουε
1157 3286 1305 3368 ἐκάλουν,
1329 3286 1408 3351 ἔνιοι

267 3395 504 3484 superaque,
534 3397 628 3462 ἄλλοι
652 3395 900 3475 capranicae,
931 3396 1072 3476 καθάπερ
1100 3396 1284 3475 Μαρεύο(
1312 3395 1347 3460 ἐν
1370 3401 1407 3478 τῇ

267 3509 358 3573 ’tribu
387 3529 468 3591 quae
491 3507 633 3590 sequitur
655 3527 738 3570 nova
760 3505 868 3590 glossa
891 3506 1093 3571 (κοτοδινιᾶ·
1109 3509 1285 3570 (corciram.
1320 3503 1407 3578 Quae

267 3617 294 3680 si
318 3617 415 3681 codex
443 3620 584 3698 teneret,
613 3615 673 3679 etsi
695 3614 835 3679 dubitari
857 3614 897 3677 de
918 3611 1094 3697 scripturae
1123 3613 1311 3698 integritate
1336 3633 1407 3696 pos-

267 3730 331 3809 set,
354 3731 464 3790 tamen
486 3747 550 3790 non
574 3725 642 3788 sine
665 3724 771 3808 specie
793 3724 859 3787 veri
882 3723 1100 3808 argumentari
1126 3722 1326 3809 grammatici
1351 3721 1407 3786 ali—

333 4013 359 4082 *)
386 4012 476 4082 [Inter
498 4012 618 4067 ὑεετάκο
641 4014 670 4067 et
691 4011 767 4066 terte
798 4017 977 4080 p.19t‚107
1005 4007 1096 4066 Schm.
1124 4009 1288 4066 collocatam
1321 4009 1407 4066 codex

266 4104 393 4160 mutilam
410 4105 534 4174 glossam
551 4104 624 4158 hanc
640 4105 738 4159 habet:
778 4107 855 4172 crte·
874 4107 890 4158 ὁ
909 4106 1055 4172 euroeae.
1074 4105 1214 4171 Mupcduc.
1250 4103 1305 4158 Vbi
1322 4106 1407 4170 ὑετή(

265 4198 406 4264 Meam-us,
425 4199 529 4266 οὐετὴ(
548 4201 641 4252 autem
658 4215 714 4253 nou
733 4196 792 4251 sine
810 4214 914 4266 magna
931 4196 991 4250 veri
1008 4196 1100 4266 specie
1117 4197 1204 4250 Maur.
1226 4195 1407 4262 Schmidtius3

265 4310 331 4346 uam
358 4291 392 4346 de
419 4293 504 4358 ὺετὴ(
531 4290 637 4344 scilicet
662 4289 767 4344 aeolico
794 4289 811 4342 i.
831 4307 854 4344 c.
880 4291 965 4357 ὁετή(
986 4289 1031 4343 vix
1057 4289 1228 4372 persuaserit
1252 4287 1407 4345 Lobeclrius

266 4383 449 4454 Pathologiae
467 4383 546 4438 elem.
566 4385 577 4436 Ι
595 4401 621 4453 p.
635 4388 685 4438 362
703 4383 809 4452 adnot]
