3270 5094
666 334 788 386 oanrrr
811 335 975 385 coneum.
1327 321 1390 388 399

252 489 417 558 {vocalis
451 490 611 554 coalescit.
657 487 777 553 Contra
804 489 1002 553 memorabili
1032 489 1176 573 exemplo
1209 512 1391 554 mensuram

248 601 446 667 trochaicam
474 600 578 683 ipsum
605 601 720 679 νεαρό(
748 599 936 664 vocabulum
969 600 1053 682 apud
1081 599 1255 664 Pindarum
1284 605 1391 665 tuetur

249 712 343 796 Pyth.
368 709 408 792 X,
431 711 474 772 25
501 712 550 774 καὶ
572 711 667 775 ζώων
690 709 736 773 ἔτι
758 710 892 789 νεαρόν,
927 709 981 793 qui
1003 731 1112 772 versus
1141 710 1190 772 his
1219 711 1391 794 respondet

250 819 508 886 constantissime
538 818 669 902 longam
698 818 898 882 servantibus
926 819 1174 900 paenultimam:
1210 825 1277 886 τῶν
1300 823 1333 886 δ’
1355 823 1391 886 ἐν

249 931 372 996 Ἐλλάδι
393 934 542 1008 τερπνῶν
564 966 605 976 -
629 928 722 1008 ὀλβία
751 928 948 1008 Λακεδαῑμον
970 965 1013 976 —
1034 930 1159 1004 reterre
1180 932 1241 1010 γὰρ
1264 932 1390 997 ἀέθλων

249 1078 291 1089 -
313 1043 346 1102 et
368 1038 422 1122 qui
444 1040 519 1100 sunt
541 1037 664 1120 reliqui.
710 1036 756 1100 Vt
782 1059 848 1101 non
870 1037 1014 1121 prolecto
1035 1037 1145 1122 inepte
1168 1060 1263 1123 agere
1285 1039 1390 1104 videa-

249 1153 316 1232 tur,
341 1148 410 1232 qui,
435 1146 515 1231 quod
540 1146 679 1210 Pindaro
702 1147 809 1228 licuit,
838 1146 921 1210 idem
943 1147 978 1211 in
1000 1147 1100 1231 lyrico
1122 1169 1241 1232 genere
1263 1149 1391 1214 licuisse

250 1257 400 1342 Sophocli
431 1261 562 1341 arguat:
606 1255 669 1319 nisi
701 1259 811 1319 tamen
844 1255 1035 1341 gravissima
1070 1257 1229 1322 dubitatio
1262 1258 1391 1324 aliunde

251 1371 413 1432 nascatur.
457 1364 533 1429 Non
555 1364 755 1428 haerebimus
778 1387 864 1429 nunc
886 1366 920 1429 in
943 1368 984 1431 οὐ
1004 1368 1140 1434 -οὔτε
1161 1369 1391 1452 particularum

250 1478 418 1543 societate:
441 1497 536 1558 quam
559 1475 612 1538 diu
634 1477 684 1537 est
706 1495 744 1538 ex
766 1496 828 1558 quo
852 1475 899 1538 ab*
915 1475 1060 1539 Elmsleii
1080 1475 1279 1562 Reisigiique
1302 1479 1390 1543 dubi-

250 1586 426 1652 tationibus
449 1586 489 1650 οὐ
511 1623 554 1636 —-
576 1585 654 1649 οὐδέ
676 1585 894 1667 expetentium
921 1583 1127 1649 Hermannus
1152 1587 1328 1652 vindicavit
1355 1590 1390 1653 in

251 1695 327 1760 Eur.
351 1693 435 1758 Med.
459 1717 491 1778 p.
515 1694 579 1758 330
600 1715 668 1777 sqq.
692 1693 756 1757 400
778 1715 844 1778 sqq.
891 1693 1011 1758 Venun
1038 1695 1120 1778 quod
1148 1699 1265 1778 νεαρό(
1293 1700 1390 1784 vulgo

252 1805 390 1870 creditur
418 1825 485 1868 esse
513 1803 683 1884 ‘iuvenis',
721 1802 752 1865 id
776 1803 902 1886 quidem
924 1826 1053 1887 prorsus
1075 1805 1157 1869 falso
1181 1807 1266 1870 credi
1289 1808 1390 1873 scien-

253 1915 326 1978 dum
355 1917 418 1978 est:
456 1912 496 1977 ad
522 1916 667 1976 teneram
700 1911 787 1976 euim
819 1912 898 1976 illud
926 1916 1065 1977 aetatem
1097 1917 1267 2001 puerilem,
1305 1919 1391 1983 haud
1518 1923 1524 1936 '

251 2046 409 2108 quaquam
436 2022 476 2085 ad
503 2022 675 2086 iuvenilem
702 2025 847 2105 spectare
875 2024 1019 2105 exempla
1041 2029 1207 2107 poetarum
1230 2027 1271 2091 ad
1292 2051 1390 2092 unum

251 2135 358 2197 omnia
380 2132 541 2196 evincunt.
585 2131 732 2195 Infantes
754 2130 912 2196 Homerus
942 2133 1063 2217 cogitat
1092 2157 1162 2198 cnm
1184 2141 1294 2204 παῖδε(
1317 2161 1389 2205 νεα-

252 2247 302 2326 ροὶ
323 2243 416 2323 χῆραί
438 2264 471 2308 τε
494 2245 640 2317 γυναῖκε(
662 2240 741 2304 dicit
762 2240 872 2305 Iliadis
895 2241 944 2324 Il,
968 2243 1045 2307 289:
1079 2244 1118 2308 de
1142 2267 1239 2328 puero
1262 2253 1389 2314 διαυλο-

251 2355 360 2437 δρόμῳ
394 2351 550 2415 Pindarus
583 2349 723 2433 loquitur
755 2349 775 2413 l.
806 2373 830 2413 s.
860 2374 903 2413 a:
946 2351 984 2413 de
1018 2352 1124 2416 filiolis
1157 2354 1316 2438 Thyestae
1349 2359 1390 2422 ab

252 2463 353 2526 Atreo
380 2460 529 2525 mactatis
557 2459 644 2522 dicta
671 2463 746 2522 sunt
772 2462 886 2525 τέλεον
914 2465 1042 2540 νεαροῐ(
1069 2463 1216 2530 tarouca<
1245 2466 1280 2529 in
1302 2469 1390 2552 Aga-

251 2593 420 2636 memnone
447 2591 476 2632 v.
503 2569 584 2632 1472
618 2568 667 2632 ed.
696 2567 823 2633 Herm:
861 2570 1040 2634 adultonun
1069 2575 1101 2636 et
1127 2574 1271 2638 nondum
1303 2577 1389 2640 adul-

252 2685 356 2746 torum
383 2678 542 2764 oppositio
568 2678 606 2740 fit
632 2677 749 2742 ibidem
777 2703 806 2743 v.
831 2680 894 2744 344
919 2683 995 2760 μήτε
1018 2685 1116 2760 μέγαν
1139 2685 1212 2764 μήτ’
1235 2685 1294 2752 οὖν
1317 2709 1389 2752 νεα-

252 2797 320 2872 ρῶν
350 2811 440 2866 τινα,
471 2789 549 2852 item
581 2808 750 2871 puerorum
784 2809 955 2873 senumque
988 2812 1018 2854 v.
1052 2793 1093 2856 76
1125 2795 1243 2874 νεαρὸ(
1274 2799 1390 2875 μυελό(

252 2903 351 2988 (lexin
378 2901 514 2984 lcdrmc)
547 2901 579 2962 et
606 2897 805 2979 ἰ(όπρε(βυ(;
842 2900 1008 2981 puerulum
1041 2902 1186 2966 Orestem
1218 2905 1389 2990 Iphigenia

252 3012 331 3076 dicit
353 3011 474 3091 βρέφο(
497 3010 608 3074 ἔλιπον
631 3008 781 3084 ἀγκάλαι(
796 3010 916 3088 νεαρὸν
931 3016 1070 3093 τροφοῦ,
1094 3015 1213 3092 νεαρὸν
1228 3016 1264 3081 ἐν
1280 3018 1390 3095 δόμοι(

252 3144 282 3186 v.
306 3120 369 3184 835
392 3118 440 3182 ed.
464 3117 605 3181 Nauck:
634 3117 829 3200 Ganymedis
852 3120 1010 3197 πρόεωπα
1032 3123 1132 3200 νεαρά
1155 3121 1238 3187 idem
1261 3123 1389 3210 Euripi-

252 3231 307 3294 des
329 3228 445 3294 Troad.
469 3227 545 3292 835:
569 3225 659 3310 quasi
681 3226 835 3309 puerilem
857 3227 1062 3292 teneritatem
1084 3239 1116 3293 et
1137 3233 1304 3298 mollitiem
1326 3237 1389 3300 oris

252 3342 336 3404 idem
358 3337 521 3423 significat
536 3334 713 3418 Hippolyto
735 3338 850 3416 (άρκοπ
872 3339 989 3418 νεαρὰ(
1011 3341 1129 3406 ξανθόν
1150 3364 1184 3407 τε
1207 3343 1287 3424 κάρα
1309 3352 1389 3429 (δια-

252 3449 432 3532 λυμανθείε)
468 3445 613 3509 tribuens
650 3443 749 3529 Hipp.
790 3445 883 3510 1348.
934 3446 1003 3510 Ne'e
1039 3447 1196 3514 Pindarus
1229 3460 1390 3538 repugnat

252 3560 363 3624 Isthm.
387 3556 483 3638 vlu,
506 3556 562 3619 47:
595 3557 647 3618 καὶ
668 3557 788 3633 νεαρὰν
810 3555 932 3621 ἔδειξαν
955 3562 1069 3636 (οφῶν
1092 3561 1224 3639 (πόματ’
1247 3563 1388 3644 ἀπείροι·

252 3691 300 3736 (ιν
323 3667 612 3750 ἀρετὰνἈχιλέοει
634 3663 864 3730 recordandum
880 3668 929 3727 est
944 3665 1031 3729 euim
1054 3690 1225 3734 sexennem
1249 3674 1389 3756 coepisse
1411 3695 1448 3746 vu

253 3779 412 3844 Achillem
435 3775 560 3838 virtut‘n
582 3772 729 3837 iuvenilis
752 3771 941 3837 documenta
964 3775 1056 3841 edere
1079 3778 1188 3843 eodem
1210 3785 1291 3846 teste
1313 3783 1389 3848 Pin·

252 3889 329 3953 daro
351 3887 444 3952 Nem.
466 3884 527 3967 ΙΠ,
549 3883 592 3948 49
620 3883 740 3966 (ἑξέτης
761 3888 944 3966 τοπρῶτον,
968 3886 1049 3952 ὅλον
1072 3891 1104 3952 δ’
1126 3891 1228 3956 ἔπειτ>
1250 3894 1290 3958 ἀν
1312 3895 1388 3974 χρό-

252 4001 344 4084 νον),
377 4015 557 4062 novennem
585 3994 691 4056 autem
719 3992 845 4056 filiabus
876 3992 1060 4076 Lycomedis
1082 4021 1116 4062 se
1138 4001 1288 4084 miscere,
1323 4025 1389 4068 non

252 4110 396 4193 profecto
417 4107 564 4170 iuvenem
587 4101 641 4164 sed
664 4099 947 4186 adulescentulum,
972 4109 1100 4171 auctore
1115 4110 1310 4192 Apollodoro
1327 4112 1386 4194 ΙΙΙ,

256 4221 304 4302 13,
328 4219 358 4300 8,
382 4217 433 4281 vel
455 4213 531 4278 ‘vix
549 4211 599 4275 bis
621 4232 715 4275 senos
738 4217 857 4274 annos'
881 4220 1032 4296 agentem
1054 4219 1228 4283 secundum
1250 4221 1389 4286 Statium

252 4327 370 4394 Achill.
400 4326 450 4407 II,
479 4322 557 4403 396,
592 4321 681 4382 brevi
709 4323 816 4384 aulem
841 4331 994 4417 temporis
1022 4329 1126 4410 spatio
1153 4331 1321 4396 interiecto
1348 4331 1388 4397 ad
