3272 5088
647 345 788 394 rascrcr
811 347 960 396 issara.
1299 317 1374 398 '415

230 496 335 560 verbis
357 495 435 561 Var.
459 496 534 562 hist.
558 497 637 562 Xlll
660 519 730 582 cap.
753 499 792 562 4:
823 501 994 579 Ἀρχέλαοι
1022 501 1042 564 ὁ
1066 503 1210 581 βατιλεὺε
1238 501 1371 567 ἑετίαειν

229 607 444 686 neccessitate
471 610 632 686 πολυτελῆ
654 611 723 674 τοῑε
751 608 897 688 ἑταίροιε.
931 610 1107 688 προϊόντοε
1129 613 1165 675 δὲ
1186 615 1245 676 τοῦ
1267 611 1372 676 πότου

230 717 415 797 ζωρότερον
437 719 521 784 πιὼν
544 718 711 798 Εὐριπίδη(
740 719 865 798 ὑπήχθη
888 739 959 784 ποτε
981 721 1053 785 κατ’
1072 720 1188 796 ὀλίγον
1210 721 1244 786 ἐς
1266 721 1372 800 μέθην.

231 826 301 891 είτα
328 827 533 904 ευγκλιθέντα
560 827 648 912 αὐτῷ
671 828 838 905 Ἀγάθωνα
864 829 923 894 τὸν
950 833 1006 908 τῆς
1033 829 1211 914 τραγῳδίαι
1237 832 1373 909 ποιητὴν

231 938 413 1016 περιλαβὼν
435 937 598 1018 κατεφίλει
619 937 914 1016 τετταράκοντα
940 939 1043 1006 ἑτῶν
1070 959 1147 1004 που
1168 939 1373 1014 γεγονότα,

232 1043 322 1120 Quod
354 1045 481 1130 quidem
512 1045 732 1110 testimonium
760 1067 815 1110 cur
848 1047 883 1110 in
912 1047 1145 1112 dubitationem
1177 1068 1372 1131 vocaremus,

231 1154 314 1220 ratio
340 1155 430 1220 niella
458 1158 556 1237 esset,
586 1155 712 1220 etiamsi
740 1155 811 1220 aliis
833 1159 961 1240 praeter
982 1156 1154 1222 Aelianum
1180 1156 1407 1224 asamonaei

233 1261 416 1348 Agathonis
438 1264 474 1329 in
495 1264 685 1329 Macedonia
711 1286 776 1329 uua
805 1243 876 1330 ciun
897 1265 1051 1350 Euripide
1080 1268 1286 1331 commoratio
1307 1287 1373 1332 non

232 1376 316 1438 esset
339 1373 543 1438 confirmata:
569 1395 651 1458 quae
673 1374 823 1458 quoniam
850 1374 891 1438 ad
913 1375 1029 1439 aetatis
1051 1375 1270 1440 definitionem
1291 1375 1373 1440 nihil

232 1483 411 1566 pertinent,
436 1483 541 1568 aptius
562 1505 649 1549 nunc
670 1484 871 1548 omittrmtur.

316 1591 362 1657 Vt
384 1597 508 1676 antem,
532 1615 594 1677 quo
616 1597 760 1676 tempore
783 1594 867 1676 apud
878 1594 1074 1660 Archelaum
1096 1593 1228 1680 Agatho
1249 1597 1371 1658 versari

231 1701 383 1785 potuerit,
407 1707 630 1788 cognoscatur,
655 1703 851 1787 exploranda
873 1703 943 1786 ipsa
965 1703 1156 1768 Archelai
1178 1706 1289 1768 aetas
1312 1708 1371 1768 est.

232 1810 281 1876 De
303 1832 366 1895 qua
386 1811 598 1877 diversissime
619 1815 801 1876 statuerunt
826 1813 971 1878 historici
993 1833 1065 1878 cum
1085 1815 1208 1876 veteres
1235 1816 1305 1878 tum
1326 1836 1373 1878 re-

233 1921 400 1986 centiores.
450 1921 604 1986 Veterum
630 1925 737 1986 autem
762 1923 916 1988 memoria
948 1944 1045 2006 quam
1070 1922 1195 1988 incerta
1222 1923 1374 1988 Archelai

233 2034 323 2096 aetas
344 2031 458 2114 fuerit,
487 2031 538 2096 vel
566 2053 604 2095 ex
627 2052 665 2096 eo
691 2031 907 2117 intellegitur,
939 2033 1022 2116 quod
1049 2033 1184 2098 eandem
1210 2054 1252 2098 ne
1274 2033 1374 2098 Athe-

232 2161 332 2206 naeus
346 2141 474 2225 quidem
489 2144 685 2226 compertam
700 2140 828 2224 habuit,
852 2142 906 2226 qui
927 2145 964 2206 ut
985 2143 1074 2206 illam
1089 2143 1247 2225 definiret,
1272 2143 1327 2207 lib.
1344 2143 1374 2206 V

233 2274 266 2335 p.
288 2250 350 2316 217
372 2257 412 2317 I).
435 2255 466 2316 Ε
489 2251 579 2314 miris
606 2273 680 2316 usus
707 2254 757 2315 eat
789 2250 996 2336 ambagibus,
1034 2255 1130 2336 atque
1156 2273 1177 2315 a
1203 2250 1374 2316 Perdiccae

233 2363 356 2444 aetate,
401 2382 481 2445 quae
516 2359 739 2424 historicorum
775 2360 967 2424 testimoniis
1003 2360 1129 2424 videtur
1166 2361 1374 2425 contestatior

233 2470 342 2553 fuisse,
365 2470 587 2553 proficiscitur.
632 2469 758 2553 Duplex
778 2473 886 2534 autem
899 2473 1178 2534 monumentorum
1192 2489 1293 2553 genus
1310 2473 1373 2535 est:

233 2579 423 2664 seiungendi
443 2579 563 2644 anima
579 2579 842 2664 chronographis,
866 2600 999 2664 quorum
1014 2573 1181 2643 consilium
1196 2578 1373 2661 simplicem

233 2710 391 2754 annorum
412 2689 613 2754 notationem
627 2693 753 2773 spectat
765 2690 926 2754 rationum
948 2688 1161 2776 explicatione
1176 2687 1371 2773 destitutam,

233 2797 439 2864 historiarum
460 2799 631 2883 scriptores
653 2802 745 2882 sunt,
777 2799 830 2884 qui
853 2799 919 2864 sive
941 2799 1049 2864 dedita
1076 2819 1172 2884 opera
1195 2799 1261 2864 sive
1283 2799 1374 2884 quasi

234 2911 474 2991 praetereuntes
501 2908 654 2972 Archelai
686 2909 882 2973 mentionem
908 2909 1055 2974 fecenmt
1087 2930 1159 2973 cum
1186 2930 1291 2973 rerum
1319 2931 1373 2996 ge-

234 3021 357 3082 starum
379 3019 532 3083 memoria
555 3019 775 3084 coniunctam:
798 3039 931 3102 quorum
952 3019 1137 3103 plerumque
1157 3019 1243 3083 haud
1265 3021 1373 3104 paullo

234 3127 337 3192 maior
364 3132 412 3192 cst
439 3129 624 3194 auctoritas.
668 3126 714 3192 Vt
742 3131 849 3192 antem
878 3127 920 3191 ab
947 3149 1104 3192 annonnn
1125 3150 1258 3193 numero
1279 3131 1373 3213 profi-

236 3237 404 3322 ciscamur,
443 3259 521 3321 quos
554 3238 697 3321 explesse
730 3235 897 3322 regnando
925 3236 1103 3301 Archelaus
1131 3238 1264 3322 dicitur,
1302 3262 1374 3304 cum

235 3347 431 3431 quadruplex
458 3347 604 3412 videatur
626 3346 983 3438 excurissepentenra:
1011 3349 1160 3430 septem
1188 3349 1274 3411 enim
1295 3350 1373 3414 anni
1497 3361 1499 3366 ’

236 3455 265 3520 ei
291 3456 475 3521 tribuuntur
507 3457 687 3522 aDiodoro
715 3455 777 3522 Sic.
801 3454 890 3538 XIV,
913 3457 971 3538 37,
1008 3456 1323 3539 quattuordecim
1355 3481 1374 3522 a

236 3563 383 3649 Syncello
414 3565 592 3650 Chronogr.
625 3588 658 3648 p.
690 3565 807 3631 254‘11
838 3564 887 3629 ed.
917 3563 990 3629 Par.
1025 3565 1163 3649 itemque
1196 3589 1228 3650 p.
1256 3566 1319 3632 263
1347 3573 1374 3632 A

236 3674 331 3758 (quae
359 3695 398 3738 ex
418 3675 559 3740 Diodoro
586 3675 698 3740 referri
725 3697 744 3740 a
772 3673 920 3758 Synoello
948 3677 1068 3738 ίοιιιοιο
1096 3675 1262 3739 contendit
1288 3675 1373 3741 Dod-

235 3784 345 3849 wellus
365 3807 398 3868 p.
417 3785 455 3850 18
470 3785 518 3870 b);
545 3785 677 3848 decem
706 3786 745 3848 et
771 3787 920 3866 septem
946 3807 966 3847 a
993 3783 1133 3848 Diodoro
1162 3784 1246 3869 apud
1274 3785 1373 3850 Eusc-

235 3893 323 3958 bium
356 3895 391 3960 in
424 3894 570 3980 linguam
597 3893 784 3958 Armeniam
818 3892 1011 3957 translatum
1041 3894 1103 3957 vol.
1127 3893 1143 3958 I
1170 3916 1202 3978 p.
1225 3895 1288 3961 323
1322 3896 1372 3961 ed.

236 4001 335 4087 Ven.;
372 4004 508 4088 denique
536 4006 722 4088 quattuor
754 4006 793 4067 et
821 4003 970 4087 viginti
999 4024 1071 4066 oum
1098 4003 1216 4068 ibidem
1249 4026 1281 4087 p.
1310 4005 1374 4069 324

234 4116 303 4177 tum
325 4113 360 4177 in
381 4114 481 4198 ipsius
503 4111 635 4177 Eusebii
657 4111 787 4177 Conone
811 4112 960 4177 chronico
982 4113 1044 4177 vol.
1067 4113 1100 4177 Π
1121 4135 1154 4198 p.
1170 4114 1247 4179 213:
1270 4113 1373 4196 primo

236 4223 495 4287 existimabamus
517 4243 644 4287 omnem
665 4222 754 4285 illam
777 4223 1024 4286 controversiam
1045 4221 1198 4287 facillime
1220 4221 1267 4286 sic
1280 4243 1373 4306 posse

236 4330 357 4415 dirimi,
391 4336 428 4396 ut
455 4354 521 4396 non
547 4331 616 4396 sola
642 4353 700 4418 per
722 4353 756 4396 se
778 4335 976 4416 spectaretur
997 4332 1149 4398 Archelai
1176 4337 1280 4419 aetas,
1318 4333 1373 4400 sed
