3218 5094
614 347 662 397 na
684 350 754 399 ouo
777 350 822 397 ur
844 349 986 398 oarouu.
1305 333 1368 399 623
1410 339 1412 342 ’

228 501 270 563 ab
292 500 356 565 Oro
384 501 525 584 exceptis
554 501 757 586 eiusdemque
785 503 933 566 acumine
961 503 1118 586 expeditis
1146 503 1367 586 communique

227 609 336 673 libello
359 611 574 694 consignatis:
612 612 730 695 quippe
758 613 794 678 ἐν
822 618 867 698 τῷ
895 615 1031 698 μουεεὶῳ
1054 619 1100 697 τῷ
1123 614 1201 678 κατὰ
1224 614 1366 680 Ἀλεξάν-

228 725 337 800 δρειαν
360 720 461 800 νόμοι
482 721 522 800 ἠν
545 722 779 801 apocarteresi
794 724 913 802 ζήτημα
928 725 979 789 καὶ
993 724 1049 788 τὰ(
1071 724 1242 803 γινομένας
1265 723 1367 788 tricor

181 819 186 830 ⁸
228 829 485 914 ἀναγράφειθαι,
509 835 545 895 ut
567 830 737 916 Porphyrii
759 832 865 896 verbis
887 835 961 896 utar
982 833 1017 897 in
1041 832 1146 898 Schol.
1175 831 1271 896 Hom.
1295 833 1333 896 Il.
1359 835 1365 897 Ι

227 939 304 1004 688;
341 942 452 1004 tamen
480 941 521 1004 ab
549 963 586 1005 ea
614 942 764 1025 opinione
791 963 940 1006 revocare
973 965 1025 1006 me
1057 943 1236 1006 debuerunt
1267 942 1367 1025 ipsius

227 1049 413 1116 testimonia
435 1049 621 1134 Herodiani,
646 1075 718 1118 suos
742 1051 985 1116 commentarios
1008 1054 1175 1134 upordcoc
1196 1052 1367 1136 inscriptos

229 1161 358 1224 citantis
380 1161 416 1225 in
438 1164 601 1247 προεῳδίᾳ
622 1163 770 1246 Ὁμηρικῇ
794 1163 835 1225 ad
857 1161 966 1226 Iliadis
994 1165 1024 1227 Ψ
1046 1163 1114 1249 6041
1136 1166 1168 1226 et
1189 1163 1216 1226 Ω
1244 1163 1305 1227 657
1328 1162 1367 1226 dc

227 1272 317 1350 νεοίη
340 1273 372 1334 et
394 1275 558 1352 ποεεῆμαρ
581 1271 703 1354 formis,
727 1294 862 1355 quarum
884 1272 1019 1336 alteram
1041 1273 1110 1356 ipse
1125 1273 1205 1337 dicit
1225 1272 1367 1353 ἀπορου-

227 1383 335 1461 μένην.
381 1380 473 1455 Quod
502 1381 588 1444 enim
616 1381 721 1464 priore
749 1381 818 1446 loco
849 1383 885 1447 ἐν
912 1389 958 1468 τῷ
981 1389 1163 1468 προτατικῷ
1185 1386 1313 1463 Ζητῆιαι
1334 1404 1367 1446 se

229 1492 286 1575 ait,
311 1513 348 1554 eo
369 1491 499 1555 nomine
516 1491 767 1555 commodissime
786 1491 1030 1576 significabatur
1051 1493 1178 1557 libellus
1200 1495 1367 1572 προτάεειι

227 1601 418 1684 inscriptus:
442 1601 525 1684 quod
547 1601 675 1685 quidem
696 1621 811 1666 moneo
833 1605 964 1685 propter
986 1601 1124 1667 Bekkeri
1146 1607 1270 1683 διπλῆν.

747 1799 768 1877 s
789 1797 842 1860 20.

312 1929 410 1995 Vides
432 1953 471 1994 ex
493 1931 550 2014 eis,
574 1952 655 2014 quae
679 1930 784 1994 adhuc
800 1932 1003 2015 contulimus,
1028 1931 1174 1997 Oricum
1188 1931 1366 1997 Herodiani

228 2041 388 2104 industria
409 2041 469 2105 hoc
490 2041 558 2104 fere
581 2041 709 2105 vinculo
730 2041 874 2105 iunctam
897 2063 981 2124 esse,
1016 2045 1053 2106 ut
1080 2043 1119 2106 de
1146 2043 1260 2126 quibus
1283 2064 1366 2108 com-

227 2154 390 2215 mentatus
412 2151 465 2214 hic
487 2153 585 2232 esset,
622 2151 732 2214 eadem
759 2151 863 2215 denuo
890 2151 1061 2215 tractanda
1089 2156 1122 2216 et
1149 2155 1366 2236 percensenda

228 2260 290 2324 sibi
313 2260 396 2325 Orus
418 2264 566 2324 sumeret.
598 2258 687 2336 Quod
710 2264 863 2324 testatum
885 2261 1039 2326 habemus
1062 2262 1100 2326 dc
1122 2263 1366 2348 orthographia3

227 2371 302 2434 item
333 2370 372 2435 dc
400 2370 558 2434 encliticis
586 2373 736 2453 excerpta
763 2370 960 2435 Herodiania
989 2373 1064 2435 inde
1095 2372 1136 2435 ab
1165 2372 1247 2438 Aldo
1281 2375 1366 2437 edita

228 2483 318 2562 suut3
341 2482 414 2560 περὶ
435 2483 549 2545 παθῶν
573 2479 713 2545 eiusdem
737 2481 957 2545 commentarii
979 2483 1015 2544 in
1035 2481 1151 2566 vulgus
1172 2482 1256 2564 noti;
1279 2483 1366 2546 deni-

228 2613 288 2674 que
316 2589 492 2654 Herodiam'
522 2592 595 2670 περὶ
622 2591 782 2672 διχρόνων
805 2591 990 2675 fragmenta
1012 2590 1169 2675 quaedam
1189 2594 1263 2674 post
1284 2591 1366 2655 Bek-

227 2700 339 2764 kerum
360 2699 483 2764 Anecd.
504 2699 554 2762 111
573 2723 605 2783 p.
628 2701 709 2766 1438
730 2699 769 2766 G.
788 2698 971 2765 Dindorfius
991 2701 1125 2784 protulit
1149 2700 1292 2765 Gramm.
1314 2724 1364 2786 gr.

227 2812 288 2874 vol.
312 2810 328 2873 1
350 2811 451 2894 pruef.
476 2833 507 2894 p.
532 2808 605 2874 VII.
629 2808 762 2895 xss1*);
794 2811 934 2895 temque
961 2810 1061 2875 indici
1082 2810 1365 2895 grammaticorum

228 2919 439 3004 tbisliniano,
462 2920 497 2984 in
520 2941 582 3004 quo
604 2922 676 3000 περὶ
698 2920 858 3001 διχρόνων
880 2921 1045 3005 scripsisse
1068 2921 1151 2986 Orus
1173 2921 1311 2986 traditur
1334 2924 1367 2985 et
1428 2991 1434 3006 ,

227 3029 342 3094 iterum
365 3032 464 3112 Orus,
488 3029 586 3093 semel
608 3029 840 3094 restituendum
861 3032 1059 3110 Ἡρωδιανόε
1081 3031 1216 3096 videtur.

312 3138 374 3203 Sed
397 3161 438 3204 ue
459 3139 594 3204 eandem
619 3140 654 3204 in
676 3143 801 3225 partem
824 3141 905 3204 alius
926 3141 973 3204 rei
996 3142 1159 3206 cuiusdam
1180 3142 1365 3206 memoriam

229 3252 344 3334 vertas,
370 3250 546 3315 cavendum
567 3249 629 3315 hac
645 3254 704 3334 est,
728 3273 824 3335 quam
840 3251 1074 3336 subirmgimus‚
1098 3251 1136 3314 de
1152 3252 1197 3315 eis
1211 3252 1365 3315 librorum

228 3358 388 3423 indicibus
411 3360 608 3444 quaestione,
631 3361 686 3445 qui
708 3361 748 3424 ad
764 3361 864 3426 Orum
885 3369 1047 3426 auctorem
1068 3360 1151 3424 falso
1172 3362 1362 3425 referantur.

228 3468 276 3532 De
303 3473 411 3550 κρεῖον
443 3470 546 3534 forma
579 3471 625 3535 sic
658 3471 797 3535 traditur
829 3472 865 3535 in
892 3471 1001 3554 Etym.
1031 3469 1114 3535 Gud.
1142 3493 1175 3554 p.
1198 3471 1278 3553 344,
1309 3471 1364 3534 12:

227 3581 312 3657 λέγει
331 3567 359 3643 ’ὁ
389 3578 506 3660 Ὠρο(
532 3581 576 3646 ἐν
610 3587 652 3667 τῇ
681 3583 817 3664 Ἰλιακῇ
851 3581 1070 3665 προεῳδίᾳ,
1104 3579 1153 3645 ὅτι
1185 3581 1223 3645 τὸ
1256 3583 1363 3660 κρεῖον
1382 3595 1414 3642 39

228 3689 341 3768 ὅμοιόν
364 3689 426 3754 teu
448 3696 494 3774 τῷ
517 3694 614 3755 θεῖον.
657 3689 747 3754 Nihil
770 3691 856 3754 enim
878 3711 1054 3774 moramur,
1078 3690 1162 3773 quod
1183 3690 1218 3752 in
1240 3688 1294 3752 Et.
1318 3689 1362 3754 M.

228 3821 259 3881 p.
282 3799 361 3882 536,
384 3799 427 3864 55
459 3801 615 3883 scriptum
644 3803 692 3863 est
719 3802 754 3866 ἐν
775 3808 813 3885 τῇ
843 3803 984 3886 Ἰλιαδικῇ
1013 3801 1182 3885 προιόδῳ,
1214 3799 1249 3862 in
1278 3798 1364 3862 Hav-

228 3909 331 3974 niensi
353 3931 385 3993 p.
409 3909 472 3974 932
494 3909 573 3974 adeo
594 3911 631 3976 ἐν
653 3917 690 3996 τῇ
718 3911 846 3996 Ἰταλικῇ
874 3911 1051 3996 προεῳδίᾳι
1087 3910 1126 3973 de
1154 3909 1269 3993 quibus
1298 3930 1364 3972 cor-

227 4081 430 4093 -ι-υ-ι-η--ι

295 4179 319 4247 *)
339 4179 493 4248 [integrum
511 4179 633 4234 libellum
651 4197 723 4233 nunc
741 4197 837 4234 omnes
855 4163 981 4234 novimus
999 4181 1064 4248 poet
1081 4177 1242 4232 Crumerum
1259 4175 1362 4233 Anecd.

229 4269 279 4324 Ox.
301 4273 323 4324 t.
346 4271 385 4325 111
408 4289 425 4324 u
447 4271 590 4326 Lehrsio
617 4273 723 4328 editum
745 4273 775 4326 in
798 4272 960 4328 ‘Herodiani
987 4271 1097 4340 scriptis
1119 4271 1208 4325 tribus
1236 4271 1364 4326 emenda·

227 4363 375 4432 tioribus’.]
