3218 5094
606 401 653 448 oa
676 401 747 450 ono
769 401 814 449 nr
837 319 980 448 curtina.
1300 382 1363 445 619

222 573 318 638 quam
339 555 433 638 quale
454 555 533 618 illud
556 559 614 638 est,
638 575 734 638 supra
757 555 821 618 iam
844 553 1002 618 elevatum
1024 557 1044 634 ξ
1070 553 1124 636 12,
1153 552 1236 636 quod
1263 552 1363 633 Ὠροε

223 663 362 728 nominis
384 665 557 749 vestigium
578 669 611 730 et
632 665 700 729 leve
724 669 756 728 et
776 664 877 728 fallax
901 666 1006 728 exstat
1027 663 1062 727 in
1082 663 1252 746 Excerptis
1274 662 1362 726 Pari-

223 773 312 837 sinis.
358 772 427 850 Quo
448 775 533 838 haud
556 776 621 840 scio
644 797 687 839 au
708 774 865 839 infirmius
893 774 990 838 etiarn
1017 777 1146 858 petatur
1174 795 1212 838 ex
1235 767 1382 838 Orionis
1515 779 1523 798 ⁸

224 883 262 947 de
284 884 383 964 ἁβρότ
405 885 571 948 notatione
593 907 625 968 p.
650 887 679 968 3,
708 888 760 948 ll:
784 886 803 949 ὁ
825 885 958 967 κούφα(
982 884 1119 964 βαίνων,
1148 884 1227 948 κατὰ
1255 885 1362 963 (τέμη-

224 1014 271 1058 (ιν
304 997 362 1059 τοῦ
397 994 525 1074 βάρους.
574 995 680 1061 οὕτω(
708 995 743 1060 ἐν
771 995 970 1074 ὑπομνήματι
998 995 1227 1074 Ἀνακρέοντα(
1254 992 1360 1074 εὗρον.
1379 1008 1412 1060 35

223 1105 399 1184 Ὅμηρος.
441 1107 530 1186 παρὰ
556 1107 595 1170 τὸ
622 1106 700 1172 ἄνευ
729 1106 797 1186 βίας
831 1105 1132 1184 sueconicus.
1182 1103 1221 1166 In
1249 1103 1363 1188 quibus

224 1213 367 1296 quamvis
382 1213 511 1278 indocte
526 1214 743 1298 importunum
758 1217 872 1300 poetae
886 1235 1005 1279 nomen
1027 1213 1180 1278 deleverit
1202 1235 1273 1277 cum
1287 1214 1362 1276 Lar-

224 1323 319 1388 chero
342 1321 499 1407 Sturzius,
529 1328 638 1389 tamen
666 1325 833 1409 quominus
861 1325 896 1388 in
918 1324 937 1389 ὁ
960 1325 992 1389 δ’
1015 1324 1132 1402 Ὠροτ
1159 1323 1237 1386 illud
1260 1326 1363 1387 verta-

223 1454 293 1496 mus
316 1432 372 1518 (cf.
389 1433 613 1498 Tittmarmum
628 1435 662 1499 in
678 1433 756 1500 Zon.
772 1457 805 1518 p.
824 1434 906 1499 1139
920 1457 953 1498 n.
970 1433 1043 1519 63),
1066 1432 1235 1518 ingeniosa
1256 1432 1363 1516 prohi-

223 1542 279 1606 bat
298 1541 403 1607 Bastii
426 1543 666 1609 coniecturam
689 1544 880 1632 Gregorium
901 1567 933 1628 p.
957 1542 1030 1609 576.

747 1828 767 1906 a
792 1825 841 1889 19.

308 1983 448 2048 Tantum
470 1985 596 2068 quidem
618 1984 657 2048 de
680 1985 835 2050 Orione.
880 1983 920 2047 In
948 1983 1025 2048 Oro
1051 1983 1136 2046 enim
1159 1982 1280 2066 reliqua
1302 1982 1363 2046 dis-

224 2093 349 2176 putatio
377 2095 481 2158 omnis
509 2095 697 2159 versabitur.
743 2093 839 2160 Cuius
866 2093 1082 2157 diversissima
1111 2095 1206 2176 atque
1235 2091 1363 2156 Orionis

224 2203 307 2267 ratio
334 2207 383 2268 est
405 2208 438 2269 et
460 2205 576 2288 virtus,
606 2210 647 2294 ut
668 2226 748 2288 quae
776 2226 842 2268 non
869 2203 992 2268 utiliter
1018 2205 1207 2268 conservata
1235 2205 1304 2265 arte
1332 2205 1365 2264 et

225 2311 265 2376 ad
291 2317 435 2396 posteros
463 2319 643 2399 propagata
672 2314 889 2396 contineatur,
924 2313 979 2377 sed
1007 2312 1118 2377 eadem
1144 2334 1210 2376 non
1237 2312 1364 2397 vulgari

225 2424 257 2486 ct
277 2422 410 2508 ingenio
432 2427 465 2487 et
486 2424 634 2488 doctriua
656 2427 813 2508 promota.
858 2422 948 2498 Quod
970 2425 1007 2486 ut
1034 2423 1081 2486 ita
1104 2443 1172 2486 esse
1194 2421 1363 2506 intellega-

224 2534 286 2614 tur,
310 2520 438 2616 praeter
461 2536 576 2616 cetera,
600 2537 678 2618 quot
699 2535 869 2618 qualesque
892 2533 967 2616 sint,
995 2555 1073 2616 quos
1095 2533 1215 2616 scripto
1239 2530 1362 2615 consig-

225 2642 311 2704 narit
332 2641 431 2707 libros
457 2645 699 2728 grammaticos,
729 2642 945 2727 quaerendum
973 2645 1032 2706 est.
1077 2641 1216 2716 Quorum
1243 2641 1364 2725 gravis-

225 2750 321 2815 simos
344 2773 360 2815 e
383 2753 638 2834 testimoniorum
660 2753 864 2817 multitudine
892 2752 989 2816 facile
1011 2751 1212 2836 intellegitur
1234 2772 1302 2814 esse
1326 2750 1364 2814 de

225 2860 520 2946 orthographia
549 2867 581 2926 et
608 2863 646 2927 de
673 2863 846 2926 ethnicis
870 2862 1124 2926 commentarios.
1170 2863 1219 2925 Ao
1240 2860 1279 2924 de
1300 2860 1364 2924 illia

226 2969 304 3034 haec
331 2970 457 3055 prodita
486 2977 561 3036 sunt
588 2994 627 3037 ex
654 2972 877 3057 Etymologico
905 2971 1051 3036 Parisino
1073 2994 1106 3035 n.
1129 2971 1215 3036 2630
1242 2970 1362 3034 Adnot.

225 3078 260 3142 in
282 3079 335 3143 ut.
360 3080 404 3145 M.
428 3105 459 3166 p.
485 3083 547 3148 793
569 3083 708 3167 itemquo
729 3082 908 3146 Havniensi
930 3105 962 3166 p.
987 3083 1065 3164 981,
1089 3102 1169 3166 quae
1191 3082 1364 3164 neglegen-

226 3186 349 3253 tissime
376 3190 537 3276 deacripta
565 3193 663 3257 habes
691 3193 725 3256 iu
752 3191 860 3257 Koesii
894 3213 932 3256 ex
961 3192 1071 3256 eodem
1100 3191 1155 3254 illo
1182 3189 1285 3274 Regio
1313 3211 1363 3254 ex-

227 3299 344 3381 cerptis
377 3321 409 3382 p.
436 3301 511 3384 192,
545 3303 602 3386 35,
641 3304 784 3388 graviter
823 3305 972 3386 corrupta
1011 3305 1117 3364 autem
1149 3301 1184 3364 in
1217 3299 1364 3364 Gudiauo

226 3430 258 3490 p.
281 3408 358 3490 415,
382 3409 438 3474 45:
476 3413 495 3476 ὁ
523 3413 632 3492 μέντοι
659 3413 774 3494 Ὠροε
803 3413 843 3476 ἐν
877 3418 921 3497 τῇ
956 3411 1080 3494 οἰκείᾳ
1113 3410 1364 3492 ὀρθογμαφίᾳ

227 3521 278 3585 διὰ
299 3525 355 3599 τῆ(
382 3523 409 3588 ε“ι
436 3521 616 3604 διφθόγγου
644 3523 776 3605 γράφει,
804 3523 845 3588 ἐν
874 3523 915 3586 δὲ
945 3527 997 3606 τῷ
1028 3520 1276 3599 ὑπομνήματι
1298 3524 1364 3598 τῆς

227 3631 499 3713 ὀρθογραφίατ
520 3635 588 3697 τοῦ
611 3634 855 3712 Ἡρωδιανοῦ
872 3631 1020 3712 ἐπικρίνει
1036 3633 1094 3710 τὴν
1112 3629 1163 3695 διὰ
1178 3633 1237 3694 τοῦ
1252 3630 1364 3708 Trou-

226 3741 301 3820 φήν.
345 3740 374 3804 Ε
401 3741 514 3825 quibus
543 3741 674 3805 cumin
702 3741 879 3806 Herodiani
912 3739 1175 3824 orthographiam
1208 3737 1366 3824 singulari

227 3850 308 3914 libro
331 3854 580 3916 commentatum
602 3873 670 3916 esse
693 3850 858 3934 discimus,
892 3855 962 3915 tum
989 3853 1101 3934 suopte
1130 3847 1263 3914 consilio
1291 3869 1364 3912 can-

225 3960 297 4025 dem
331 3961 395 4025 alia
429 3962 602 4045 scriptione
635 3962 843 4046 complexum.
894 3959 942 4024 Eo
973 3960 1074 4046 igitur
1107 3963 1247 4044 spectat,
1282 3959 1364 4042 quod

227 4071 310 4154 apud
339 4069 497 4135 Zonaram
523 4094 554 4156 p.
581 4071 664 4136 1010
691 4071 809 4158 legitur
837 4070 936 4151 Ὠροτ
964 4069 983 4134 ὁ
1012 4071 1163 4149 Μιλήαο(
1190 4071 1226 4136 ἐν
1253 4075 1291 4154 τῇ
1315 4070 1364 4135 οἰ-

226 4181 310 4262 κείᾳ
343 4181 441 4247 αὐτοῦ
475 4182 686 4267 ὀρθογραφὶᾳ.
741 4181 836 4245 Hanc
870 4183 976 4244 autem
1008 4179 1185 4264 significari
1218 4183 1363 4264 apparet,

227 4291 414 4375 ubicumque
447 4291 636 4375 simpliciter
668 4291 725 4357 Ori
758 4289 988 4376 orthographia
1016 4293 1293 4370 commemoretur,
1330 4289 1364 4354 in

227 4400 333 4486 Etym.
362 4399 406 4464 M.
429 4423 463 4485 p.
486 4401 565 4485 816,
594 4402 652 4466 38;
702 4401 807 4468 οὕτω(
842 4400 939 4482 εὖρον
973 4401 1017 4468 εἰ(
1048 4402 1107 4480 τὴν
1140 4400 1363 4484 ὀρθογραφίαν
