3218 5094
514 399 774 449 ououonomvn
796 401 1080 449 iuuuoaouausa.
1303 385 1364 449 577

225 553 313 633 περὶ
341 552 498 648 ἀνδρῶν
527 554 704 621 ἐνδόξων
734 555 977 618 commentarios
1000 553 1209 638 prodiderunt
1230 557 1267 617 ut
1290 553 1365 617 Am·

225 662 397 747 phicratea,
421 661 594 749 Megacles,
618 663 800 747 Neanthea,
829 664 879 728 vel
902 665 993 744 περὶ
1015 665 1235 744 ὁμωνύμων
1259 664 1362 748 (nocq-

225 777 292 840 τῶν
320 796 354 840 τε
382 776 433 839 καὶ
465 775 693 860 (υγγροφέων)
721 778 763 864 ut,
788 774 969 838 Demetrius
998 775 1144 858 Magnes.
1189 773 1263 838 Non
1297 773 1365 838 fere
1429 795 1436 804 ·

225 885 399 968 potuerunt
431 884 472 948 ab
499 883 550 948 hia
577 907 643 948 non
670 884 777 948 afferri
799 885 896 948 etiam
918 885 1167 948 memorabiliter
1189 883 1275 948 dicta
1296 884 1365 948 illo-

226 1016 312 1077 rum,
347 1016 479 1078 quorum
510 995 595 1058 vitae
628 994 899 1077 describerentur,
939 995 1093 1059 virorum:
1131 997 1225 1079 atque
1258 994 1366 1058 hausit

226 1104 388 1190 Diogenes
416 1105 464 1188 11,
492 1105 530 1168 12
558 1127 575 1169 e
598 1103 735 1188 Satyri
763 1105 848 1170 Vitis
871 1106 1086 1191 Anaxagorae
1114 1104 1364 1190 apophthegm,

226 1213 406 1280 Menedemi
436 1236 473 1279 ex
502 1214 718 1280 Heraclide
740 1214 788 1297 ΙΙ,
816 1217 885 1281 135.
931 1197 1129 1300 Quamquam
1156 1215 1217 1279 hoc
1239 1215 1365 1299 quidem

227 1329 333 1410 potest
355 1326 452 1390 etiam
474 1347 513 1390 ex
534 1325 675 1390 eiusdem
697 1323 878 1389 Heraclidis
906 1326 1045 1410 epitoma
1068 1325 1207 1391 Sotionis
1230 1326 1365 1409 petitum

227 1455 305 1519 esse,
329 1435 368 1500 de
390 1457 453 1520 qua
474 1435 599 1500 dicetur
620 1435 764 1519 posthac.

312 1545 380 1628 Eis,
404 1547 457 1630 qui
479 1546 520 1610 de
541 1545 615 1609 vitis
638 1546 816 1630 promiscue
839 1545 1052 1630 scripserunt,
1077 1521 1234 1610 accedunt
1255 1536 1308 1630 qui
1332 1546 1366 1610 in

227 1655 302 1720 solis
324 1657 373 1720 vel
396 1659 563 1739 poetarum
584 1656 633 1720 vel
661 1657 922 1741 philosophorum
943 1657 1018 1720 vitis
1041 1659 1074 1720 et
1094 1656 1230 1720 historia
1252 1657 1366 1720 substi-

227 1770 336 1831 terunt
343 1817 352 1850 ,
392 1789 471 1850 quas
505 1769 612 1850 partes
645 1769 773 1831 tantum
807 1789 935 1831 suorum
966 1767 1265 1832 commentariorum
1299 1789 1367 1831 esse

228 1876 357 1961 quidam
393 1877 590 1960 superiorum
626 1877 752 1941 illorum
788 1863 966 1942 voluerunt.
1024 1878 1073 1942 Ac
1109 1877 1206 1962 louge
1239 1878 1273 1941 in
1306 1877 1366 1941 hoc

228 2007 345 2071 genere
367 1987 520 2052 maiorem
541 1986 639 2051 fuisse
667 1987 927 2071 philosophorum
949 1988 1151 2052 fertilitatem
1174 2011 1231 2052 sua
1253 1993 1367 2071 sponte

227 2097 436 2183 intellegitur.
482 2097 651 2162 Pertinent
673 2097 773 2182 igitur
800 2097 862 2161 huc
885 2097 1012 2162 Diocles
1041 2101 1076 2164 ἐν
1104 2102 1171 2164 τοῖς
1199 2100 1277 2180 βίοι(
1300 2105 1367 2163 τῶν

228 2209 422 2290 φιλοεόφων
450 2211 498 2290 et,
536 2209 589 2292 qui
612 2230 689 2271 sane
712 2208 854 2272 disemus
883 2229 951 2272 esse
978 2209 1060 2273 liber
1087 2208 1226 2292 videtur,
1265 2210 1301 2274 ἐν
1329 2215 1366 2293 τῇ

228 2319 381 2402 ἐπιδρομῇ
404 2323 472 2384 τῶν
494 2319 701 2401 φιλοώφωνῑ
739 2317 924 2384 Timotheus
947 2318 1155 2382 Atheniensis
1182 2321 1254 2399 περὶ
1277 2319 1367 2400 βίων,

228 2429 282 2512 qui
304 2429 442 2493 solorum
463 2427 611 2493 videntur
634 2428 895 2512 philosophorum
915 2427 1028 2493 fuisse:
1051 2428 1255 2512 Hippobotus
1278 2429 1313 2493 ἐν
1329 2435 1366 2513 τῇ

228 2544 294 2605 τῶν
318 2539 510 2620 φιδοεόφων
533 2539 720 2623 ἀναγραφῇε
743 2538 854 2603 Nicias
876 2539 1065 2603 Nicaeensis
1088 2541 1124 2605 ἐν
1146 2545 1183 2624 τῇ
1207 2529 1386 2618 περὶτῶν

229 2650 422 2731 φιλοςόφων
455 2649 575 2732 ἱετομὶᾳ
612 2648 694 2732 apud
729 2649 932 2713 Athenaeum
960 2648 1007 2713 IV
1036 2671 1067 2733 p.
1099 2650 1159 2713 162
1189 2655 1220 2713 C.
1278 2649 1368 2724 Quod

229 2763 335 2824 autem
357 2760 391 2823 in
414 2781 482 2842 eos,
507 2757 560 2842 qui
582 2759 764 2822 universum
787 2781 889 2843 genus
911 2763 987 2823 sunt
1009 2759 1179 2842 complexi,
1210 2759 1294 2822 idem
1318 2781 1367 2823 ca-

229 2869 277 2933 dit
298 2871 332 2934 in
355 2870 452 2933 libros
475 2868 672 2953 singulares,
702 2869 810 2953 quales
837 2870 969 2932 fuerunt
996 2868 1182 2952 Apollodori
1210 2874 1282 2949 περὶ
1309 2875 1367 2935 τοῦ

229 2981 419 3059 Ἐπικούρου
442 2980 529 3061 βίον,
560 2978 726 3062 Apollonii
747 2979 837 3062 Tyrii
859 2980 930 3059 περὶ
952 2981 1127 3063 Ζήνωνος,
1150 2979 1313 3044 Idomenei
1337 2983 1369 3044 et

229 3089 373 3154 Phaniae
401 3092 473 3170 περὶ
500 3094 566 3156 τῶν
596 3089 821 3169 (ωκρατικῶν,
855 3088 979 3152 Xanthi
1006 3093 1078 3170 περὶ
1107 3091 1366 3172 Ἐμπεδοκλέους,

230 3201 373 3263 aliorum.
405 3198 480 3263 Non
494 3199 598 3283 magis
615 3201 720 3263 autern
736 3198 838 3261 ausim
861 3198 900 3261 ad
916 3198 1103 3263 historicum
1126 3221 1228 3284 genus
1249 3201 1368 3265 referre

230 3308 412 3373 Anaxilidis
436 3313 468 3372 et
490 3309 659 3392 Speusippi
683 3311 754 3389 περὶ
776 3309 969 3392 φιδοεόφων
998 3309 1113 3392 libros,
1152 3331 1247 3393 quam
1270 3309 1368 3394 Chry-

229 3419 323 3503 sippi,
348 3418 489 3502 Epicuri,
514 3418 674 3483 Stratonis
696 3421 768 3499 περὶ
791 3420 869 3500 βίων
894 3420 1154 3502 commentarios3
1177 3419 1231 3483 sed
1254 3420 1368 3484 merito

230 3529 388 3593 addentur
409 3529 463 3612 qui
485 3532 557 3608 περὶ
584 3535 651 3595 τῶν
674 3531 870 3611 φιλοςόφων
892 3535 1053 3610 διαδοχῶν
1076 3530 1272 3613 scripserunt
1294 3530 1368 3593 Ale-

230 3639 352 3704 xander
379 3639 398 3704 ὁ
426 3641 624 3720 πολνίετωρ,
654 3640 880 3722 Antisthenes,
912 3640 1102 3722 Sosicrates,
1138 3639 1226 3704 Sotio
1254 3641 1369 3724 quique

231 3752 297 3814 eius
321 3749 473 3813 librorum
494 3750 688 3814 breviarium
712 3751 851 3813 confecit
865 3749 1062 3831 Heraclides,
1087 3750 1197 3814 Nicias
1213 3749 1368 3814 Nicaeen-

230 3860 273 3922 sis
296 3859 467 3924 Athenaei.
505 3859 574 3924 Nec
595 3859 732 3924 fortasse
754 3859 922 3923 omittendi
945 3863 1017 3940 περὶ
1039 3861 1261 3944 (φιλοεόφων)
1284 3861 1366 3941 αἱρέ-
1386 3869 1414 3918 ll
1505 3945 1508 3954 ι

230 3993 313 4038 (εων
329 3971 501 4054 scriptores
517 3969 741 4052 Apollodorus,
759 3969 972 4053 HippobotuS,
997 3969 1222 4052 Clitomachus,
1246 3970 1368 4033 Panae-

230 4081 308 4165 tius,
344 4079 544 4164 Theodorus,
579 4079 645 4142 alii.
696 4077 816 4154 Quibus
849 4079 996 4143 omuibus
1024 4084 1178 4163 quantum
1207 4081 1368 4164 Diogenes

231 4191 374 4255 Laertius
397 4191 512 4254 debeat
540 4190 580 4255 ad
604 4189 890 4254 consarcinandam
916 4212 986 4253 eam
1009 4191 1114 4273 operis
1135 4193 1276 4274 partem,
1307 4213 1369 4275 qua

232 4300 506 4385 apophthegmata
541 4301 726 4385 conquirere
757 4300 818 4364 sibi
851 4303 1076 4384 proposuerat,
1117 4301 1238 4385 aliquot
1266 4322 1369 4364 exem·

230 4411 292 4496 plis
315 4406 558 4476 declarabimus.
604 4411 808 4476 Antisthenis
831 4411 860 4474 ei
884 4411 1123 4495 apophthegma
1152 4411 1370 4496 suppeditavit
1404 4423 1421 4453 ⁸

282 4531 326 4567 ra.
346 4530 513 4566 arrecnrnrr
532 4529 679 4566 oruscuna
698 4533 717 4570 1.
1127 4514 1166 4578 37
