3218 5094
580 367 627 414 nn
650 365 720 414 666
744 367 788 414 nr
811 367 953 416 onroun.
1270 354 1330 417 611

193 516 240 580 616
263 516 449 580 emendetur
470 515 743 602 Etymologicum:
781 520 847 585 ἀπὸ
873 524 933 584 τοῦ
955 520 1070 600 πείρω·
1100 521 1204 587 οὕτω(
1226 521 1332 600 Ὠροε.

193 625 212 690 ὁ
236 629 271 692 δὲ
292 626 426 706 Ὠρίων,
457 629 545 707 παρὰ
567 630 605 693 τὸ
627 630 797 709 περιέχεινε
835 628 919 713 6661
940 629 1043 694 habeo
1065 651 1142 694 sane
1166 652 1221 696 cur
1242 651 1332 714 prae-

193 739 278 799 stare
307 739 432 819 putem:
469 736 548 802 satis
577 739 739 802 commode
768 737 944 803 Larcherus
977 740 1067 804 sedes
1100 741 1333 824 transposuerit

191 846 355 930 utriusque
388 847 538 911 nominis.
583 847 653 912 Nec
680 870 752 912 raro
782 871 853 913 curn
880 849 1020 914 Orionea
1049 851 1249 934 componitur
1275 850 1333 915 Ori

192 957 300 1040 aliqua
322 956 478 1021 derivatio
500 957 535 1020 in
557 956 791 1042 Etymologico‚
812 962 849 1022 ut
870 981 902 1043 p.
925 959 998 1043 102,
1022 959 1064 1024 40
1086 960 1157 1024 coll.
1182 959 1332 1024 Favorini

193 1065 263 1130 1161.
287 1089 319 1149 p.
343 1066 416 1149 268,
436 1068 474 1130 16
497 1069 530 1130 61
550 1068 651 1132 166116
673 1069 802 1133 Orionis
825 1069 954 1133 nomine
969 1091 1000 1133 v.
1018 1091 1045 1134 c.
1062 1091 1094 1153 p.
1110 1069 1184 1153 583,
1202 1070 1221 1134 8
1244 1069 1330 1155 (coll.

192 1175 313 1239 Adnot.
342 1199 374 1260 p.
398 1176 485 1262 965).
514 1177 593 1260 613,
626 1177 675 1241 18.
704 1179 783 1261 618,
807 1179 838 1244 5.
868 1179 945 1262 788,
969 1179 1020 1244 32.
1045 1180 1123 1264 792,
1147 1179 1207 1262 34,
1242 1180 1330 1244 alibi.

56 1282 60 1288 ’
191 1284 296 1349 Priori
324 1288 432 1376 autem
453 1285 500 1348 illi
527 1285 566 1350 16
588 1289 735 1354 cuilibet
764 1289 908 1373 exemplo
937 1311 993 1353 cur
1020 1289 1131 1353 eadem
1152 1289 1333 1355 emendatio

192 1415 249 1478 per
270 1395 553 1479 transpositionem
574 1396 663 1461 facta
685 1397 830 1461 adhiberi
852 1402 1006 1483 nequeat,
1037 1421 1148 1464 caussa
1169 1400 1250 1464 haec
1272 1401 1331 1482 661,

193 1505 275 1588 6661
303 1504 338 1568 16
366 1510 476 1571 nostro
503 1506 632 1570 Orionis
660 1507 762 1572 lexico
789 1511 903 1572 neutra
931 1513 1060 1592 recepta
1087 1509 1243 1574 derivatio
1272 1513 1330 1573 est.
1423 1561 1427 1580 .

192 1614 304 1699 Itaque
333 1620 388 1680 aut
415 1616 472 1680 illa
500 1621 550 1680 661
576 1637 614 1680 ex
642 1617 688 1680 eis
716 1617 847 1702 glossis,
881 1640 960 1703 quas
986 1619 1022 1683 in
1049 1617 1196 1684 Parisino
1225 1618 1332 1684 codice

192 1745 285 1807 posse
313 1725 467 1792 excidisse
491 1726 703 1790 concessimus
725 1749 857 1791 numero
878 1749 1015 1812 paucas,
1045 1732 1102 1792 aut
1128 1751 1187 1813 pro
1214 1730 1332 1810 Ὠρίων

193 1834 329 1899 fortasse
362 1834 594 1900 restituendum
627 1838 675 1900 est
706 1838 911 1916 Ἡρωδιανόε.
955 1837 1059 1902 Η6166
1091 1838 1177 1902 enim
1210 1841 1242 1902 61
1275 1839 1332 1904 Ori

192 1943 409 2026 discrepantia
423 1945 509 2008 inter
530 1967 564 2009 66
586 1945 705 2010 1611616
719 1947 866 2031 66611666
881 1947 971 2011 iuxta
992 1949 1098 2031 posita
1119 1948 1330 2031 reperiantur,
1446 1979 1453 1992 =

193 2075 264 2116 eum
287 2075 382 2137 supra
405 2055 622 2140 significatum
641 2059 699 2139 661,
723 2060 792 2120 tum
807 2057 999 2121 luculentius
1015 2058 1186 2141 apparebit
1207 2061 1329 2141 postea.
1443 2042 1459 2072 ⁶

191 2163 316 2227 Ibidem
342 2163 425 2248 quod
453 2165 633 2258 proferetur
665 2169 917 2249 pennutatorum
946 2168 1044 2247 Ὠρο(
1073 2171 1106 2232 61
1135 2169 1331 2248 Ἡρωδιανὸς

192 2273 357 2338 nominum
379 2275 568 2358 exemplum,
593 2275 622 2338 ei
644 2297 731 2340 nunc
753 2274 835 2340 addo
856 2275 964 2360 Etym.
988 2276 1032 2340 M.
1056 2298 1088 2360 p.
1104 2277 1178 2361 520,
1197 2278 1236 2341 16
1258 2277 1330 2341 coll.

192 2382 312 2447 Adnot.
329 2406 361 2466 p.
378 2383 451 2467 922,
472 2383 526 2448 Et.
544 2383 626 2448 Gud.
642 2386 715 2468 328,
732 2385 784 2469 29,
809 2389 841 2449 61
856 2385 992 2450 alterum
1006 2385 1060 2450 Et.
1077 2385 1121 2449 M.
1138 2408 1170 2469 p.
1186 2386 1261 2469 481,
1280 2387 1330 2470 16,

192 2491 270 2559 Ζ66.
294 2515 325 2577 p.
352 2494 432 2558 1138
456 2493 527 2558 coll.
552 2493 634 2558 Gud.
657 2517 690 2579 p.
713 2495 793 2579 281,
818 2496 867 2559 11.

715 2692 735 2770 s
759 2688 809 2755 15.

276 2823 489 2907 Posteaquam
516 2823 727 2888 1661666616
755 2823 885 2886 iecimus
918 2823 1059 2907 rehquae
1091 2823 1328 2906 disputationis,

193 2933 278 3015 ipsos
301 2932 507 3018 aggredimur
529 2933 756 3017 grammaticos
779 2953 948 3016 eorumque
970 2933 1091 3016 scripta
1113 2935 1145 2996 61
1166 2933 1330 2998 doctrinae

193 3063 295 3126 genus
317 3043 467 3106 iudicare.
513 3041 558 3106 Et
580 3041 662 3126 quod
685 3042 803 3106 attinet
825 3042 864 3106 ad
889 3041 1050 3106 Orionis
1071 3041 1242 3107 lexicum
1264 3047 1329 3127 ety-
1348 3055 1381 3102 66

192 3150 401 3234 malagmam,
425 3151 464 3216 16
487 3173 549 3236 666
570 3151 697 3216 brevius
719 3172 815 3236 agere
837 3152 963 3234 licebit,
991 3154 1119 3216 tanturn
1141 3151 1235 3216 hodie
1258 3174 1331 3218 666-

194 3259 262 3337 cedi
284 3281 349 3323 uno
370 3281 424 3324 ore
446 3263 540 3344 puto,
569 3261 763 3326 Graecorum
785 3261 895 3326 laudes
917 3262 1199 3346 grammaticorum
1221 3263 1331 3346 quovis

192 3370 256 3433 6116
285 3369 364 3433 artis
397 3370 467 3433 loco
500 3371 606 3454 potius
634 3393 729 3455 quam
756 3371 977 3456 etymologicis
1010 3371 1122 3435 studiis
1155 3371 1332 3436 metiendas

193 3501 279 3543 esse:
295 3479 397 3563 quode
414 3499 556 3563 congrua
571 3479 750 3564 Niehuhrii,
768 3479 970 3564 Buttmanni‚
987 3480 1022 3547 O.
1037 3481 1075 3546 O.
1085 3480 1238 3545 'Muelleri
1252 3481 1332 3545 iudi-

197 3589 247 3654 cia
270 3589 415 3674 apposite
439 3589 605 3654 contendit
627 3591 775 3655 Lehrsius
798 3590 836 3653 de
859 3590 1047 3656 Aristarcho
1068 3614 1100 3675 p.
1123 3591 1173 3656 56.
1219 3591 1331 3675 Itaque

192 3699 291 3762 etiam
307 3699 436 3764 Orionis
458 3699 596 3764 lexicum
618 3701 645 3764 si
666 3701 749 3764 nihil
772 3701 952 3765 contineret
972 3704 1100 3786 praeter
1114 3700 1331 3784 ineptissimas

192 3831 287 3893 saepe
309 3831 442 3874 numero
463 3811 688 3874 vocabulorum
715 3809 963 3895 originationes‚
992 3811 1132 3894 qualium
1160 3810 1196 3874 in
1218 3810 1330 3874 ceteris

192 3919 424 4004 lltprnologicis
451 3919 663 3984 habueramus
691 3923 846 4004 quantum
874 3918 952 3983 66116
980 3923 1080 4003 66661,
1114 3920 1169 3984 661
1201 3919 1330 4003 optimis
1457 3953 1461 3960 v

192 4029 258 4093 illic
291 4029 440 4094 admixtis
473 4029 607 4093 aliorum
640 4049 794 4114 generum
830 4029 1025 4114 praeceptis:
1068 4029 1150 4092 nihil
1186 4030 1331 4113 profecto

193 4141 287 4220 66661,
312 4161 367 4202 cur
383 4161 400 4202 e
415 4139 479 4203 situ
500 4142 698 4223 protractum
719 4161 840 4224 magno
860 4160 955 4223 opere
977 4139 1069 4202 nobis
1084 4139 1327 4223 gratularemur.

192 4245 313 4311 Verum
341 4247 513 4332 singularis
542 4249 609 4312 eius
636 4248 737 4313 virtus
766 4251 798 4312 61
819 4248 1019 4333 praestantia
1048 4249 1083 4311 in
1104 4248 1155 4311 his
1178 4249 1328 4330 cernitur,

192 4378 273 4441 quae
296 4354 359 4420 illis
381 4356 514 4422 fortuito
536 4358 641 4442 magis
664 4381 759 4443 quam
783 4359 928 4422 consulto
950 4361 1169 4441 accesserunt,
1193 4357 1329 4441 insigni-

1061 4460 1127 4525 39*
