3272 5088
249 293 312 358 454
708 308 755 355 na
778 306 927 362 naasrrs

251 463 289 526 de
305 486 366 547 quo
382 460 641 546 Etymologicum
656 460 700 524 M.
717 483 749 544 p.
762 460 836 543 523,
853 461 894 524 39
911 463 943 523 et
958 460 1141 525 Gudianum
1159 481 1191 542 p.
1208 459 1281 544 332,
1294 459 1390 547 41³7:

252 559 436 652 Ma'pcouc
463 573 580 652 ἱττορεῑ
607 570 656 636 ὅτι
680 572 806 636 Κνῶτιιε
835 573 873 637 τὸ
901 573 997 648 γένοε
1028 572 1149 651 Κόλχοε
1178 571 1390 658 εἰτ’Μακεδο-

251 683 322 750 viar
351 684 455 748 ἐλθὼν
491 683 624 762 διέτριβε
657 683 745 761 παρὰ
780 683 929 764 Καράνῳ·
974 682 1045 746 υἱοῦ
1073 684 1109 746 δὲ
1136 683 1315 761 γενομένου
1343 690 1390 767 τῷ

253 793 387 877 Κοράνιμ
423 789 495 880 [καὶ]
531 792 715 872 βουληθέντι
748 793 806 857 τὸν
834 797 933 857 παῖδα
966 792 1031 857 ἀπὸ
1065 796 1123 856 τοῦ
1156 792 1237 857 ἰδίου
1270 793 1391 872 πατρὸς

251 902 421 981 ὀνομάζειν
458 903 616 982 Κιράρονα
649 900 834 984 (Καράρονα
863 900 957 984 (iud,
987 903 1142 967 Adrano<
1169 901 1275 965 Havn.
1308 900 1391 990 [cum

250 1011 343 1075 Bodl.
361 1011 463 1076 Paris.
488 1008 615 1098 Brunl)
639 1011 805 1077 άνθίετατο
827 1011 847 1090 ἡ
869 1012 970 1091 μήτηρ
993 1013 1042 1076 καὶ
1064 1010 1142 1090 αὕτη
1168 1011 1276 1098 [immo
1298 1012 1389 1101 αὐτὴ]
1494 1013 1509 1034 ”

252 1123 317 1186 ἀπὸ
349 1125 408 1186 τοῦ
448 1121 529 1186 ἰδίου
562 1122 685 1202 πατρὸς
724 1121 939 1201 ὀνομαεθῆναι
975 1122 1032 1187 τὸν
1070 1125 1170 1186 παῖδα
1203 1124 1390 1203 βουλομένη.

253 1233 379 1298 Κνῶπιε
402 1232 435 1296 δ’
459 1231 626 1311 έρωτηθείε
650 1231 719 1296 εἰπε
741 1233 915 1311 μηδετέρου
943 1231 1032 1316 (μηδ’
1054 1232 1166 1312 έτέρου
1181 1231 1292 1317 vulgo)
1316 1231 1391 1298 ὀνο-

250 1343 397 1421 μάζεεθοιι
430 1342 543 1408 αὐτόν·
578 1341 689 1421 διόπερ
726 1342 840 1407 Κοῖνος
874 1342 998 1424 (Κοινὸτ
1025 1341 1131 1426 vulgo)
1168 1343 1290 1421 ἐκλήθη.
1339 1340 1391 1406 Ad

252 1451 414 1517 Caranum
435 1453 592 1534 spectare,
617 1472 682 1514 non
697 1451 739 1514 ad
753 1451 854 1516 filiurn
876 1451 941 1516 ἀπὸ
964 1455 1026 1515 τοῦ
1048 1451 1128 1516 ἰδίου
1151 1452 1273 1532 πατρότ
1295 1452 1392 1515 verba

251 1563 370 1646 priora,
395 1561 566 1625 eorundem
587 1561 674 1624 infra
702 1560 741 1623 de
763 1563 866 1624 matre
893 1561 1042 1644 repetitio
1064 1561 1182 1645 arguit.
1227 1561 1392 1625 Aristode-
1456 1615 1459 1624 .

184 1685 186 1688 ’
251 1672 371 1736 midam
399 1675 507 1735 autem
529 1693 548 1734 a
570 1671 710 1734 Diodoro
737 1670 1018 1755 Theopompoque,
1054 1671 1096 1734 ab
1123 1671 1195 1735 aliis
1217 1669 1393 1736 Poeantem

251 1781 413 1866 perhiberi
437 1780 555 1846 Carani
577 1783 702 1864 patrem
724 1779 889 1864 Syncellus
912 1782 1050 1844 testatur
1071 1804 1103 1864 p.
1119 1781 1182 1844 262
1199 1786 1223 1846 0
1243 1781 1292 1845 ed.
1316 1781 1390 1846 Par.

255 1889 328 1978 [499
356 1888 492 1978 Bonn.],
526 1893 563 1954 ut
598 1890 636 1953 de
669 1891 828 1970 Κιράρονα
862 1889 1076 1975 (Καράνοροί)
1113 1883 1227 1973 parum
1259 1891 1391 1975 liqueat

255 1999 315 2087 [De
345 2001 517 2080 Κυλλάρων
555 2000 604 2063 vel
634 2001 828 2081 Κυλλάβρων
861 2000 991 2065 nomine
1023 2000 1194 2064 Muellerus
1228 2001 1393 2086 cogitabat

253 2133 284 2194 p.
309 2110 362 2193 42,
386 2110 469 2193 quod
491 2109 545 2174 vix
568 2109 629 2172 erit
651 2111 701 2174 cui
723 2111 860 2194 placeat.
892 2109 1063 2175 Subtiliore
1086 2110 1269 2175 coniectura
1290 2133 1393 2194 nuper

254 2219 493 2285 Gutschmidius
521 2241 595 2284 usus
623 2219 792 2304 Symbolae
819 2220 930 2304 philol.
960 2219 1065 2285 Bonn.
1094 2243 1125 2304 p.
1152 2221 1212 2284 129
1239 2221 1299 2284 tali
1325 2221 1392 2286 fere

254 2331 397 2414 exemplo
426 2330 578 2394 lacunosa
606 2329 756 2394 videlicet
782 2331 880 2395 verba
909 2329 1120 2396 instauranda
1149 2331 1290 2415 putavit:
1327 2333 1392 2398 dud

252 2445 312 2506 τοῦ
335 2441 417 2506 ἰδίου
440 2441 563 2521 πατρὸς
586 2441 755 2521 ὀνομάζειν
785 2441 981 2520 Κάρρονα·
1012 2441 1129 2524 [odron
1157 2443 1193 2506 δέ
1214 2443 1272 2507 τὸν
1295 2443 1392 2522 κρείτ-

253 2573 331 2616 τονα
354 2552 558 2635 ὀνομάζουει]
583 2551 747 2616 Λάκωνεε·
777 2550 943 2616 άνθίετατο
966 2549 985 2628 ἡ
1009 2552 1130 2635 μήτηρ]
1175 2549 1261 2614 Nam
1282 2551 1317 2614 in
1331 2553 1392 2617 Λά-

253 2682 357 2727 κωνοε
385 2663 421 2724 ut
447 2661 564 2743 lateat,
593 2660 676 2744 quod
704 2681 769 2724 non
798 2663 846 2723 est
872 2660 940 2724 veri
965 2660 1182 2744 simillimum,
1213 2661 1391 2727 Φείδωνοε;

253 2771 307 2856 qui
329 2770 431 2834 Phido
460 2771 519 2834 etsi
542 2770 708 2852 nonfuit,
737 2769 837 2834 rideri
866 2774 951 2834 certe
978 2772 1070 2852 pater
1099 2770 1275 2854 significari
1297 2771 1408 2850 facile¹

119 2887 122 2896 “
253 2881 359 2964 potuit
385 2880 446 2944 hac
474 2880 600 2964 quidem
628 2880 711 2964 apud
735 2879 917 2964 Syncellum
943 2880 1111 2944 verborum
1140 2880 1393 2946 conformatione

256 2991 400 3070 Κάρανοε
433 2991 597 3058 Φείδωνοε
638 2990 684 3074 (h.
721 3011 748 3054 e.
783 2990 939 3074 ἀδελφότ)
975 2995 1034 3054 τοῦ
1066 2991 1301 3070 Ἀριετοδαμίδα
1334 2996 1392 3057 τοῦ

256 3101 412 3179 Μέροποε
445 3121 472 3164 e.
502 3123 532 3184 q.
561 3123 603 3165 a:
639 3100 741 3164 nihilo
774 3103 884 3162 tamen
916 3099 1020 3183 magis
1054 3100 1223 3184 quicquam
1251 3121 1322 3164 cum
1356 3121 1393 3165 eo

255 3210 384 3274 nomine
426 3213 532 3294 potest
568 3211 720 3296 vulgatae
757 3210 793 3273 in
828 3208 1060 3293 Etymologicis
1098 3210 1274 3294 scripturae
1311 3232 1392 3274 com-

255 3341 351 3384 mune
374 3341 450 3384 csse.
1006 3345 1007 3350 ¹

341 3429 415 3515 (lv)
453 3428 501 3493 De
534 3429 694 3493 undecimi
726 3429 812 3513 regis
839 3429 1011 3494 Perdiccae
1033 3429 1066 3494 Π
1093 3432 1199 3492 aetate
1227 3429 1393 3513 disputans

255 3539 442 3604 Athenaeus
463 3537 493 3603 V
514 3561 546 3622 p.
563 3540 623 3603 217
648 3545 683 3604 l).
707 3543 736 3602 E
759 3540 978 3619 Περδίκκας
999 3539 1109 3605 τοίνυν
1133 3539 1179 3603 ait
1201 3541 1265 3619 πρὸ
1289 3542 1393 3620 Ἀρχε-

256 3651 337 3714 λάου
366 3650 536 3730 βαειλεύει,
565 3650 610 3713 ὼε
637 3652 695 3728 μὲν
718 3649 737 3714 ὁ
759 3649 921 3715 Ἀκάνθιόε
944 3670 1020 3730 φηει
1043 3650 1234 3729 Νικομήδηε,
1256 3649 1309 3727 ἔτη
1332 3645 1394 3729 μα’,

256 3760 452 3838 Θεόπομπος
479 3761 515 3825 δὲ
537 3757 592 3837 λε’,
620 3760 820 3838 Ἀνοξιμένηε
842 3757 883 3837 μ’,
911 3761 1096 3838 Ἱερώνυμοτ
1118 3753 1179 3838 κη’,
1210 3759 1394 3838 Μαρεύαε

256 3872 291 3934 δὲ
306 3871 356 3934 καί
371 3869 551 3948 Φιλόχοροε
573 3867 670 3935 είκοει
683 3869 762 3948 τρία.
790 3867 914 3932 Horum
936 3890 1139 3932 numerorum
1161 3868 1303 3932 omnium
1324 3868 1394 3932 nul·

255 3979 322 4042 lum
343 3979 383 4042 ad
406 3977 574 4042 veritatem
601 3977 731 4061 propius
759 3977 909 4042 accedere
938 4000 1032 4062 quam
1056 3999 1150 4062 quem
1172 3999 1243 4042 cum
1265 3978 1395 4061 Marsya

324 4226 349 4292 *)
375 4222 464 4293 [Addo
486 4221 711 4291 Etymologicum
733 4221 936 4291 Angelicaaum
959 4229 974 4288 ξ
995 4226 1055 4288 156,
1077 4222 1112 4276 de
1131 4238 1185 4290 quo
1204 4221 1305 4290 agetur
1322 4220 1394 4276 Dias.

258 4317 347 4372 XXlIl
365 4316 446 4371 huius
463 4313 630 4385 voluminis]
