3184 5100
293 371 356 434 740
687 387 847 434 sosanna
871 387 1043 435 carrione.

1557 469 1559 512 ι

293 537 414 603 bontra
441 539 475 602 in
504 537 633 622 Septem
662 539 701 602 ad
737 539 863 604 Thebas
891 563 919 605 v.
941 542 980 604 51
1014 542 1056 624 [p.
1080 540 1153 623 307,
1176 541 1197 603 4
1224 539 1332 624 Diod]
1356 539 1427 603 hacc

293 649 457 731 scripserit
484 670 614 712 necesse
642 651 690 712 est
718 650 906 713 scholiasta:
934 653 986 715 διὰ
1009 651 1119 734 ετόμα]
1153 651 1297 716 αὐτῶν·
1326 652 1346 729 ἡ
1373 651 1429 714 διὰ

293 780 320 821 e.
344 780 374 842 q.
398 779 423 822 s.
448 759 653 843 [vulgabatur
675 761 799 825 ἑαυτῶν
822 761 841 838 ἣ
864 761 942 844 διὰ]

377 867 438 934 Sed
461 890 532 933 cum
554 869 690 933 nolimus
718 870 752 933 in
774 869 888 933 harum
916 891 1021 934 rerum
1049 870 1193 934 exilitate
1220 870 1341 934 versari
1367 867 1428 933 diu-

291 980 371 1062 tius,
400 979 589 1043 revertimur
621 980 660 1043 ad
689 977 936 1062 Aeschylum.
970 979 1034 1044 Vbi
1065 1000 1159 1064 quem
1182 981 1377 1063 reposuimus
1398 979 1430 1042 in
1559 996 1560 1080 y

292 1089 571 1173 paroemiacifine
594 1089 780 1172 molossum,
805 1111 877 1153 eum
898 1089 1021 1153 idoneis
1037 1089 1158 1174 aliquot
1175 1090 1329 1174 exemplis
1345 1088 1429 1152 Gais-

1559 1659 1560 1700 v

1559 2574 1560 2616 v

1559 2967 1560 2998 v

292 1199 412 1263 surdius
435 1199 626 1284 approbavit
647 1200 687 1262 ad
710 1198 884 1284 Hephaest.
907 1223 939 1283 p.
963 1200 1026 1265 288
1051 1200 1124 1282 [104
1140 1200 1188 1263 ed.
1213 1199 1287 1264 alt:
1311 1201 1360 1263 cui
1381 1219 1431 1262 ue-

292 1310 357 1373 scio
380 1332 436 1374 cur
462 1331 528 1374 non
556 1309 731 1374 addiderim
759 1309 798 1374 G.
830 1308 1049 1373 Hermannurn
1079 1309 1182 1373 Elem.
1211 1308 1311 1373 doctr.
1340 1313 1429 1372 metr.

292 1441 323 1502 p.
347 1419 433 1504 378].
479 1421 528 1483 Ac
555 1420 637 1504 quod
666 1441 762 1503 supra
789 1441 840 1484 me
867 1419 1049 1484 offendebat
1078 1420 1113 1484 in
1140 1424 1255 1501 εωτῆρι
1282 1440 1375 1499 voce,
1401 1417 1431 1481 id

292 1530 400 1594 nescio
422 1552 464 1593 an
487 1551 553 1593 non
575 1529 618 1592 sit
638 1530 674 1593 in
696 1529 787 1593 hiatu
802 1529 956 1612 positum,
980 1529 1034 1594 sed
1057 1531 1092 1593 in
1113 1529 1270 1592 brevitate
1292 1527 1441 1622 syllabae·

291 1638 413 1703 finalis:
437 1639 524 1703 cuius
547 1639 687 1704 tenuitas
710 1639 811 1703 multo
834 1642 883 1702 cst
904 1639 1081 1722 molestior,
1110 1639 1165 1703 ubi
1193 1637 1351 1722 spondeus
1379 1659 1432 1701 au·

290 1750 409 1814 tecedit
431 1771 526 1834 quam
552 1749 607 1813 ubi
632 1748 786 1834 dactylus.
832 1749 931 1832 Atqui
959 1749 1037 1812 illud
1066 1749 1224 1833 corrigere
1252 1769 1318 1812 non
1346 1749 1432 1828 licet,

291 1859 365 1942 quia
386 1860 468 1923 istae
488 1859 625 1928 schedae
656 1859 720 1922 iam
747 1862 822 1922 suut
843 1858 1030 1941 typothetae
1052 1858 1200 1921 manibus
1222 1857 1372 1921 traditae.
1394 1893 1434 1906 -

291 1967 461 2032 Praeterea
484 1968 566 2052 quod
589 1969 803 2049 πολεμάρχοις
830 1967 967 2051 praetuli
995 1967 1079 2052 apud
1107 1966 1318 2050 Aeschylum,
1348 1970 1435 2030 recte

290 2077 412 2141 sactum
433 2081 520 2161 puto.
566 2077 656 2142 Nihil
677 2081 783 2142 autem
811 2099 882 2141 cum
904 2077 1103 2140 Blomfieldio
1125 2075 1326 2140 Wellauerus
1354 2077 1437 2140 dixit

292 2186 485 2250 adnotando,
530 2187 660 2251 Etenim
694 2210 764 2252 cunr
794 2187 949 2250 latissime
981 2190 1092 2270 pateat
1127 2186 1204 2249 illud
1237 2188 1436 2270 tragicorum

291 2296 446 2380 studium,
474 2297 556 2380 quod
580 2297 721 2360 cernitur
742 2298 778 2360 in
800 2297 971 2361 devitanda
994 2296 1159 2360 nominum
1181 2295 1301 2359 vicinia
1323 2295 1437 2359 eodem

290 2406 527 2471 terminationis
550 2428 628 2471 sono
651 2406 847 2490 cadentium,
877 2410 945 2469 tum
973 2427 1068 2490 saepe
1089 2405 1151 2469 hac
1173 2405 1241 2468 sola
1269 2405 1321 2468 via
1352 2405 1436 2470 codi-

292 2537 363 2579 cum
390 2539 462 2581 mss.
491 2520 597 2599 potest
619 2516 834 2600 discrepantia
862 2515 1006 2580 iudicari.
1051 2514 1119 2590 ouo
1148 2513 1182 2577 in
1210 2535 1330 2598 genere
1362 2515 1439 2579 nolo

291 2647 376 2690 nunc
400 2627 573 2710 exspatiari
596 2625 733 2710 longius.
779 2625 930 2690 Eiusdem
958 2625 1123 2689 varietatis
1152 2623 1349 2707 elegantiam
1376 2623 1438 2688 Ru·

292 2736 381 2800 mani
404 2736 579 2800 consectati
601 2739 691 2819 sunt,
714 2736 802 2799 velut
823 2735 976 2800 Horatius
1000 2733 1066 2800 Sat.
1090 2733 1123 2816 I,
1150 2735 1177 2812 l,
1204 2733 1258 2796 12:

444 2885 531 2944 Solos
554 2886 671 2944 felices
693 2887 837 2944 viventis
860 2886 969 2944 clamat
991 2885 1024 2944 iu
1046 2884 1122 2943 urbe
1145 2917 1200 2956 —-,

292 3023 361 3086 alii:
389 3023 490 3107 quode
512 3023 630 3087 multus
659 3027 708 3087 est
738 3023 883 3088 Valerius
911 3023 1033 3087 Probus
1060 3023 1143 3106 apud
1173 3020 1312 3084 Gellium
1341 3021 1443 3086 Nort.

292 3136 350 3197 att.
380 3132 469 3216 Xlll,
502 3134 551 3206 19.
589 3135 737 3198 Ueterum
759 3131 797 3196 de
819 3134 1024 3213 πολεμάρχοις
1045 3131 1148 3196 forma
1171 3133 1257 3196 recte
1280 3131 1443 3196 iudicarit

223 3235 229 3248 ’
292 3243 471 3307 Brunckius
493 3243 700 3308 adnotatione
723 3243 764 3308 ad
785 3241 955 3307 Persarum
977 3266 1006 3306 v.
1025 3241 1089 3306 554
1110 3241 1336 3326 [probavitque
1362 3264 1443 3306 eau-

290 3352 360 3417 dem
384 3352 589 3417 Hermannua
610 3374 642 3436 p.
666 3353 752 3435 341].

373 3719 465 3782 Prius
487 3739 582 3802 quam
604 3719 727 3782 adalia
750 3719 936 3803 aggrediar,
962 3717 1103 3802 corrigas
1125 3716 1221 3780 velim
1243 3716 1346 3824 etiarn
1373 3720 1448 3800 illa,

287 3850 369 3912 quae
392 3828 425 3893 in
449 3827 604 3912 Septem
628 3827 674 3892 ad
696 3827 847 3894 Thebas
870 3829 1022 3912 leguntur
1042 3850 1072 3891 v.
1096 3827 1172 3892 206:

1559 3893 1560 3940 l

441 4001 606 4080 πειθαρχία
626 3998 688 4080 γάρ
710 4001 773 4064 deu
793 4004 849 4078 τῆε
872 3997 1042 4080 εὐπραξία(

441 4111 556 4188 μήτηρ,
579 4111 675 4188 γυνὴ
699 4114 889 4190 εωτῆροε·
913 4109 975 4175 ὧδ)
998 4110 1062 4189 ἔχει
1085 4108 1191 4183 λόγοε.

1559 4293 1560 4328 l

1559 4336 1560 4392 l

1559 4830 1560 4891 l

237 4297 270 4344 43
289 4278 419 4341 Etenim
448 4279 608 4342 neminem
637 4279 775 4342 arbitror
803 4301 871 4342 esse
893 4280 970 4363 quin
993 4278 1124 4342 haereat
1162 4277 1194 4340 in
1226 4281 1308 4359 γυνή
1349 4305 1454 4352 voce.

290 4386 328 4449 de
361 4409 424 4470 qua
457 4387 611 4450 mirificae
645 4388 837 4451 exstiterunt
870 4409 940 4453 curn
974 4391 1115 4452 velerum
1146 4389 1331 4453 sentcntiae
1375 4400 1456 4460 tum
