3254 5092
296 354 354 416 146
502 428 504 434 Ι
601 344 852 415 crisonmurvn
877 367 1147 416 ursrvrnrrorus

292 521 498 585 'l'zetzianum
512 520 731 584 testimonium
745 519 1000 604 detorqueretur,
1025 519 1059 583 in
1074 519 1326 582 Zenodotearum
1348 525 1435 599 διορ-

292 632 424 696 θώεεων
448 631 535 694 fama
556 630 695 714 positum
717 651 785 694 esse
808 631 921 713 potuit.
967 629 1091 714 Quippe
1114 633 1240 712 praeter
1261 628 1433 693 Homerica

292 731 436 804 norimus
452 740 594 823 Hesiodi,
612 740 755 822 Pindari,
774 740 987 804 Anacreontis
1004 739 1166 804 editorem.
1191 738 1272 802 Vide
1284 739 1434 802 Mustzel·

291 852 370 914 lium
391 873 422 934 p.
446 851 527 934 281,
556 850 753 914 Boeekhium
780 849 881 932 prael.
906 848 1012 914 Schol.
1036 872 1067 933 p.
1091 849 1137 932 X,
1161 849 1238 913 item
1261 847 1437 934 Berglsium

289 965 436 1024 nostrum
458 962 579 1024 Anacr.
604 960 694 1042 reliq.
719 981 750 1042 p.
775 958 828 1024 25.

294 1131 297 1139 .
376 1071 539 1135 Summam
567 1091 691 1151 eorum,
720 1089 800 1151 quae
828 1068 867 1131 de
895 1067 1073 1151 Zenodoto,
1108 1069 1331 1153 Lycophrona,
1362 1071 1436 1133 Ale-

289 1179 413 1244 xandro
432 1178 679 1262 disputavimus,
703 1179 788 1242 hanc
810 1177 937 1241 habeto.
976 1178 1197 1242 Demonstrari
1218 1179 1345 1262 quidem
1360 1201 1435 1242 neu-

290 1294 375 1352 trum
403 1293 525 1372 potest,
554 1309 614 1352 nec
642 1286 816 1352 recensitos
844 1308 904 1350 neo
932 1287 1110 1351 coniunctis
1133 1288 1245 1352 studiis
1271 1289 1434 1352 ordinatos

290 1400 331 1462 ab
360 1399 423 1462 illis
452 1401 616 1482 poetarum
649 1398 747 1461 libros
776 1418 854 1460 esse.
905 1397 1018 1460 Certae
1052 1401 1127 1460 sunt
1158 1398 1252 1462 unius
1280 1398 1434 1462 Zenodoti

290 1509 507 1572 recensiones:
542 1507 761 1592 Lycophronis
794 1507 827 1569 in
861 1506 922 1570 hoc
954 1527 1073 1591 genere
1106 1507 1300 1571 elaborantis
1332 1508 1434 1572 incer-

289 1618 414 1682 tissima
442 1617 597 1702 vestigia:
630 1617 719 1680 nulla
748 1615 934 1679 Alexandri.
985 1615 1081 1680 Certa
1109 1617 1187 1680 item
1215 1619 1433 1701 Lycophronis

290 1729 323 1792 in
352 1727 560 1791 describenda
587 1730 679 1810 parte
706 1726 858 1789 libronun
888 1725 1177 1790 Alexandrinorum
1206 1749 1317 1810 opera:
1346 1731 1433 1790 certa

289 1836 502 1900 bibliothecae
532 1858 608 1900 cura
630 1835 825 1900 Zenodotea:
854 1835 935 1898 nihil
963 1835 1001 1897 de
1023 1835 1200 1898 Alexandri
1230 1858 1300 1900 cum
1323 1836 1433 1900 eadem

289 1946 485 2010 bibliotheca
513 1946 667 2009 societate
695 1944 859 2008 traditum.
905 1945 983 2007 Late
1011 1948 1126 2027 patens
1153 1944 1372 2028 Lycophronis
1400 1953 1433 2010 et

290 2055 465 2118 Alexandri
495 2055 530 2118 in
564 2053 766 2118 recensendis
801 2054 991 2118 comicorum
1010 2055 1281 2138 ‘tragicorumque
1315 2056 1431 2120 fabulis

288 2186 385 2248 opera
409 2186 480 2228 cum
508 2185 564 2247 per
592 2185 625 2226 se
653 2164 720 2228 veri
748 2185 861 2246 parum
887 2164 999 2227 similis
1027 2169 1095 2228 tum
1127 2168 1258 2248 propter
1286 2165 1431 2248 opposita

288 2273 443 2338 Zenodoti
458 2273 698 2356 Aristarchique
713 2273 845 2338 nomina
859 2273 1094 2356 improbabilis:
1120 2278 1231 2338 contra
1253 2295 1320 2338 non
1338 2275 1431 2339 modo

287 2384 352 2447 ullo
368 2388 454 2448 certo
470 2387 658 2468 argumento
672 2383 908 2466 improbabilis,
927 2383 982 2446 sed
998 2405 1069 2446 omn
1084 2388 1216 2466 propter
1228 2385 1427 2448 necessarias

287 2495 400 2556 harum
437 2494 615 2557 littersnun
651 2493 792 2556 rationes
828 2492 1003 2576 probabilis
1039 2497 1106 2556 tum
1141 2493 1431 2556 Callimacheorum

287 2604 463 2666 studiorum
500 2603 708 2666 similitudine
742 2601 1002 2666 commendabilis
1036 2601 1187 2665 Zenodoti
1227 2625 1298 2666 cum
1331 2602 1430 2686 Lyco-

287 2712 408 2794 phrone
437 2715 469 2774 et
492 2712 675 2775 Alexandro
702 2733 739 2774 ea
767 2712 917 2793 sociatae,
946 2733 1008 2795 qua
1030 2711 1195 2794 dispositio
1218 2712 1373 2796 quaedam
1397 2717 1430 2776 et

287 2820 458 2903 descriptio
480 2822 642 2904 copiarum
663 2821 955 2886 Alexandrinarum
977 2821 1165 2885 efficeretur.
1203 2820 1320 2896 Quodsi
1344 2821 1429 2886 hanc

286 2929 390 3012 ipsam
411 2951 541 3012 operam
563 2952 600 2994 eo
621 2953 719 3014 usque
742 2930 932 3014 pertinuisse
962 2931 1151 3012 conieceris,
1174 2933 1210 2994 ut
1236 2931 1333 2994 etiam
1362 2953 1429 2994 cor-

235 3053 268 3100 28
286 3061 398 3122 porum
426 3040 623 3124 quorundam
646 3041 822 3123 epicorum,
849 3039 1060 3123 tragicorum,
1091 3040 1281 3104 comicorum
1304 3061 1429 3124 compo—

285 3149 450 3231 sitionem,
479 3149 554 3214 licet
577 3153 741 3214 externam
765 3153 908 3231 tantum,
939 3148 1228 3231 comprehenderit:
1257 3149 1368 3234 nequit
1395 3150 1428 3213 id

285 3259 498 3346 demonstrari
520 3260 650 3324 omnino
671 3259 741 3323 fieri
762 3281 829 3323 non
851 3259 1006 3342 potuisse,
1030 3259 1085 3322 sed
1107 3259 1279 3322 verendum
1307 3263 1426 3340 tamen,

285 3391 326 3432 ne
349 3369 395 3432 ita
410 3369 544 3433 nimium
560 3369 727 3453 indulgeas
751 3369 966 3449 coniecturae,
991 3389 1104 3450 parum
1119 3369 1274 3432 subsistes
1290 3369 1323 3432 in
1339 3369 1427 3432 testi-

283 3480 462 3545 moniorum
492 3479 654 3542 memoria.
711 3479 795 3542 Nam
824 3499 894 3540 cum
929 3477 1021 3540 nobis
1054 3498 1177 3561 quoque
1206 3477 1427 3542 coniciendum

284 3592 332 3651 est
359 3610 454 3670 sane,
483 3589 618 3652 facimus
646 3588 706 3651 hoc
734 3609 799 3650 non
826 3585 959 3648 libidine
987 3586 1129 3668 abrepti,
1159 3587 1213 3650 scd
1243 3588 1344 3651 eoacti
1373 3609 1426 3650 ne·

284 3698 448 3761 cessitate:
483 3698 557 3781 quia
590 3696 741 3780 aliquid
769 3699 878 3758 tamen
907 3696 968 3758 ista
996 3696 1157 3780 significet
1182 3701 1343 3760 certonmr
1371 3719 1427 3759 no-

281 3808 404 3870 minum
425 3791 523 3870 triuin
548 3805 731 3870 coniunctio
753 3808 889 3887 oportet.

818 4007 890 4086 §Z

504 4125 557 4188 Do
585 4125 830 4189 Callimacho
858 4127 896 4187 et
924 4123 1204 4188 Eratosthene.

365 4251 425 4314 His
448 4255 586 4334 cognata
609 4255 657 4314 est
673 4249 859 4316 Callimachi
883 4273 1004 4314 caussa.
1043 4251 1074 4312 ls
1097 4250 1182 4313 enim
1205 4271 1275 4313 cunr
1297 4257 1425 4328 sinpulr's

281 4366 476 4425 volutriim'tus
511 4367 612 4424 titulos
647 4367 834 4446 descripsisse
869 4359 1000 4442 dieitur,
1039 4359 1099 4422 boc
1134 4360 1180 4421 ita
1215 4359 1423 4443 interpretati
