<?xml version="1.0" encoding="UTF-8"?>
<!DOCTYPE html PUBLIC "-//W3C//DTD XHTML 1.0 Transitional//EN"
    "http://www.w3.org/TR/xhtml1/DTD/xhtml1-transitional.dtd">
<html xmlns="http://www.w3.org/1999/xhtml" xml:lang="en" lang="en">
 <head>
  <title>
</title>
<meta http-equiv="Content-Type" content="text/html;charset=utf-8" />
  <meta name='ocr-system' content='tesseract 3.04.00' />
  <meta name='ocr-capabilities' content='ocr_page ocr_carea ocr_par ocr_line ocrx_word'/>
</head>
<body>
  <div class='ocr_page' id='page_1' title='image "./fridericiritsch11wachgoog_0096.png"; bbox 0 0 3226 5096; ppageno 0'>
   <div class='ocr_carea' id='block_1_1' title="bbox 658 371 1361 436">
    <p class='ocr_par' dir='ltr' id='par_1_1' title="bbox 658 371 1361 436">
     <span class='ocr_line' id='line_1_1' title="bbox 658 371 1361 436; baseline -0.001 -2"><span class='ocrx_word' id='word_1_1' title='bbox 658 389 927 436; x_wconf 72' lang='grc' dir='ltr'>κἰἰυιιοιιυνιιιιι.</span> <span class='ocrx_word' id='word_1_2' title='bbox 1321 371 1361 434; x_wconf 78' lang='grc' dir='ltr'>ἰῑι</span> 
     </span>
    </p>
   </div>
   <div class='ocr_carea' id='block_1_2' title="bbox 219 541 1449 4462">
    <p class='ocr_par' dir='ltr' id='par_1_2' title="bbox 219 541 1449 4462">
     <span class='ocr_line' id='line_1_2' title="bbox 220 541 1360 624; baseline 0 -18"><span class='ocrx_word' id='word_1_3' title='bbox 220 543 330 624; x_wconf 86' lang='grc' dir='ltr'>ἄφιξιν</span> <span class='ocrx_word' id='word_1_4' title='bbox 352 543 400 606; x_wconf 89' lang='grc' dir='ltr'>καὶ</span> <span class='ocrx_word' id='word_1_5' title='bbox 422 545 479 620; x_wconf 89' lang='grc' dir='ltr'>τὴν</span> <span class='ocrx_word' id='word_1_6' title='bbox 502 547 569 608; x_wconf 90' lang='grc' dir='ltr'>τῶν</span> <span class='ocrx_word' id='word_1_7' title='bbox 591 544 768 622; x_wconf 88' lang='grc' dir='ltr'>μυςτηρίων</span> <span class='ocrx_word' id='word_1_8' title='bbox 795 542 970 622; x_wconf 91' lang='grc' dir='ltr'>παράδοςιν</span> <span class='ocrx_word' id='word_1_9' title='bbox 997 544 1055 620; x_wconf 90' lang='grc' dir='ltr'>τὴν</span> <span class='ocrx_word' id='word_1_10' title='bbox 1082 546 1149 606; x_wconf 87' lang='grc' dir='ltr'>ταῖς</span> <span class='ocrx_word' id='word_1_11' title='bbox 1171 541 1360 619; x_wconf 87' lang='grc' dir='ltr'>θυγατράςιν</span> 
     </span>
     <span class='ocr_line' id='line_1_3' title="bbox 221 649 1358 733; baseline -0.004 -17"><span class='ocrx_word' id='word_1_12' title='bbox 221 653 324 716; x_wconf 84' lang='grc' dir='ltr'>αὐτοῦ</span> <span class='ocrx_word' id='word_1_13' title='bbox 350 654 529 731; x_wconf 86' lang='grc' dir='ltr'>γενομέμην</span> <span class='ocrx_word' id='word_1_14' title='bbox 558 653 628 731; x_wconf 84' lang='grc' dir='ltr'>ἔπη</span> <span class='ocrx_word' id='word_1_15' title='bbox 656 654 700 716; x_wconf 92' lang='grc' dir='ltr'>τά</span> <span class='ocrx_word' id='word_1_16' title='bbox 729 654 835 717; x_wconf 92' lang='grc' dir='ltr'>πάντα</span> <span class='ocrx_word' id='word_1_17' title='bbox 862 652 1184 733; x_wconf 51' lang='lat' dir='ltr'>maxim-14)</span> <span class='ocrx_word' id='word_1_18' title='bbox 1213 649 1299 714; x_wconf 81' lang='lat' dir='ltr'>Suid.</span> <span class='ocrx_word' id='word_1_19' title='bbox 1330 673 1358 714; x_wconf 89' lang='lat' dir='ltr'>v.</span> 
     </span>
     <span class='ocr_line' id='line_1_4' title="bbox 220 759 1359 846; baseline -0.004 -19"><span class='ocrx_word' id='word_1_20' title='bbox 220 764 371 842; x_wconf 79' lang='grc' dir='ltr'>Ἠρινναῑ</span> <span class='ocrx_word' id='word_1_21' title='bbox 393 762 569 840; x_wconf 87' lang='grc' dir='ltr'>ἠλακάτην,</span> <span class='ocrx_word' id='word_1_22' title='bbox 584 762 704 841; x_wconf 92' lang='grc' dir='ltr'>ποίημα</span> <span class='ocrx_word' id='word_1_23' title='bbox 718 763 753 826; x_wconf 86' lang='grc' dir='ltr'>δέ</span> <span class='ocrx_word' id='word_1_24' title='bbox 769 763 851 826; x_wconf 86' lang='grc' dir='ltr'>ἐςτιν</span> <span class='ocrx_word' id='word_1_25' title='bbox 867 813 872 825; x_wconf 89' lang='grc'>,</span> <span class='ocrx_word' id='word_1_26' title='bbox 891 813 897 826; x_wconf 90' lang='grc'>.</span> <span class='ocrx_word' id='word_1_27' title='bbox 916 813 921 826; x_wconf 94' lang='grc'>.</span> <span class='ocrx_word' id='word_1_28' title='bbox 938 763 1045 828; x_wconf 87' lang='grc' dir='ltr'>ἐπῶν</span> <span class='ocrx_word' id='word_1_29' title='bbox 1061 761 1095 827; x_wconf 83' lang='grc' dir='ltr'>τ’.</span> <span class='ocrx_word' id='word_1_30' title='bbox 1110 798 1153 808; x_wconf 95' lang='grc'><strong>-</strong></span> <span class='ocrx_word' id='word_1_31' title='bbox 1167 762 1201 846; x_wconf 78' lang='grc'>5)</span> <span class='ocrx_word' id='word_1_32' title='bbox 1218 759 1305 824; x_wconf 84' lang='lat' dir='ltr'>Suid.</span> <span class='ocrx_word' id='word_1_33' title='bbox 1329 782 1359 823; x_wconf 83' lang='grc' dir='ltr'>ν.</span> 
     </span>
     <span class='ocr_line' id='line_1_5' title="bbox 222 869 1360 955; baseline -0.003 -18"><span class='ocrx_word' id='word_1_34' title='bbox 222 874 373 950; x_wconf 78' lang='grc' dir='ltr'>θέογνιςε</span> <span class='ocrx_word' id='word_1_35' title='bbox 394 872 523 950; x_wconf 87' lang='grc' dir='ltr'>γνώμας</span> <span class='ocrx_word' id='word_1_36' title='bbox 538 873 577 936; x_wconf 78' lang='grc' dir='ltr'>δι’</span> <span class='ocrx_word' id='word_1_37' title='bbox 591 872 733 948; x_wconf 84' lang='grc' dir='ltr'>ἐλεγείας</span> <span class='ocrx_word' id='word_1_38' title='bbox 748 873 791 936; x_wconf 92' lang='grc' dir='ltr'>εἰς</span> <span class='ocrx_word' id='word_1_39' title='bbox 807 873 878 951; x_wconf 84' lang='grc' dir='ltr'>ἔπη</span> <span class='ocrx_word' id='word_1_40' title='bbox 903 877 990 952; x_wconf 81' lang='grc' dir='ltr'>,βωί</span> <span class='ocrx_word' id='word_1_41' title='bbox 1006 909 1048 920; x_wconf 91' lang='grc'>-</span> <span class='ocrx_word' id='word_1_42' title='bbox 1063 871 1097 955; x_wconf 89' lang='grc'>6)</span> <span class='ocrx_word' id='word_1_43' title='bbox 1113 869 1201 935; x_wconf 84' lang='lat' dir='ltr'>Suid.</span> <span class='ocrx_word' id='word_1_44' title='bbox 1218 893 1247 934; x_wconf 87' lang='lat' dir='ltr'>v.</span> <span class='ocrx_word' id='word_1_45' title='bbox 1266 870 1360 936; x_wconf 88' lang='grc' dir='ltr'>Κλεό-</span> 
     </span>
     <span class='ocr_line' id='line_1_6' title="bbox 222 980 1361 1066; baseline -0.003 -20"><span class='ocrx_word' id='word_1_46' title='bbox 222 985 341 1063; x_wconf 96' lang='grc' dir='ltr'>βουλος</span> <span class='ocrx_word' id='word_1_47' title='bbox 362 981 427 1045; x_wconf 86' lang='lat' dir='ltr'>und</span> <span class='ocrx_word' id='word_1_48' title='bbox 449 980 545 1066; x_wconf 86' lang='lat' dir='ltr'>Diog.</span> <span class='ocrx_word' id='word_1_49' title='bbox 569 980 674 1044; x_wconf 74' lang='lat' dir='ltr'>Laeti.</span> <span class='ocrx_word' id='word_1_50' title='bbox 698 982 730 1061; x_wconf 87' lang='grc' dir='ltr'>Ι,</span> <span class='ocrx_word' id='word_1_51' title='bbox 755 981 812 1045; x_wconf 89' lang='lat'>89:</span> <span class='ocrx_word' id='word_1_52' title='bbox 841 982 988 1060; x_wconf 88' lang='grc' dir='ltr'>ἐποίηςεν</span> <span class='ocrx_word' id='word_1_53' title='bbox 1011 983 1131 1064; x_wconf 84' lang='grc' dir='ltr'>ᾄςματα</span> <span class='ocrx_word' id='word_1_54' title='bbox 1154 982 1203 1045; x_wconf 87' lang='grc' dir='ltr'>καί</span> <span class='ocrx_word' id='word_1_55' title='bbox 1225 981 1361 1060; x_wconf 78' lang='grc' dir='ltr'>γρίφου(</span> 
     </span>
     <span class='ocr_line' id='line_1_7' title="bbox 222 1091 1362 1177; baseline -0.003 -20"><span class='ocrx_word' id='word_1_56' title='bbox 222 1093 269 1158; x_wconf 90' lang='grc' dir='ltr'>είς</span> <span class='ocrx_word' id='word_1_57' title='bbox 300 1093 371 1171; x_wconf 83' lang='grc' dir='ltr'>ἔπη</span> <span class='ocrx_word' id='word_1_58' title='bbox 404 1093 606 1172; x_wconf 91' lang='grc' dir='ltr'>τριςχίλια.</span> <span class='ocrx_word' id='word_1_59' title='bbox 637 1129 670 1137; x_wconf 91' lang='grc'>-</span> <span class='ocrx_word' id='word_1_60' title='bbox 702 1093 736 1177; x_wconf 77' lang='grc'>7)</span> <span class='ocrx_word' id='word_1_61' title='bbox 765 1091 852 1155; x_wconf 87' lang='lat' dir='ltr'>Suid.</span> <span class='ocrx_word' id='word_1_62' title='bbox 887 1114 916 1155; x_wconf 87' lang='lat' dir='ltr'>v.</span> <span class='ocrx_word' id='word_1_63' title='bbox 952 1092 1130 1171; x_wconf 75' lang='grc' dir='ltr'>Μαριανόςε</span> <span class='ocrx_word' id='word_1_64' title='bbox 1165 1091 1362 1171; x_wconf 86' lang='grc' dir='ltr'>μετάφραςιν</span> 
     </span>
     <span class='ocr_line' id='line_1_8' title="bbox 221 1199 1361 1283; baseline -0.004 -16"><span class='ocrx_word' id='word_1_65' title='bbox 221 1203 399 1281; x_wconf 89' lang='grc' dir='ltr'>θεοκρίτου</span> <span class='ocrx_word' id='word_1_66' title='bbox 431 1201 467 1266; x_wconf 84' lang='grc' dir='ltr'>ἐν</span> <span class='ocrx_word' id='word_1_67' title='bbox 501 1201 622 1281; x_wconf 91' lang='grc' dir='ltr'>ἰάμβοις</span> <span class='ocrx_word' id='word_1_68' title='bbox 657 1204 772 1281; x_wconf 81' lang='grc' dir='ltr'>,γρν’,</span> <span class='ocrx_word' id='word_1_69' title='bbox 809 1203 1004 1283; x_wconf 86' lang='grc' dir='ltr'>μετάφραςιν</span> <span class='ocrx_word' id='word_1_70' title='bbox 1033 1199 1262 1267; x_wconf 84' lang='grc' dir='ltr'>Ἀπολλωνίου</span> <span class='ocrx_word' id='word_1_71' title='bbox 1295 1204 1361 1264; x_wconf 88' lang='grc' dir='ltr'>τῶν</span> 
     </span>
     <span class='ocr_line' id='line_1_9' title="bbox 220 1311 1362 1402; baseline -0.003 -26"><span class='ocrx_word' id='word_1_72' title='bbox 220 1313 476 1392; x_wconf 86' lang='grc' dir='ltr'>Ἀργοναυτιιςῶν</span> <span class='ocrx_word' id='word_1_73' title='bbox 499 1311 535 1376; x_wconf 86' lang='grc' dir='ltr'>ἐν</span> <span class='ocrx_word' id='word_1_74' title='bbox 558 1311 680 1402; x_wconf 85' lang='grc' dir='ltr'>ἰάμβοις</span> <span class='ocrx_word' id='word_1_75' title='bbox 703 1314 813 1393; x_wconf 82' lang='grc' dir='ltr'>,εχη’,</span> <span class='ocrx_word' id='word_1_76' title='bbox 836 1312 1030 1390; x_wconf 88' lang='grc' dir='ltr'>μετάφραςιν</span> <span class='ocrx_word' id='word_1_77' title='bbox 1055 1311 1255 1389; x_wconf 83' lang='grc' dir='ltr'>Καλλιμάχου</span> <span class='ocrx_word' id='word_1_78' title='bbox 1276 1311 1362 1373; x_wconf 84' lang='grc' dir='ltr'>Ἑκά-</span> 
     </span>
     <span class='ocr_line' id='line_1_10' title="bbox 221 1420 1362 1500; baseline -0.002 -14"><span class='ocrx_word' id='word_1_79' title='bbox 221 1426 296 1500; x_wconf 91' lang='grc' dir='ltr'>λης,</span> <span class='ocrx_word' id='word_1_80' title='bbox 320 1421 428 1500; x_wconf 86' lang='grc' dir='ltr'>ὕμνων</span> <span class='ocrx_word' id='word_1_81' title='bbox 444 1422 495 1484; x_wconf 91' lang='grc' dir='ltr'>καί</span> <span class='ocrx_word' id='word_1_82' title='bbox 507 1424 574 1485; x_wconf 95' lang='grc' dir='ltr'>τῶν</span> <span class='ocrx_word' id='word_1_83' title='bbox 589 1421 835 1500; x_wconf 82' lang='grc' dir='ltr'>ἐπιγραμμάτων</span> <span class='ocrx_word' id='word_1_84' title='bbox 849 1421 885 1485; x_wconf 83' lang='grc' dir='ltr'>ἐν</span> <span class='ocrx_word' id='word_1_85' title='bbox 901 1421 1021 1500; x_wconf 89' lang='grc' dir='ltr'>ἰάμβοις</span> <span class='ocrx_word' id='word_1_86' title='bbox 1037 1424 1144 1500; x_wconf 82' lang='grc' dir='ltr'>,ςυιι’,</span> <span class='ocrx_word' id='word_1_87' title='bbox 1168 1420 1362 1500; x_wconf 88' lang='grc' dir='ltr'>μετάφραςιν</span> 
     </span>
     <span class='ocr_line' id='line_1_11' title="bbox 221 1529 1360 1612; baseline -0.003 -17"><span class='ocrx_word' id='word_1_88' title='bbox 221 1532 357 1611; x_wconf 86' lang='grc' dir='ltr'>Ἀράτου</span> <span class='ocrx_word' id='word_1_89' title='bbox 372 1531 408 1597; x_wconf 85' lang='grc' dir='ltr'>ἐν</span> <span class='ocrx_word' id='word_1_90' title='bbox 426 1531 547 1610; x_wconf 85' lang='grc' dir='ltr'>ἰάμβοις</span> <span class='ocrx_word' id='word_1_91' title='bbox 563 1535 679 1612; x_wconf 83' lang='grc' dir='ltr'>,αρμ’,</span> <span class='ocrx_word' id='word_1_92' title='bbox 703 1531 897 1610; x_wconf 86' lang='grc' dir='ltr'>μετάφραςιν</span> <span class='ocrx_word' id='word_1_93' title='bbox 915 1532 1094 1609; x_wconf 77' lang='grc' dir='ltr'>Νικάνδρου</span> <span class='ocrx_word' id='word_1_94' title='bbox 1109 1533 1175 1595; x_wconf 86' lang='grc' dir='ltr'>τῶν</span> <span class='ocrx_word' id='word_1_95' title='bbox 1192 1529 1360 1608; x_wconf 86' lang='grc' dir='ltr'>Θηριακῶν</span> 
     </span>
     <span class='ocr_line' id='line_1_12' title="bbox 220 1637 1362 1726; baseline -0.004 -19"><span class='ocrx_word' id='word_1_96' title='bbox 220 1645 259 1708; x_wconf 85' lang='grc' dir='ltr'>ἐν</span> <span class='ocrx_word' id='word_1_97' title='bbox 282 1642 401 1722; x_wconf 87' lang='grc' dir='ltr'>ἰάμβοις</span> <span class='ocrx_word' id='word_1_98' title='bbox 424 1643 538 1719; x_wconf 82' lang='grc' dir='ltr'>,ατο’.</span> <span class='ocrx_word' id='word_1_99' title='bbox 552 1677 595 1688; x_wconf 91' lang='lat'><em>-</em></span> <span class='ocrx_word' id='word_1_100' title='bbox 617 1639 651 1726; x_wconf 91' lang='grc'>8)</span> <span class='ocrx_word' id='word_1_101' title='bbox 675 1637 761 1708; x_wconf 83' lang='lat' dir='ltr'>Suid.</span> <span class='ocrx_word' id='word_1_102' title='bbox 785 1662 815 1702; x_wconf 82' lang='grc' dir='ltr'>ν.</span> <span class='ocrx_word' id='word_1_103' title='bbox 839 1640 1063 1720; x_wconf 76' lang='grc' dir='ltr'>Παλαίφατοςε</span> <span class='ocrx_word' id='word_1_104' title='bbox 1087 1639 1296 1718; x_wconf 92' lang='grc' dir='ltr'>κοςμοποιίαν</span> <span class='ocrx_word' id='word_1_105' title='bbox 1319 1639 1362 1702; x_wconf 90' lang='grc' dir='ltr'>εἰς</span> 
     </span>
     <span class='ocr_line' id='line_1_13' title="bbox 220 1748 1362 1830; baseline -0.004 -14"><span class='ocrx_word' id='word_1_106' title='bbox 220 1753 295 1830; x_wconf 82' lang='grc' dir='ltr'>ἔπη</span> <span class='ocrx_word' id='word_1_107' title='bbox 318 1773 361 1830; x_wconf 83' lang='grc' dir='ltr'>,ε,</span> <span class='ocrx_word' id='word_1_108' title='bbox 385 1751 589 1815; x_wconf 87' lang='grc' dir='ltr'>Ἀπόλλωνος</span> <span class='ocrx_word' id='word_1_109' title='bbox 612 1751 663 1814; x_wconf 89' lang='grc' dir='ltr'>καὶ</span> <span class='ocrx_word' id='word_1_110' title='bbox 684 1750 865 1828; x_wconf 86' lang='grc' dir='ltr'>Ἀρτέμιδος</span> <span class='ocrx_word' id='word_1_111' title='bbox 887 1751 988 1826; x_wconf 92' lang='grc' dir='ltr'>γονάς</span> <span class='ocrx_word' id='word_1_112' title='bbox 1010 1749 1082 1828; x_wconf 83' lang='grc' dir='ltr'>ἔπη</span> <span class='ocrx_word' id='word_1_113' title='bbox 1106 1770 1150 1830; x_wconf 84' lang='grc' dir='ltr'>,γ,</span> <span class='ocrx_word' id='word_1_114' title='bbox 1173 1748 1362 1828; x_wconf 87' lang='grc' dir='ltr'>Ἀφροδίτης</span> 
     </span>
     <span class='ocr_line' id='line_1_14' title="bbox 221 1858 1363 1941; baseline -0.001 -17"><span class='ocrx_word' id='word_1_115' title='bbox 221 1863 275 1925; x_wconf 84' lang='grc' dir='ltr'>καλ</span> <span class='ocrx_word' id='word_1_116' title='bbox 296 1862 435 1940; x_wconf 79' lang='grc' dir='ltr'>Ἔρωτος</span> <span class='ocrx_word' id='word_1_117' title='bbox 459 1861 573 1941; x_wconf 90' lang='grc' dir='ltr'>φιυνὰς</span> <span class='ocrx_word' id='word_1_118' title='bbox 600 1861 650 1924; x_wconf 89' lang='grc' dir='ltr'>καὶ</span> <span class='ocrx_word' id='word_1_119' title='bbox 673 1859 791 1934; x_wconf 88' lang='grc' dir='ltr'>λό’γους</span> <span class='ocrx_word' id='word_1_120' title='bbox 813 1861 884 1938; x_wconf 81' lang='grc' dir='ltr'>ἔπη</span> <span class='ocrx_word' id='word_1_121' title='bbox 909 1879 950 1940; x_wconf 84' lang='grc' dir='ltr'>,ε,</span> <span class='ocrx_word' id='word_1_122' title='bbox 979 1860 1111 1938; x_wconf 85' lang='grc' dir='ltr'>Ἀθηνᾶς</span> <span class='ocrx_word' id='word_1_123' title='bbox 1135 1859 1201 1938; x_wconf 86' lang='grc' dir='ltr'>ἔριν</span> <span class='ocrx_word' id='word_1_124' title='bbox 1225 1859 1274 1921; x_wconf 87' lang='grc' dir='ltr'>καλ</span> <span class='ocrx_word' id='word_1_125' title='bbox 1295 1858 1363 1923; x_wconf 91' lang='grc' dir='ltr'>Πο-</span> 
     </span>
     <span class='ocr_line' id='line_1_15' title="bbox 221 1967 1363 2051; baseline -0.003 -16"><span class='ocrx_word' id='word_1_126' title='bbox 221 1974 375 2036; x_wconf 90' lang='grc' dir='ltr'>ςειδῶνος</span> <span class='ocrx_word' id='word_1_127' title='bbox 403 1971 474 2048; x_wconf 81' lang='grc' dir='ltr'>ἔπη</span> <span class='ocrx_word' id='word_1_128' title='bbox 503 1990 549 2050; x_wconf 85' lang='grc' dir='ltr'>,α</span> <span class='ocrx_word' id='word_1_129' title='bbox 571 2006 613 2017; x_wconf 92' lang='grc'>-</span> <span class='ocrx_word' id='word_1_130' title='bbox 641 1969 675 2051; x_wconf 85' lang='grc'>9)</span> <span class='ocrx_word' id='word_1_131' title='bbox 699 1967 785 2032; x_wconf 85' lang='lat' dir='ltr'>Suid.</span> <span class='ocrx_word' id='word_1_132' title='bbox 817 1991 847 2031; x_wconf 89' lang='lat' dir='ltr'>v.</span> <span class='ocrx_word' id='word_1_133' title='bbox 876 1969 1051 2034; x_wconf 76' lang='grc' dir='ltr'>Πανύαςιςε</span> <span class='ocrx_word' id='word_1_134' title='bbox 1091 1970 1299 2047; x_wconf 91' lang='grc' dir='ltr'>Ἡρακλειάδα</span> <span class='ocrx_word' id='word_1_135' title='bbox 1327 1969 1363 2032; x_wconf 85' lang='grc' dir='ltr'>ἐν</span> 
     </span>
     <span class='ocr_line' id='line_1_16' title="bbox 221 2075 1449 2166; baseline -0.004 -22"><span class='ocrx_word' id='word_1_136' title='bbox 221 2080 353 2162; x_wconf 80' lang='grc' dir='ltr'>βιβλίοις</span> <span class='ocrx_word' id='word_1_137' title='bbox 374 2083 415 2166; x_wconf 75' lang='grc' dir='ltr'>ιδ’</span> <span class='ocrx_word' id='word_1_138' title='bbox 432 2079 476 2143; x_wconf 87' lang='grc' dir='ltr'>εἰς</span> <span class='ocrx_word' id='word_1_139' title='bbox 499 2080 569 2157; x_wconf 86' lang='grc' dir='ltr'>ἔπη</span> <span class='ocrx_word' id='word_1_140' title='bbox 593 2084 632 2160; x_wconf 80' lang='grc'>,6,</span> <span class='ocrx_word' id='word_1_141' title='bbox 649 2079 769 2144; x_wconf 84' lang='grc' dir='ltr'>’ἰωνικὰ</span> <span class='ocrx_word' id='word_1_142' title='bbox 785 2129 792 2141; x_wconf 93' lang='grc'>.</span> <span class='ocrx_word' id='word_1_143' title='bbox 812 2127 818 2140; x_wconf 95' lang='grc'>.</span> <span class='ocrx_word' id='word_1_144' title='bbox 837 2130 843 2141; x_wconf 93' lang='grc'>.</span> <span class='ocrx_word' id='word_1_145' title='bbox 860 2129 866 2142; x_wconf 91' lang='grc'>.</span> <span class='ocrx_word' id='word_1_146' title='bbox 883 2079 927 2143; x_wconf 90' lang='grc' dir='ltr'>εἰς</span> <span class='ocrx_word' id='word_1_147' title='bbox 950 2080 1021 2158; x_wconf 87' lang='grc' dir='ltr'>ἔπη</span> <span class='ocrx_word' id='word_1_148' title='bbox 1044 2085 1081 2158; x_wconf 72' lang='lat' dir='ltr'>,L</span> <span class='ocrx_word' id='word_1_149' title='bbox 1098 2115 1141 2126; x_wconf 89' lang='lat'>-</span> <span class='ocrx_word' id='word_1_150' title='bbox 1157 2078 1210 2162; x_wconf 85' lang='grc'>10)</span> <span class='ocrx_word' id='word_1_151' title='bbox 1228 2075 1314 2142; x_wconf 86' lang='lat' dir='ltr'>Suid.</span> <span class='ocrx_word' id='word_1_152' title='bbox 1332 2099 1360 2140; x_wconf 88' lang='lat' dir='ltr'>v.</span> <span class='ocrx_word' id='word_1_153' title='bbox 1448 2097 1449 2102; x_wconf 46' lang='lat'>¹</span> 
     </span>
     <span class='ocr_line' id='line_1_17' title="bbox 219 2187 1362 2272; baseline -0.004 -17"><span class='ocrx_word' id='word_1_154' title='bbox 219 2190 379 2255; x_wconf 89' lang='grc' dir='ltr'>Πιττακός</span> <span class='ocrx_word' id='word_1_155' title='bbox 407 2187 473 2252; x_wconf 86' lang='lat' dir='ltr'>und</span> <span class='ocrx_word' id='word_1_156' title='bbox 500 2187 595 2272; x_wconf 84' lang='lat' dir='ltr'>Diog.</span> <span class='ocrx_word' id='word_1_157' title='bbox 625 2187 731 2251; x_wconf 60' lang='grc' dir='ltr'>[τουτί.</span> <span class='ocrx_word' id='word_1_158' title='bbox 761 2187 791 2269; x_wconf 92' lang='grc' dir='ltr'>Ι,</span> <span class='ocrx_word' id='word_1_159' title='bbox 822 2188 877 2250; x_wconf 81' lang='lat'>79:</span> <span class='ocrx_word' id='word_1_160' title='bbox 906 2189 1034 2267; x_wconf 85' lang='grc' dir='ltr'>ἐποίηςε</span> <span class='ocrx_word' id='word_1_161' title='bbox 1062 2189 1111 2252; x_wconf 89' lang='grc' dir='ltr'>καί</span> <span class='ocrx_word' id='word_1_162' title='bbox 1138 2190 1262 2264; x_wconf 83' lang='grc' dir='ltr'>ἐλεγεῖα</span> <span class='ocrx_word' id='word_1_163' title='bbox 1291 2187 1362 2265; x_wconf 86' lang='grc' dir='ltr'>ἔπη</span> 
     </span>
     <span class='ocr_line' id='line_1_18' title="bbox 220 2297 1364 2378; baseline -0.003 -13"><span class='ocrx_word' id='word_1_164' title='bbox 220 2299 418 2374; x_wconf 77' lang='grc' dir='ltr'>ἑξακόςια,</span> <span class='ocrx_word' id='word_1_165' title='bbox 452 2300 502 2362; x_wconf 86' lang='grc' dir='ltr'>καὶ</span> <span class='ocrx_word' id='word_1_166' title='bbox 531 2297 611 2376; x_wconf 84' lang='grc' dir='ltr'>ὑπὲρ</span> <span class='ocrx_word' id='word_1_167' title='bbox 645 2298 754 2377; x_wconf 89' lang='grc' dir='ltr'>νόμων</span> <span class='ocrx_word' id='word_1_168' title='bbox 788 2299 1009 2378; x_wconf 83' lang='grc' dir='ltr'>καταλογάδην</span> <span class='ocrx_word' id='word_1_169' title='bbox 1038 2301 1105 2363; x_wconf 89' lang='grc' dir='ltr'>τοῖς</span> <span class='ocrx_word' id='word_1_170' title='bbox 1137 2297 1291 2362; x_wconf 83' lang='grc' dir='ltr'>πολίταις.-</span> <span class='ocrx_word' id='word_1_171' title='bbox 1321 2334 1364 2344; x_wconf 95' lang='grc'>-</span> 
     </span>
     <span class='ocr_line' id='line_1_19' title="bbox 223 2406 1363 2491; baseline -0.001 -19"><span class='ocrx_word' id='word_1_172' title='bbox 223 2409 279 2491; x_wconf 89' lang='grc'>11)</span> <span class='ocrx_word' id='word_1_173' title='bbox 303 2407 502 2491; x_wconf 63' lang='lat' dir='ltr'>Diogenes</span> <span class='ocrx_word' id='word_1_174' title='bbox 524 2407 630 2470; x_wconf 78' lang='lat' dir='ltr'>Laert.</span> <span class='ocrx_word' id='word_1_175' title='bbox 654 2406 680 2489; x_wconf 80' lang='grc' dir='ltr'>Ι,</span> <span class='ocrx_word' id='word_1_176' title='bbox 704 2407 760 2470; x_wconf 82' lang='lat'>61:</span> <span class='ocrx_word' id='word_1_177' title='bbox 793 2409 937 2490; x_wconf 85' lang='grc' dir='ltr'>γέγραφε</span> <span class='ocrx_word' id='word_1_178' title='bbox 960 2411 995 2473; x_wconf 83' lang='grc' dir='ltr'>δὲ</span> <span class='ocrx_word' id='word_1_179' title='bbox 1018 2407 1156 2489; x_wconf 79' lang='grc' dir='ltr'>((όλαιν)</span> <span class='ocrx_word' id='word_1_180' title='bbox 1179 2409 1279 2484; x_wconf 88' lang='grc' dir='ltr'>δῆλον</span> <span class='ocrx_word' id='word_1_181' title='bbox 1306 2409 1363 2486; x_wconf 85' lang='grc' dir='ltr'>μὲν</span> 
     </span>
     <span class='ocr_line' id='line_1_20' title="bbox 220 2517 1362 2596; baseline -0.004 -12"><span class='ocrx_word' id='word_1_182' title='bbox 220 2519 273 2584; x_wconf 90' lang='grc' dir='ltr'>ὅτι</span> <span class='ocrx_word' id='word_1_183' title='bbox 295 2519 369 2582; x_wconf 88' lang='grc' dir='ltr'>τοὺς</span> <span class='ocrx_word' id='word_1_184' title='bbox 390 2519 527 2595; x_wconf 92' lang='grc' dir='ltr'>νόμους,</span> <span class='ocrx_word' id='word_1_185' title='bbox 550 2517 600 2580; x_wconf 86' lang='grc' dir='ltr'>καὶ</span> <span class='ocrx_word' id='word_1_186' title='bbox 622 2518 814 2596; x_wconf 81' lang='grc' dir='ltr'>δημηγορίας</span> <span class='ocrx_word' id='word_1_187' title='bbox 837 2519 886 2590; x_wconf 83' lang='grc' dir='ltr'>δὲ,</span> <span class='ocrx_word' id='word_1_188' title='bbox 913 2520 963 2581; x_wconf 81' lang='grc' dir='ltr'>καὶ</span> <span class='ocrx_word' id='word_1_189' title='bbox 985 2519 1028 2582; x_wconf 90' lang='grc' dir='ltr'>εἰς</span> <span class='ocrx_word' id='word_1_190' title='bbox 1051 2517 1167 2582; x_wconf 88' lang='grc' dir='ltr'>ἑαυτὸν</span> <span class='ocrx_word' id='word_1_191' title='bbox 1190 2517 1362 2594; x_wconf 75' lang='grc' dir='ltr'>ὑποθήκας,</span> 
     </span>
     <span class='ocr_line' id='line_1_21' title="bbox 220 2625 1413 2706; baseline 0 -12"><span class='ocrx_word' id='word_1_192' title='bbox 220 2631 364 2706; x_wconf 81' lang='grc' dir='ltr'>ἐλεγεῖα,</span> <span class='ocrx_word' id='word_1_193' title='bbox 393 2628 442 2691; x_wconf 86' lang='grc' dir='ltr'>καὶ</span> <span class='ocrx_word' id='word_1_194' title='bbox 469 2628 509 2692; x_wconf 90' lang='grc' dir='ltr'>τὰ</span> <span class='ocrx_word' id='word_1_195' title='bbox 536 2627 608 2706; x_wconf 87' lang='grc' dir='ltr'>περὶ</span> <span class='ocrx_word' id='word_1_196' title='bbox 631 2627 807 2704; x_wconf 87' lang='grc' dir='ltr'>(αλαμῑνος</span> <span class='ocrx_word' id='word_1_197' title='bbox 834 2629 960 2706; x_wconf 84' lang='grc' dir='ltr'>καὶτῆς</span> <span class='ocrx_word' id='word_1_198' title='bbox 987 2626 1163 2705; x_wconf 86' lang='grc' dir='ltr'>Ἀθηναίων</span> <span class='ocrx_word' id='word_1_199' title='bbox 1192 2625 1362 2702; x_wconf 84' lang='grc' dir='ltr'>πολιτείας,</span> <span class='ocrx_word' id='word_1_200' title='bbox 1381 2648 1413 2696; x_wconf 85' lang='lat'>93</span> 
     </span>
     <span class='ocr_line' id='line_1_22' title="bbox 220 2722 1361 2820; baseline -0.004 -18"><span class='ocrx_word' id='word_1_201' title='bbox 220 2740 296 2816; x_wconf 81' lang='grc' dir='ltr'>ἔπη</span> <span class='ocrx_word' id='word_1_202' title='bbox 319 2737 632 2816; x_wconf 90' lang='grc' dir='ltr'>πεντακιςχίλια,</span> <span class='ocrx_word' id='word_1_203' title='bbox 655 2738 705 2801; x_wconf 91' lang='grc' dir='ltr'>καί</span> <span class='ocrx_word' id='word_1_204' title='bbox 727 2736 857 2818; x_wconf 89' lang='grc' dir='ltr'>ἰάμβους</span> <span class='ocrx_word' id='word_1_205' title='bbox 879 2739 929 2802; x_wconf 90' lang='grc' dir='ltr'>καί</span> <span class='ocrx_word' id='word_1_206' title='bbox 951 2737 1110 2820; x_wconf 87' lang='grc' dir='ltr'>ἐπῳδούς.</span> <span class='ocrx_word' id='word_1_207' title='bbox 1126 2773 1169 2783; x_wconf 95' lang='grc'>-</span> <span class='ocrx_word' id='word_1_208' title='bbox 1191 2722 1244 2819; x_wconf 83' lang='grc'>12)</span> <span class='ocrx_word' id='word_1_209' title='bbox 1266 2733 1361 2818; x_wconf 87' lang='lat' dir='ltr'>Diog.</span> 
     </span>
     <span class='ocr_line' id='line_1_23' title="bbox 220 2845 1363 2930; baseline -0.002 -18"><span class='ocrx_word' id='word_1_210' title='bbox 220 2846 286 2927; x_wconf 86' lang='lat' dir='ltr'>IX,</span> <span class='ocrx_word' id='word_1_211' title='bbox 304 2846 359 2910; x_wconf 74' lang='lat'>20:</span> <span class='ocrx_word' id='word_1_212' title='bbox 382 2846 510 2925; x_wconf 83' lang='grc' dir='ltr'>ἐποίηςε</span> <span class='ocrx_word' id='word_1_213' title='bbox 533 2848 568 2911; x_wconf 80' lang='grc' dir='ltr'>δὲ</span> <span class='ocrx_word' id='word_1_214' title='bbox 583 2845 801 2930; x_wconf 89' lang='grc' dir='ltr'>(Ξενοφάνης)</span> <span class='ocrx_word' id='word_1_215' title='bbox 821 2849 871 2911; x_wconf 86' lang='grc' dir='ltr'>καὶ</span> <span class='ocrx_word' id='word_1_216' title='bbox 894 2847 1095 2926; x_wconf 87' lang='grc' dir='ltr'>Κολοφῶνος</span> <span class='ocrx_word' id='word_1_217' title='bbox 1117 2846 1213 2913; x_wconf 91' lang='grc' dir='ltr'>κτίςιν</span> <span class='ocrx_word' id='word_1_218' title='bbox 1234 2847 1283 2910; x_wconf 89' lang='grc' dir='ltr'>καὶ</span> <span class='ocrx_word' id='word_1_219' title='bbox 1306 2847 1363 2911; x_wconf 86' lang='grc' dir='ltr'>τὸν</span> 
     </span>
     <span class='ocr_line' id='line_1_24' title="bbox 221 2954 1363 3038; baseline -0.004 -15"><span class='ocrx_word' id='word_1_220' title='bbox 221 2959 267 3023; x_wconf 92' lang='grc' dir='ltr'>εἰς</span> <span class='ocrx_word' id='word_1_221' title='bbox 284 2957 392 3021; x_wconf 85' lang='grc' dir='ltr'>Ἐλέαν</span> <span class='ocrx_word' id='word_1_222' title='bbox 414 2960 470 3035; x_wconf 85' lang='grc' dir='ltr'>τῆς</span> <span class='ocrx_word' id='word_1_223' title='bbox 493 2956 622 3020; x_wconf 89' lang='grc' dir='ltr'>Ἰταλίας</span> <span class='ocrx_word' id='word_1_224' title='bbox 638 2955 839 3036; x_wconf 85' lang='grc' dir='ltr'>ἀποικιςμόν,</span> <span class='ocrx_word' id='word_1_225' title='bbox 862 2957 933 3035; x_wconf 82' lang='grc' dir='ltr'>ἔπη</span> <span class='ocrx_word' id='word_1_226' title='bbox 956 2957 1132 3036; x_wconf 89' lang='grc' dir='ltr'>διςχίλια.</span> <span class='ocrx_word' id='word_1_227' title='bbox 1150 2993 1192 3004; x_wconf 85' lang='lat'>-—</span> <span class='ocrx_word' id='word_1_228' title='bbox 1209 2956 1261 3038; x_wconf 88' lang='grc'>13)</span> <span class='ocrx_word' id='word_1_229' title='bbox 1278 2954 1363 3020; x_wconf 75' lang='lat' dir='ltr'>Ste-</span> 
     </span>
     <span class='ocr_line' id='line_1_25' title="bbox 222 3050 1363 3158; baseline 0.002 -30"><span class='ocrx_word' id='word_1_230' title='bbox 222 3065 379 3150; x_wconf 82' lang='lat' dir='ltr'><strong>phanus</strong></span> <span class='ocrx_word' id='word_1_231' title='bbox 408 3050 485 3148; x_wconf 85' lang='lat' dir='ltr'><strong>Byz.</strong></span> <span class='ocrx_word' id='word_1_232' title='bbox 515 3087 544 3127; x_wconf 90' lang='lat' dir='ltr'>v.</span> <span class='ocrx_word' id='word_1_233' title='bbox 577 3065 730 3144; x_wconf 86' lang='grc' dir='ltr'>Μίλητος;</span> <span class='ocrx_word' id='word_1_234' title='bbox 765 3066 918 3158; x_wconf 74' lang='grc' dir='ltr'>Τιμόβεος</span> <span class='ocrx_word' id='word_1_235' title='bbox 947 3067 1141 3150; x_wconf 87' lang='grc' dir='ltr'>κιθαρῳδός,</span> <span class='ocrx_word' id='word_1_236' title='bbox 1171 3066 1207 3130; x_wconf 85' lang='grc' dir='ltr'>ὃς</span> <span class='ocrx_word' id='word_1_237' title='bbox 1236 3064 1363 3143; x_wconf 88' lang='grc' dir='ltr'>ἐποίηςε</span> 
     </span>
     <span class='ocr_line' id='line_1_26' title="bbox 221 3175 1362 3264; baseline -0.003 -23"><span class='ocrx_word' id='word_1_238' title='bbox 221 3177 334 3253; x_wconf 90' lang='grc' dir='ltr'>νόμων</span> <span class='ocrx_word' id='word_1_239' title='bbox 350 3176 713 3264; x_wconf 17' lang='grc' dir='ltr'>κιθαρῳδικῶν-βίβλους</span> <span class='ocrx_word' id='word_1_240' title='bbox 729 3175 942 3242; x_wconf 87' lang='grc' dir='ltr'>ὀκτωκαίδεκα</span> <span class='ocrx_word' id='word_1_241' title='bbox 957 3177 1001 3242; x_wconf 92' lang='grc' dir='ltr'>εἰς</span> <span class='ocrx_word' id='word_1_242' title='bbox 1015 3177 1122 3243; x_wconf 88' lang='grc' dir='ltr'>ἐπῶν</span> <span class='ocrx_word' id='word_1_243' title='bbox 1145 3176 1362 3254; x_wconf 80' lang='grc' dir='ltr'>ὀκτακιςγι-</span> 
     </span>
     <span class='ocr_line' id='line_1_27' title="bbox 222 3283 1363 3370; baseline -0.004 -20"><span class='ocrx_word' id='word_1_244' title='bbox 222 3286 319 3350; x_wconf 89' lang='grc' dir='ltr'>λίων</span> <span class='ocrx_word' id='word_1_245' title='bbox 342 3285 400 3350; x_wconf 92' lang='grc' dir='ltr'>τὸν</span> <span class='ocrx_word' id='word_1_246' title='bbox 422 3283 572 3364; x_wconf 85' lang='grc' dir='ltr'>ἀριθμὸν,</span> <span class='ocrx_word' id='word_1_247' title='bbox 600 3286 649 3348; x_wconf 86' lang='grc' dir='ltr'>καὶ</span> <span class='ocrx_word' id='word_1_248' title='bbox 677 3286 837 3365; x_wconf 91' lang='grc' dir='ltr'>προνόμια</span> <span class='ocrx_word' id='word_1_249' title='bbox 858 3286 968 3352; x_wconf 90' lang='grc' dir='ltr'>αὐλῶν</span> <span class='ocrx_word' id='word_1_250' title='bbox 995 3287 1106 3366; x_wconf 89' lang='grc' dir='ltr'>χίλια.</span> <span class='ocrx_word' id='word_1_251' title='bbox 1133 3323 1167 3331; x_wconf 90' lang='grc'>-</span> <span class='ocrx_word' id='word_1_252' title='bbox 1195 3285 1248 3370; x_wconf 89' lang='grc'>14)</span> <span class='ocrx_word' id='word_1_253' title='bbox 1272 3285 1363 3350; x_wconf 83' lang='lat' dir='ltr'>Cer-</span> 
     </span>
     <span class='ocr_line' id='line_1_28' title="bbox 222 3381 1361 3482; baseline -0.002 -24"><span class='ocrx_word' id='word_1_254' title='bbox 222 3401 313 3458; x_wconf 71' lang='lat' dir='ltr'><strong>tum.</strong></span> <span class='ocrx_word' id='word_1_255' title='bbox 330 3392 487 3458; x_wconf 79' lang='lat' dir='ltr'>Hesiod.</span> <span class='ocrx_word' id='word_1_256' title='bbox 506 3397 544 3457; x_wconf 81' lang='lat' dir='ltr'>et</span> <span class='ocrx_word' id='word_1_257' title='bbox 558 3393 662 3458; x_wconf 91' lang='lat' dir='ltr'>Hom.</span> <span class='ocrx_word' id='word_1_258' title='bbox 680 3415 711 3477; x_wconf 88' lang='lat' dir='ltr'>p.</span> <span class='ocrx_word' id='word_1_259' title='bbox 728 3381 789 3459; x_wconf 77' lang='lat'>251</span> <span class='ocrx_word' id='word_1_260' title='bbox 809 3393 894 3482; x_wconf 76' lang='lat'>[323]</span> <span class='ocrx_word' id='word_1_261' title='bbox 912 3394 1049 3459; x_wconf 74' lang='lat' dir='ltr'>Goett1.:</span> <span class='ocrx_word' id='word_1_262' title='bbox 1072 3397 1090 3458; x_wconf 89' lang='grc' dir='ltr'>ὸ</span> <span class='ocrx_word' id='word_1_263' title='bbox 1106 3398 1142 3460; x_wconf 83' lang='grc' dir='ltr'>δὲ</span> <span class='ocrx_word' id='word_1_264' title='bbox 1157 3397 1317 3474; x_wconf 87' lang='grc' dir='ltr'>Ὅμηρος.</span> <span class='ocrx_word' id='word_1_265' title='bbox 1332 3444 1338 3456; x_wconf 94' lang='grc'>.</span> <span class='ocrx_word' id='word_1_266' title='bbox 1354 3443 1361 3456; x_wconf 93' lang='grc'>.</span> 
     </span>
     <span class='ocr_line' id='line_1_29' title="bbox 222 3504 1363 3584; baseline -0.004 -14"><span class='ocrx_word' id='word_1_267' title='bbox 222 3507 314 3579; x_wconf 84' lang='grc' dir='ltr'>ἔλεγε</span> <span class='ocrx_word' id='word_1_268' title='bbox 336 3505 375 3568; x_wconf 88' lang='grc' dir='ltr'>τά</span> <span class='ocrx_word' id='word_1_269' title='bbox 397 3505 571 3583; x_wconf 86' lang='grc' dir='ltr'>ποιήματα,</span> <span class='ocrx_word' id='word_1_270' title='bbox 595 3509 726 3583; x_wconf 91' lang='grc' dir='ltr'>πρῶτον</span> <span class='ocrx_word' id='word_1_271' title='bbox 748 3507 805 3584; x_wconf 74' lang='grc' dir='ltr'>μὲν</span> <span class='ocrx_word' id='word_1_272' title='bbox 825 3508 882 3583; x_wconf 87' lang='grc' dir='ltr'>τὴν</span> <span class='ocrx_word' id='word_1_273' title='bbox 898 3505 1055 3584; x_wconf 85' lang='grc' dir='ltr'>Θηβαίδα,</span> <span class='ocrx_word' id='word_1_274' title='bbox 1079 3505 1149 3584; x_wconf 84' lang='grc' dir='ltr'>ἔπη</span> <span class='ocrx_word' id='word_1_275' title='bbox 1172 3510 1224 3584; x_wconf 73' lang='grc'>,1.</span> <span class='ocrx_word' id='word_1_276' title='bbox 1242 3553 1249 3568; x_wconf 93' lang='grc'>.</span> <span class='ocrx_word' id='word_1_277' title='bbox 1270 3504 1363 3568; x_wconf 78' lang='grc' dir='ltr'>,εἶτα</span> 
     </span>
     <span class='ocr_line' id='line_1_30' title="bbox 221 3611 1364 3700; baseline -0.003 -20"><span class='ocrx_word' id='word_1_278' title='bbox 221 3614 426 3690; x_wconf 86' lang='grc' dir='ltr'>Ἐπιγόνους,</span> <span class='ocrx_word' id='word_1_279' title='bbox 442 3613 513 3691; x_wconf 79' lang='grc' dir='ltr'>ἔπη</span> <span class='ocrx_word' id='word_1_280' title='bbox 530 3619 565 3692; x_wconf 81' lang='grc'>,1.</span> <span class='ocrx_word' id='word_1_281' title='bbox 583 3613 694 3696; x_wconf 82' lang='grc'>-15)</span> <span class='ocrx_word' id='word_1_282' title='bbox 711 3613 835 3677; x_wconf 82' lang='lat' dir='ltr'>Ebend.</span> <span class='ocrx_word' id='word_1_283' title='bbox 854 3637 884 3696; x_wconf 93' lang='lat' dir='ltr'>p.</span> <span class='ocrx_word' id='word_1_284' title='bbox 901 3613 964 3678; x_wconf 81' lang='lat'>252</span> <span class='ocrx_word' id='word_1_285' title='bbox 989 3611 1091 3700; x_wconf 71' lang='lat'><strong>{324}:</strong></span> <span class='ocrx_word' id='word_1_286' title='bbox 1115 3616 1193 3693; x_wconf 86' lang='grc' dir='ltr'>μετὰ</span> <span class='ocrx_word' id='word_1_287' title='bbox 1214 3616 1249 3678; x_wconf 84' lang='grc' dir='ltr'>δὲ</span> <span class='ocrx_word' id='word_1_288' title='bbox 1264 3618 1364 3678; x_wconf 83' lang='grc' dir='ltr'>ταῦτα</span> 
     </span>
     <span class='ocr_line' id='line_1_31' title="bbox 222 3723 1364 3804; baseline -0.003 -15"><span class='ocrx_word' id='word_1_289' title='bbox 222 3727 310 3789; x_wconf 87' lang='grc' dir='ltr'>ποιεῖ</span> <span class='ocrx_word' id='word_1_290' title='bbox 337 3725 395 3802; x_wconf 91' lang='grc' dir='ltr'>τὴν</span> <span class='ocrx_word' id='word_1_291' title='bbox 418 3723 616 3799; x_wconf 84' lang='grc' dir='ltr'>Ὀδύςςειαν,</span> <span class='ocrx_word' id='word_1_292' title='bbox 645 3723 716 3801; x_wconf 84' lang='grc' dir='ltr'>ἔπη</span> <span class='ocrx_word' id='word_1_293' title='bbox 743 3728 844 3804; x_wconf 73' lang='grc' dir='ltr'>μ,βφ’,</span> <span class='ocrx_word' id='word_1_294' title='bbox 872 3725 1055 3802; x_wconf 91' lang='grc' dir='ltr'>πεποιηκῶς</span> <span class='ocrx_word' id='word_1_295' title='bbox 1083 3724 1142 3803; x_wconf 90' lang='grc' dir='ltr'>ἤδη</span> <span class='ocrx_word' id='word_1_296' title='bbox 1170 3725 1228 3802; x_wconf 82' lang='grc' dir='ltr'>τὴν</span> <span class='ocrx_word' id='word_1_297' title='bbox 1251 3724 1364 3788; x_wconf 88' lang='grc' dir='ltr'>Ἰλιάδα</span> 
     </span>
     <span class='ocr_line' id='line_1_32' title="bbox 221 3830 1363 3920; baseline -0.003 -22"><span class='ocrx_word' id='word_1_298' title='bbox 221 3833 314 3898; x_wconf 84' lang='grc' dir='ltr'>ἐπῶν</span> <span class='ocrx_word' id='word_1_299' title='bbox 337 3830 399 3920; x_wconf 71' lang='grc' dir='ltr'>με’.</span> <span class='ocrx_word' id='word_1_300' title='bbox 428 3868 462 3878; x_wconf 78' lang='lat'>—</span> <span class='ocrx_word' id='word_1_301' title='bbox 491 3833 542 3914; x_wconf 87' lang='grc'>16)</span> <span class='ocrx_word' id='word_1_302' title='bbox 565 3831 787 3896; x_wconf 76' lang='grc' dir='ltr'>ἰίιιίοτοοίιιίίδ</span> <span class='ocrx_word' id='word_1_303' title='bbox 808 3833 896 3895; x_wconf 83' lang='lat' dir='ltr'>eines</span> <span class='ocrx_word' id='word_1_304' title='bbox 919 3831 1155 3898; x_wconf 76' lang='lat' dir='ltr'>Salmasischen</span> <span class='ocrx_word' id='word_1_305' title='bbox 1172 3833 1278 3898; x_wconf 80' lang='lat' dir='ltr'>Codex</span> <span class='ocrx_word' id='word_1_306' title='bbox 1301 3854 1363 3895; x_wconf 90' lang='lat' dir='ltr'>von</span> 
     </span>
     <span class='ocr_line' id='line_1_33' title="bbox 222 3939 1363 4024; baseline 0.001 -19"><span class='ocrx_word' id='word_1_307' title='bbox 222 3941 371 4006; x_wconf 82' lang='lat' dir='ltr'><strong>Paulus</strong></span> <span class='ocrx_word' id='word_1_308' title='bbox 399 3939 677 4005; x_wconf 73' lang='lat' dir='ltr'>silentiarius:</span> <span class='ocrx_word' id='word_1_309' title='bbox 720 3944 888 4024; x_wconf 80' lang='grc' dir='ltr'>Ἐκφραςις</span> <span class='ocrx_word' id='word_1_310' title='bbox 910 3965 937 4007; x_wconf 93' lang='grc' dir='ltr'>τ.</span> <span class='ocrx_word' id='word_1_311' title='bbox 969 3963 1036 4022; x_wconf 86' lang='grc' dir='ltr'>μεγ.</span> <span class='ocrx_word' id='word_1_312' title='bbox 1060 3945 1100 4008; x_wconf 85' lang='grc' dir='ltr'>ἐ.;</span> <span class='ocrx_word' id='word_1_313' title='bbox 1130 3944 1253 4023; x_wconf 91' lang='grc' dir='ltr'>ςτίχοι</span> <span class='ocrx_word' id='word_1_314' title='bbox 1281 3943 1363 4021; x_wconf 84' lang='grc' dir='ltr'>ὁμοῦ</span> 
     </span>
     <span class='ocr_line' id='line_1_34' title="bbox 222 4050 1364 4136; baseline -0.002 -22"><span class='ocrx_word' id='word_1_315' title='bbox 222 4052 356 4130; x_wconf 84' lang='grc' dir='ltr'>ὴρωικοί</span> <span class='ocrx_word' id='word_1_316' title='bbox 385 4058 455 4130; x_wconf 80' lang='grc' dir='ltr'>,ας’,</span> <span class='ocrx_word' id='word_1_317' title='bbox 483 4050 615 4131; x_wconf 90' lang='grc' dir='ltr'>ἰαμβικοί</span> <span class='ocrx_word' id='word_1_318' title='bbox 648 4056 707 4129; x_wconf 86' lang='grc' dir='ltr'>ρν’.</span> <span class='ocrx_word' id='word_1_319' title='bbox 737 4088 779 4098; x_wconf 96' lang='grc'><strong>-</strong></span> <span class='ocrx_word' id='word_1_320' title='bbox 808 4053 860 4136; x_wconf 82' lang='grc'>17)</span> <span class='ocrx_word' id='word_1_321' title='bbox 890 4052 950 4116; x_wconf 87' lang='lat' dir='ltr'>Die</span> <span class='ocrx_word' id='word_1_322' title='bbox 978 4051 1182 4136; x_wconf 75' lang='lat' dir='ltr'>Borgia’sche</span> <span class='ocrx_word' id='word_1_323' title='bbox 1210 4050 1364 4114; x_wconf 85' lang='lat' dir='ltr'><strong>Marmor·</strong></span> 
     </span>
     <span class='ocr_line' id='line_1_35' title="bbox 223 4158 1397 4244; baseline 0 -21"><span class='ocrx_word' id='word_1_324' title='bbox 223 4160 305 4224; x_wconf 77' lang='lat' dir='ltr'>tafel</span> <span class='ocrx_word' id='word_1_325' title='bbox 326 4159 378 4222; x_wconf 76' lang='lat' dir='ltr'>bei</span> <span class='ocrx_word' id='word_1_326' title='bbox 394 4158 521 4222; x_wconf 80' lang='lat' dir='ltr'>Heeren</span> <span class='ocrx_word' id='word_1_327' title='bbox 543 4159 577 4222; x_wconf 88' lang='lat' dir='ltr'>in</span> <span class='ocrx_word' id='word_1_328' title='bbox 595 4159 677 4223; x_wconf 90' lang='lat' dir='ltr'>Bibl.</span> <span class='ocrx_word' id='word_1_329' title='bbox 700 4161 730 4224; x_wconf 89' lang='lat' dir='ltr'>d.</span> <span class='ocrx_word' id='word_1_330' title='bbox 753 4161 809 4225; x_wconf 78' lang='lat' dir='ltr'>ali.</span> <span class='ocrx_word' id='word_1_331' title='bbox 826 4161 902 4224; x_wconf 72' lang='lat' dir='ltr'>Litt.</span> <span class='ocrx_word' id='word_1_332' title='bbox 925 4185 955 4226; x_wconf 91' lang='grc' dir='ltr'>ιι.</span> <span class='ocrx_word' id='word_1_333' title='bbox 971 4162 1078 4226; x_wconf 82' lang='lat' dir='ltr'><strong>Kunst</strong></span> <span class='ocrx_word' id='word_1_334' title='bbox 1094 4161 1140 4226; x_wconf 73' lang='lat' dir='ltr'>St.</span> <span class='ocrx_word' id='word_1_335' title='bbox 1157 4159 1205 4225; x_wconf 91' lang='lat' dir='ltr'>IV</span> <span class='ocrx_word' id='word_1_336' title='bbox 1219 4182 1251 4244; x_wconf 91' lang='lat' dir='ltr'>p.</span> <span class='ocrx_word' id='word_1_337' title='bbox 1267 4160 1309 4224; x_wconf 75' lang='lat'>43</span> <span class='ocrx_word' id='word_1_338' title='bbox 1329 4162 1362 4226; x_wconf 87' lang='lat' dir='ltr'>ff.</span> <span class='ocrx_word' id='word_1_339' title='bbox 1395 4199 1397 4202; x_wconf 94' lang='lat'>-</span> 
     </span>
     <span class='ocr_line' id='line_1_36' title="bbox 224 4265 1277 4360; baseline 0.001 -27"><span class='ocrx_word' id='word_1_340' title='bbox 224 4268 311 4334; x_wconf 81' lang='lat' dir='ltr'>Zeile</span> <span class='ocrx_word' id='word_1_341' title='bbox 337 4271 372 4332; x_wconf 74' lang='grc' dir='ltr'>ὅτ</span> <span class='ocrx_word' id='word_1_342' title='bbox 487 4269 635 4360; x_wconf 83' lang='grc' dir='ltr'>ἔπεςιν,</span> <span class='ocrx_word' id='word_1_343' title='bbox 664 4272 715 4335; x_wconf 86' lang='grc' dir='ltr'>καὶ</span> <span class='ocrx_word' id='word_1_344' title='bbox 742 4273 909 4337; x_wconf 79' lang='grc' dir='ltr'>Δαναΐδας</span> <span class='ocrx_word' id='word_1_345' title='bbox 931 4265 996 4337; x_wconf 70' lang='grc' dir='ltr'>ἘΦ</span> <span class='ocrx_word' id='word_1_346' title='bbox 1024 4273 1128 4342; x_wconf 86' lang='grc' dir='ltr'>ἑπῶν;</span> <span class='ocrx_word' id='word_1_347' title='bbox 1157 4269 1191 4334; x_wconf 82' lang='lat' dir='ltr'>Z.</span> <span class='ocrx_word' id='word_1_348' title='bbox 1223 4272 1277 4334; x_wconf 88' lang='lat'>10:</span> 
     </span>
     <span class='ocr_line' id='line_1_37' title="bbox 222 4371 1363 4462; baseline -0.002 -16"><span class='ocrx_word' id='word_1_349' title='bbox 222 4398 277 4445; x_wconf 91' lang='grc' dir='ltr'>τες</span> <span class='ocrx_word' id='word_1_350' title='bbox 304 4379 410 4444; x_wconf 85' lang='grc' dir='ltr'>ἐπῶν</span> <span class='ocrx_word' id='word_1_351' title='bbox 437 4377 536 4445; x_wconf 82' lang='grc' dir='ltr'>οάςαν</span> <span class='ocrx_word' id='word_1_352' title='bbox 556 4371 616 4443; x_wconf 73' lang='grc' dir='ltr'>ἘΧ</span> <span class='ocrx_word' id='word_1_353' title='bbox 645 4380 845 4460; x_wconf 88' lang='grc' dir='ltr'>ὑποθήςομεν</span> <span class='ocrx_word' id='word_1_354' title='bbox 869 4378 1018 4462; x_wconf 83' lang='grc' dir='ltr'>Θηβαίδα</span> <span class='ocrx_word' id='word_1_355' title='bbox 1042 4430 1049 4445; x_wconf 90' lang='grc'>.</span> <span class='ocrx_word' id='word_1_356' title='bbox 1069 4433 1074 4442; x_wconf 93' lang='grc'>.</span> <span class='ocrx_word' id='word_1_357' title='bbox 1093 4407 1115 4450; x_wconf 94' lang='grc'>.;</span> <span class='ocrx_word' id='word_1_358' title='bbox 1145 4380 1178 4444; x_wconf 80' lang='lat' dir='ltr'>Z.</span> <span class='ocrx_word' id='word_1_359' title='bbox 1206 4383 1259 4444; x_wconf 92' lang='lat' dir='ltr'>ll:</span> <span class='ocrx_word' id='word_1_360' title='bbox 1285 4430 1292 4444; x_wconf 90' lang='lat'><strong>.</strong></span> <span class='ocrx_word' id='word_1_361' title='bbox 1315 4403 1363 4444; x_wconf 78' lang='grc' dir='ltr'>,ν</span> 
     </span>
    </p>
   </div>
   <div class='ocr_carea' id='block_1_3' title="bbox 0 0 1621 5096">
    <p class='ocr_par' dir='ltr' id='par_1_3' title="bbox 0 0 1621 5096">
     <span class='ocr_line' id='line_1_38' title="bbox 0 0 1621 5096; baseline 0 0"><span class='ocrx_word' id='word_1_362' title='bbox 0 0 1621 5096; x_wconf 95' lang='lat' dir='ltr'> </span> 
     </span>
    </p>
   </div>
  </div>
 </body>
</html>
