3272 5088
258 318 321 384 432
698 339 744 385 on
767 339 968 390 aesrnorus

259 491 306 554 ita
339 511 380 554 ne
416 491 598 574 posterioris
627 490 753 574 quidem
785 496 929 574 tempore
963 497 1104 557 mortuus
1137 495 1285 558 Socrates
1318 495 1395 560 fur't:

260 600 342 683 quod
372 621 442 663 cum
470 601 535 663 veri
562 601 605 664 sit
631 601 827 664 simillimum
855 601 985 686 iccirco,
1021 603 1096 686 quia
1129 603 1219 667 brevi
1245 605 1397 688 temporis

259 709 428 779 intervallo
461 710 598 793 priorem
636 710 754 774 distare
787 733 806 774 a
838 712 1012 794 posteriore
1043 713 1228 777 narratione
1261 717 1395 793 πρώην

258 819 412 884 vocabulo
427 821 558 885 docetur
572 843 604 904 p.
625 821 684 884 172
701 829 735 902 Α,
759 823 828 883 tum
844 821 1054 885 certissimum
1076 825 1126 885 est
1147 827 1278 906 propter
1299 823 1396 887 rerba

257 953 290 1014 p.
310 932 411 995 1731)
433 934 482 996 καὶ
497 934 601 995 δοκεῖ(
620 952 672 1010 μοι
691 931 833 1010 ἀτεχνῶς
855 932 977 996 πάντα(
1000 932 1129 996 ἀθλίου(
1151 933 1290 1010 ἡγεῐεθαι
1311 936 1395 1014 πλὴν

258 1041 463 1120 (ωκράτουε,
491 1039 523 1102 id
545 1040 628 1123 quod
650 1061 762 1124 parum
785 1040 947 1124 perspexit
968 1041 1079 1104 Astius
1101 1041 1140 1105 de
1162 1040 1307 1106 Platonis
1329 1043 1395 1107 vita

258 1153 290 1213 et
311 1171 371 1214 sor.
396 1172 427 1232 p.
451 1151 523 1214 313.
559 1150 672 1233 Itaque
696 1171 767 1214 curn
782 1150 994 1233 Apollodorus
1016 1150 1056 1213 ad
1079 1151 1277 1215 Glauconem
1298 1153 1394 1216 verba

258 1259 336 1323 haec
359 1259 446 1323 dicat
472 1282 505 1343 p.
532 1261 592 1323 172
615 1266 651 1322 C:
689 1262 758 1324 οὐκ
781 1261 881 1325 οῑεθ’
904 1261 1147 1325 turollum
1170 1263 1270 1326 ἐτῶν
1294 1263 1393 1338 Ἀγά·

256 1377 333 1435 θων
357 1371 496 1437 ἐνθάδε
525 1371 596 1434 οὐκ
617 1370 915 1449 ἑπιδεδήμηκεν;
942 1409 995 1452 -,
1025 1370 1394 1455 apparet'Agathonenr

257 1479 393 1564 cogitari
416 1479 612 1543 etiamtunc
634 1479 750 1542 virum.

339 1589 542 1654 Revertimur
568 1611 655 1654 nunc
684 1589 723 1653 ad
746 1588 973 1673 Aristophanis
996 1590 1062 1654 sive
1084 1589 1194 1654 Ranae
1216 1591 1283 1655 sive
1305 1592 1393 1656 scho-

255 1699 394 1764 liastam.
439 1698 558 1774 Quodsi
584 1702 725 1763 mortuus
747 1700 846 1764 fuerit
866 1699 1009 1784 Agatho,
1034 1721 1104 1763 cum
1127 1699 1238 1763 Ranae
1261 1701 1393 1765 doceba-

255 1815 322 1892 tur,
353 1810 441 1893 prior
466 1810 523 1873 illa
545 1809 730 1892 Apollodori
759 1810 902 1873 narratio
931 1809 1083 1873 acciderit
1104 1813 1230 1894 oportet
1252 1815 1328 1874 ante
1350 1812 1390 1876 ol.

255 1919 376 2003 XCIII,
404 1921 435 1984 3.
480 1919 526 1983 Vt
552 1920 652 2004 igItur
679 1943 799 1983 annum
824 1941 982 2003 ponamus
1010 1920 1052 1984 ol.
1074 1918 1181 1984 XCIII
1208 1921 1390 2002 secundum,

255 2052 316 2113 quo
338 2030 431 2093 modo
452 2031 568 2093 multos
594 2032 672 2093 tunc
696 2051 796 2094 annos
818 2029 950 2114 Agatho
976 2031 1082 2112 potuit
1109 2029 1247 2094 Athenis
1270 2030 1389 2115 abesse,

255 2161 349 2223 quem
380 2139 515 2203 vidimus
548 2161 613 2203 non
647 2143 722 2203 ante
756 2140 797 2203 ol.
832 2137 936 2221 XCII,
970 2141 990 2204 3
1024 2139 1063 2202 ad
1097 2139 1291 2203 Archelaum
1324 2162 1391 2204 esse

254 2249 456 2334 profectum?
479 2249 632 2333 siquidem
653 2249 828 2312 triennium
844 2271 863 2311 a
878 2249 966 2312 nullo
987 2271 1137 2332 umquam
1158 2253 1292 2316 πολλῶν
1308 2251 1390 2315 ἐτῶν

254 2359 383 2423 nomiae
415 2359 622 2444 appellatum.
639 2363 688 2422 est
716 2362 810 2442 atque
839 2359 880 2421 ab
907 2359 976 2442 ipso
1005 2358 1084 2422 adeo
1110 2357 1246 2423 Platone
1272 2382 1305 2443 p.
1331 2361 1390 2424 112

253 2473 281 2532 D
311 2473 446 2536 nollet(
478 2470 577 2535 ἔτεειν
616 2469 788 2553 opponitur
824 2471 988 2552 tamquam
1019 2490 1147 2551 prorsus
1185 2470 1388 2533 contrarium.

253 2579 406 2656 Quocirca
439 2579 561 2643 Bacchi
592 2580 688 2643 verba
717 2578 800 2662 apud
834 2578 1083 2661 Aristophanem
1114 2599 1181 2642 non
1213 2577 1323 2642 dubito
1355 2579 1390 2642 in

252 2694 469 2774 campartem
495 2689 716 2773 interpretari,
747 2691 783 2751 ut
804 2689 909 2751 lautas
933 2688 1084 2752 Archelai
1107 2689 1232 2772 epulas,
1263 2688 1301 2752 de
1323 2689 1390 2773 qui-

252 2802 310 2864 bus
331 2801 404 2864 vide
420 2801 591 2863 Aelianum
611 2799 632 2863 l.
651 2821 690 2880 c.,
714 2798 940 2882 liberalemque
962 2800 1047 2863 vitae
1070 2799 1189 2863 cultum
1211 2798 1389 2883 significari

253 2910 454 2974 contendam.
501 2909 605 2994 Atque
627 2908 712 2972 haud
742 2908 808 2972 scio
830 2931 872 2971 an
895 2909 963 2991 ipso
990 2910 1158 2989 μακάρων
1186 2908 1272 2973 vocis
1294 2909 1388 2974 initio

200 3033 232 3081 21
252 3019 460 3084 Macedoniae
495 3019 724 3103 cogitationem
761 3019 900 3083 excitare
932 3018 1068 3082 voluerit
1103 3021 1213 3103 poeta,
1251 3042 1270 3081 a
1300 3019 1387 3082 cuius

249 3129 301 3193 vel
335 3129 562 3194 consuetudine
589 3128 639 3192 vel
667 3129 771 3212 poesis
794 3149 911 3213 genere
934 3128 1000 3192 eius
1027 3127 1111 3191 modi
1138 3129 1225 3192 lusus
1256 3128 1387 3192 minime

251 3239 349 3304 alieni
370 3242 455 3302 sunt.
500 3239 606 3315 Quid?
634 3238 716 3322 quod
738 3240 773 3302 in
795 3239 864 3322 ipsa
886 3238 996 3302 fabula
1018 3237 1245 3322 Aristophanis
1267 3237 1386 3302 Hercu-

251 3349 306 3433 les,
329 3350 384 3413 uhi
406 3371 445 3413 ex
466 3348 596 3414 Baccho
623 3349 723 3413 bonos
745 3349 819 3412 huic
841 3349 949 3412 deesse
976 3352 1087 3431 poetas
1110 3347 1289 3430 audiverat,
1319 3351 1387 3411 tam

250 3481 333 3543 vere,
357 3460 410 3543 qui
433 3460 549 3524 mortui
572 3462 679 3523 essent
700 3459 754 3542 qui
775 3458 849 3542 vivi,
875 3461 1070 3541 compertum
1091 3457 1219 3539 habult,
1245 3462 1282 3522 ut
1302 3457 1387 3521 inter

249 3591 359 3634 omnes
392 3571 463 3634 illos
496 3570 680 3654 tragoediae
712 3571 842 3652 poetas,
876 3568 915 3632 de
947 3568 1060 3651 quibus
1093 3567 1284 3653 singillatim
1315 3589 1385 3632 eum

249 3699 400 3763 quaerere
415 3679 568 3762 videmus,
592 3700 633 3743 ne
650 3699 748 3742 unum
764 3678 891 3762 quidem
911 3679 1057 3761 poneret,
1080 3678 1133 3762 qui
1156 3699 1228 3741 vere
1244 3681 1385 3742 mortuus

249 3795 346 3856 esset:
369 3789 408 3853 de
430 3812 491 3873 quo
509 3791 616 3852 autem
630 3810 694 3852 uno
710 3788 871 3871 paulisper
892 3786 1038 3851 dubitare
1053 3787 1193 3870 videtur,
1216 3787 1382 3870 Iophonte,

247 3900 287 3964 de
314 3923 350 3964 eo
381 3901 476 3983 plane
505 3899 598 3962 aliter
625 3899 750 3982 quaerit
777 3900 818 3962 οὐ
846 3905 898 3982 ζῇ;
931 3920 1027 3982 quum
1053 3897 1092 3961 de
1120 3895 1293 3981 Agathone
1319 3901 1384 3961 ποῦ

248 4011 345 4081 terro:
374 4009 486 4092 Itaque
513 4007 664 4092 quoniam
692 4007 860 4091 Euripides
887 4007 1034 4070 fortassis
1055 4007 1121 4070 iam
1143 4006 1243 4070 altero
1266 4007 1382 4090 olymp.

247 4119 352 4184 XCIII
382 4141 468 4182 anno
494 4121 636 4188 mortuus
664 4121 728 4199 est,
761 4117 893 4202 Agatho
920 4139 985 4181 non
1013 4121 1086 4201 post
1113 4117 1153 4180 ol.
1182 4115 1288 4181 XCIII
1311 4137 1340 4180 a.
1366 4117 1381 4178 1

247 4228 393 4292 Athenas
415 4228 540 4293 videtur
561 4227 738 4310 reliquisse:
776 4228 863 4291 cuius
891 4226 1018 4311 quidem
1046 4226 1169 4290 Itineris
1192 4226 1238 4290 sic
1260 4224 1383 4290 definiti

246 4341 382 4421 apparet
403 4341 564 4402 recentem
586 4337 684 4401 fuisse
705 4337 891 4400 memoriam
912 4339 980 4400 tum
1001 4357 1072 4400 curn
1088 4335 1199 4399 Ranae
1216 4335 1382 4420 edebatur5
