3218 5094
582 351 629 398 os
654 351 723 398 ono
747 353 790 396 ar
814 351 954 398 oaroxs.
1276 336 1338 398 609

195 502 428 587 Etymologicis
448 503 631 566 referuntur
653 503 686 565 in
709 507 819 567 nostro
843 503 944 566 lexico
966 525 1032 566 non
1056 505 1199 586 reperta,
1230 524 1338 566 eorum

195 635 236 676 110
259 635 323 676 una
346 613 473 696 quidem
496 613 619 676 notatio
641 613 852 696 utrobique
875 613 1003 676 exstat?
1032 611 1132 694 ‚Eone
1154 613 1219 676 ullo
1241 617 1338 696 pacto

196 721 356 786 credibilis
384 722 517 786 duorum
546 722 710 786 hominum
737 722 893 786 dissensio
916 744 1039 786 summa
1062 722 1196 785 eundern
1221 722 1337 787 librum

195 832 446 915 usurpantium?
475 831 593 906 Quodsi
616 833 708 894 huius
731 853 854 916 quoque
875 832 940 895 vim
963 831 1146 916 argumenti
1168 832 1337 917 impugnes

197 941 407 1023 pertinacius,
438 945 533 1024 atque
556 943 696 1024 potuisse
720 942 761 1005 ab
782 941 1014 1026 Excerptorum
1038 941 1218 1005 auctoribus
1241 943 1337 1005 simil-

195 1051 309 1113 limum
331 1055 441 1114 nostro
465 1050 592 1114 Orionis
616 1051 756 1114 codicem
779 1052 928 1132 tractari,
958 1051 993 1114 in
1020 1073 1082 1134 quo
1109 1051 1173 1114 iam
1195 1055 1263 1114 tum
1286 1051 1337 1114 de-

196 1160 414 1224 siderarentur
435 1160 730 1244 Etymologicorum
752 1161 817 1224 illa'
831 1161 1065 1242 additamenta,
1093 1161 1238 1244 argutius
1260 1183 1338 1224 sane

198 1291 306 1352 crepes
334 1292 429 1353 quam
458 1271 653 1354 probabilius
683 1270 872 1334 contendas:
903 1275 938 1334 at
964 1271 1025 1334 duo
1052 1270 1103 1334 vel
1136 1270 1182 1335 sic
1214 1273 1338 1334 restant

168 1392 178 1410 ·
197 1385 403 1463 argumenta,
432 1379 615 1464 significata
642 1381 699 1442 illa
720 1381 785 1442 iam
808 1384 827 1458 ξ
852 1381 908 1462 11,
936 1381 1071 1443 alterum
1095 1380 1133 1442 ad
1157 1381 1260 1463 ipsam
1282 1403 1337 1444 no-

197 1489 355 1552 tationum
371 1489 510 1553 indolem
525 1490 769 1574 grammaticam
785 1488 964 1572 pertinens,
989 1493 1112 1552 aterum
1133 1489 1174 1552 ad
1188 1512 1297 1572 parem
1313 1493 1337 1554 Α

198 1598 325 1661 litterae
355 1600 479 1682 copiam
505 1599 677 1664 illiusmodi
705 1599 994 1664 additamentorum
1022 1603 1116 1682 atque
1143 1600 1337 1684 reliquarum

198 1709 378 1772 litterarum
416 1710 594 1792 penuriam.
649 1709 751 1784 Quam
788 1711 822 1773 in
858 1731 925 1772 rem
962 1709 1054 1772 nobis
1090 1709 1166 1773 licet
1203 1709 1338 1773 cundem

120 1877 128 1901 ,
196 1817 286 1880 illum
308 1819 531 1882 Tittmannum
559 1821 729 1900 antestari,
759 1820 814 1904 qui
841 1819 993 1882 maiorem
1019 1818 1180 1903 quandam
1201 1819 1337 1883 brevita-

197 1929 261 1990 tem
285 1929 548 2012 notationumque
570 1929 761 1993 tenuitatem
783 1931 818 1992 in
840 1933 1015 2013 postremas
1037 1928 1142 2012 potius
1166 1928 1337 1992 lexicorum

198 2037 322 2100 litteras
351 2039 450 2102 solere
481 2061 576 2122 quam
604 2040 638 2102 111
671 2040 792 2122 priores
827 2041 939 2102 cadere
968 2039 1130 2102 verissime
1158 2039 1338 2102 observavit
1453 2049 1460 2068 ·

198 2147 300 2229 praet.
324 2170 355 2230 p.
379 2147 451 2211 XX.
496 2149 623 2212 Indoles
646 2152 753 2212 autem
775 2149 830 2212 illa
853 2149 1064 2232 grammatica
1088 2171 1158 2212 curn
1181 2149 1339 2231 duplicem

198 2256 262 2319 vim
284 2257 419 2340 habeat,
448 2261 484 2320 ut
512 2263 567 2321 aut
595 2259 651 2322 Ori
679 2281 746 2322 esse
775 2261 832 2321 aut
854 2258 982 2322 Orionis
1010 2281 1075 2321 non
1104 2279 1171 2320 esse
1202 2259 1338 2320 notatio·

199 2387 273 2429 uem
306 2389 464 2450 quamque
498 2371 607 2452 cogat,
645 2369 698 2432 hic
730 2368 857 2452 quidem
891 2369 1026 2431 alterum
1056 2370 1183 2430 tautum
1216 2367 1338 2430 idoneis

198 2476 351 2558 exemplis
373 2477 513 2540 breviter
535 2478 713 2542 declarabo.
759 2477 889 2542 Etenim
919 2499 999 2561 111100
1028 2499 1066 2540 ex
1089 2476 1216 2540 Orionis
1239 2476 1339 2539 lexico

201 2586 411 2670 etymologico
439 2587 592 2651 excidisse
621 2588 773 2671 volueris,
810 2609 848 2651 ea
878 2587 1021 2671 profecto
1054 2589 1180 2670 oportet
1207 2586 1240 2648 in
1270 2585 1339 2668 ipso

201 2715 319 2778 genere
342 2691 553 2780 etymologico
575 2702 751 2761 versentur.
789 2697 931 2772 Quocum
953 2697 1034 2760 scire
1057 2696 1149 2778 cupio
1171 2694 1246 2778 quid
1268 2697 1338 2757 tan-

199 2803 270 2867 dem
294 2827 459 2869 commune
488 2805 630 2870 habeant
651 2807 763 2870 haruin
792 2829 904 2870 vocrun
927 2807 1172 2888 explicationes,
1206 2827 1339 2888 quarum

198 2914 343 2998 singulas
372 2915 461 2978 sedes
490 2938 586 2998 supra
615 2917 819 3001 consignavi:
847 2917 996 2997 ἄγγαροι.
1030 2915 1175 2994 ἀΠρίαε,
1204 2915 1337 2990 ἀγωνία,
1355 2926 1389 2973 ao

199 3023 338 3100 ἀθετεῖν,
361 3027 516 3106 Ἀθριβήε,
540 3028 649 3107 Ἀθύρ,
671 3027 794 3103 Αἴλιος,
818 3028 971 3108 βαεεάρα,
995 3025 1087 3087 aliae.

722 3221 844 3302 011..

284 3351 440 3428 Quoniam
463 3355 504 3418 ab
526 3358 586 3420 hac
609 3359 700 3440 parte
714 3357 808 3419 uiam
830 3376 926 3437 supra
946 3357 1157 3417 monstratam
1179 3351 1339 3415 1111011111-

200 3463 319 3526 nivisse
342 3463 500 3546 videmur,
529 3465 686 3550 reliquum
709 3469 758 3529 est
780 3465 914 3528 eandem
941 3468 977 3527 ut
1005 3466 1116 3528 contra
1149 3463 1228 3524 alias
1261 3461 1339 3524 duas

199 3572 415 3638 dubitationes
443 3578 605 3656 tueamur,
644 3597 722 3659 quos
756 3597 772 3639 e
801 3574 937 3659 singulis
965 3573 1153 3658 quibusdam
1186 3571 1338 3653 exemplis

199 3704 344 3765 promere
372 3685 456 3749 lieet.
502 3685 545 3750 Et
572 3687 710 3770 primum
738 3685 865 3770 quidem
892 3688 941 3747 ter
968 3684 1002 3747 111
1031 3681 1253 3766 Etymologico
1281 3681 1337 3757 Μ,

200 3801 298 3864 semel
321 3797 404 3884 apud
427 3793 585 3860 Zonaram
613 3797 767 3879 scriptum
795 3797 900 3859 exstat
927 3794 1025 3873 Ὥρα(
1048 3793 1067 3858 ὁ
1090 3794 1244 3872 Θηβαῖοι,
1273 3791 1339 3854 11110

157 3925 160 3932 ·
200 3933 229 3972 ν.
254 3909 460 3991 Ἀβαρνίδα
482 3929 513 3989 p.
538 3908 568 3988 2,
592 3909 632 3970 27
657 3904 795 3990 (adiecto
818 3907 897 3967 adeo
925 3905 943 3968 ὁ
966 3902 1337 3980 ἑτυμολόγο111011111101,

198 4020 392 4096 Αἷγυπτοε
414 4019 473 4100 29,
501 4019 555 4098 12,
585 4018 694 4094 τελετή
719 4015 796 4097 151,
822 4017 876 4096 11,
906 4011 990 4096 apud
1012 4012 1098 4075 hunc
1120 4035 1149 4074 v.
1174 4012 1338 4091 μανόφυλ-

200 4131 314 4211 torp.
341 4129 433 4194 1334.
479 4127 527 4190 De
550 4126 614 4190 Oro
637 4125 790 4189 Thebano
820 4145 891 4188 cum
913 4122 1035 4206 pridem
1064 4125 1170 4184 actum
1193 4121 1250 4202 sit,
1279 4120 1339 4182 hoc

199 4241 328 4300 tantum
354 4237 532 4320 quaeritur,
562 4237 618 4300 illa
646 4257 708 4319 quo
730 4235 822 4298 modo
852 4231 1102 4298 commodissime
1126 4230 1337 4313 corrigantur.

200 4348 249 4411 Ac
272 4345 402 4409 criticae
430 4345 556 4430 quidem
584 4346 646 4410 arti
675 4346 771 4428 longe
800 4343 943 4427 profecto
967 4339 1207 4406 convenientius
1234 4339 1338 4403 estin

250 4467 294 4501 rr.
314 4465 479 4501 nrrscnaarr
499 4464 645 4500 0111101111
664 4467 683 4504 1.
1094 4441 1136 4506 39
