3254 5092
247 334 309 397 170
545 347 793 398 eononnsmvn
816 348 1083 398 msrvrsrroms

245 502 350 567 haesit
378 503 412 566 in
442 503 502 585 eis,
532 523 613 586 quae
635 505 747 586 suapte
769 505 886 565 natura
908 505 983 566 sunt
1008 503 1142 566 leviora:
1170 503 1285 568 misere
1313 525 1382 588 per-

245 633 337 676 versa
358 611 414 676 illa
436 613 578 696 queritur
599 625 627 677 el
647 620 754 677 celeris
769 619 902 678 omnibus
924 619 1095 678 auctmibus
1116 620 1242 678 claris-e
1257 614 1382 698 graecis

244 723 332 804 hisce
360 725 410 788 καὶ
438 723 558 803 ἑτέρων
585 724 762 801 ἐλλογίμων
794 722 939 802 ἀνδρῶνι
974 722 1012 787 de
1039 722 1152 807 quibus
1180 728 1290 788 tamen
1317 746 1383 788 non

244 854 309 896 una
329 833 368 896 de
385 854 496 896 caussa
510 845 647 917 'prorsus
668 853 786 915 anceps
809 831 970 896 iudicium.
1001 832 1045 896 Et
1066 835 1191 917 tamen,
1215 834 1382 917 quominus

193 953 226 1004 tt
244 943 348 1026 ipsum
369 943 493 1008 fontem
514 942 607 1006 latini
630 940 743 1005 scholii
763 942 842 1005 illud
862 943 1080 1027 fragmentum
1096 942 1277 1007 Parisinum
1298 944 1382 1008 dica-

243 1063 329 1135 mus,
353 1053 403 1117 vel
423 1052 484 1116 hoc
512 1051 661 1136 impedit,
685 1052 768 1136 quod
789 1051 870 1115 nihil
892 1052 996 1115 estin
1016 1053 1142 1136 graecis
1164 1074 1281 1136 eorum,
1305 1075 1384 1132 quae

244 1169 334 1226 aliter
359 1174 496 1240 necatur
517 1167 698 1227 Heliodorus
724 1169 872 1241 teneoque
893 1167 1024 1227 conuitio
1047 1168 1151 1228 deeius
1177 1169 1381 1244 reprehendit.

243 1271 326 1346 Quid
347 1272 447 1356 igitur
462 1270 745 1336 Schneidewinus‘l
788 1271 816 1334 Ε
838 1272 1049 1355 grammatico
1069 1271 1217 1336 Parisino
1239 1273 1382 1337 hausisse

243 1381 408 1462 Taetzam,
432 1381 524 1444 huius
540 1383 645 1444 autem
661 1402 747 1444 nunc
769 1381 966 1464 deperditam
987 1383 1205 1446 narrationem
1226 1404 1291 1446 non
1313 1382 1382 1446 sine

243 1493 477 1557 accessionibus
504 1490 691 1574 quibusdam
718 1490 818 1554 latine
845 1491 1002 1554 redditam
1036 1492 1071 1555 in
1098 1491 1244 1555 Romano
1275 1492 1382 1558 codice

243 1603 289 1667 ait
303 1626 335 1687 p.
352 1601 425 1666 954.
460 1599 528 1675 Quo
543 1601 652 1664 nescio
667 1622 710 1664 an
724 1600 805 1664 nihil
822 1601 997 1684 excogitari
1013 1601 1152 1684 potuerit
1167 1601 1379 1666 artificiosius.

242 1711 347 1788 Quid?
376 1712 460 1797 quod
488 1711 566 1774 adeo
593 1710 680 1774 laudi
707 1709 833 1774 ducitur
859 1710 1006 1774 Parisino
1038 1711 1265 1795 grammatico,
1298 1711 1381 1794 quod

242 1822 383 1886 diversos
413 1841 480 1885 esse
503 1842 522 1883 a
544 1820 750 1884 Pisistrateae
779 1821 893 1884 aetatis
921 1820 1039 1884 criticis
1061 1819 1248 1884 Aristarcho
1271 1824 1304 1885 et
1325 1820 1381 1884 Ze-

242 1932 360 1996 nodoto
403 1930 607 1994 halucinatur
643 1929 839 1995 Zenodotum
879 1934 911 1993 et
948 1930 1171 1993 Aristarchum
1206 1930 1381 1996 Ptolemaei

243 2042 400 2126 aequales.
431 2039 516 2103 Nam
537 2039 596 2103 boc
619 2039 739 2124 potius,
764 2062 860 2123 quarn
881 2060 962 2124 quae
977 2041 1063 2103 dicta
1079 2043 1154 2104 sunt
1169 2063 1200 2123 p.
1217 2041 1280 2106 955
1294 2041 1379 2122 init,

243 2155 298 2215 aut
319 2150 420 2215 voluit
441 2149 546 2213 dicere
568 2152 625 2212 aut
646 2149 755 2212 debuit
771 2148 1041 2213 Schneidewinus,
1072 2147 1199 2224 Quanto
1222 2154 1328 2214 autem
1349 2154 1382 2214 et

243 2260 421 2351 simplicior
440 2263 472 2323 et
494 2259 566 2322 aliis
589 2280 712 2342 quoquc
734 2259 773 2322 de
797 2259 915 2323 caussis
938 2259 1133 2342 probabilior
1155 2281 1193 2323 ea
1215 2259 1298 2323 ratio
1320 2264 1378 2343 est,

242 2391 337 2455 quam
359 2391 454 2454 supra
478 2369 766 2434 commendavimus
789 2391 820 2452 p.
840 2370 877 2433 17
903 2366 975 2456 [137
999 2366 1085 2457 sq.]‘l
1120 2369 1284 2433 Postremo
1306 2370 1381 2434 nolo

241 2480 478 2562 insumerem,
503 2479 585 2563 quod
608 2500 665 2561 pro
681 2486 876 2560 affertissimo
896 2499 1004 2562 regem
1023 2479 1116 2544 nobis
1138 2479 1264 2543 effinxit
1284 2486 1380 2559 philo

241 2595 342 2671 sophis
357 2596 592 2671 apertissimum:
614 2589 771 2673 gravioris
791 2588 944 2653 momenti
966 2588 1028 2652 duo
1049 2593 1189 2670 restant,
1213 2589 1380 2672 dequibus
1407 2625 1413 2636 ·

241 2700 358 2783 nimia,
387 2703 423 2763 ut
444 2699 537 2776 nobis
560 2698 698 2780 videtur,
730 2697 923 2762 confidentia
945 2697 1205 2763 Schneidewinus
1228 2699 1378 2762 decrevit.

131 2855 135 2864 .
241 2809 381 2884 Quorum
403 2808 538 2871 alterum
567 2807 707 2890 pertinet
735 2807 776 2871 ad
798 2813 954 2887 (υμμιγεῑε
978 2808 1106 2888 βίβλου(
1129 2811 1224 2891 atque
1246 2809 1378 2886 ἀμιγεῖεῑ

242 2919 280 2980 de
303 2917 416 3001 quibus
439 2918 523 3000 quod
545 2939 640 3000 supra
663 2917 832 3001 disputatis
855 2917 971 2980 addam
987 2939 1052 2981 non
1074 2915 1177 2981 habeo
1200 2921 1377 3001 propterea,

241 3027 325 3112 quod
346 3027 381 3090 in
404 3047 440 3090 eo
463 3026 661 3090 adversarius
683 3050 715 3111 p.
740 3027 802 3092 952
825 3027 998 3112 acquievit,
1027 3029 1063 3090 ut
1087 3026 1273 3110 planissime
1294 3048 1380 3090 nunc

242 3157 397 3220 apparere
419 3139 547 3200 nostrae
575 3136 850 3220 interpretationis
872 3137 1050 3201 vanitatem
1073 3139 1279 3200 asseveraret.
1324 3135 1381 3199 Al·

240 3251 343 3310 terum
366 3246 426 3310 hoc
449 3249 513 3328 cst,
537 3245 620 3329 quod
635 3249 835 3326 διορθώεεωε
851 3247 997 3328 notione,
1022 3268 1118 3330 quam
1140 3245 1224 3310 solus
1246 3267 1379 3330 graecus

242 3359 353 3420 auctor
387 3359 539 3437 testatur,
578 3355 656 3419 adeo
694 3357 829 3420 confisus
866 3360 929 3438 est,
968 3359 1004 3418 ut
1039 3375 1099 3418 nec
1134 3355 1173 3418 de
1203 3353 1379 3419 Alexandri

241 3464 521 3549 Lycophronisque
542 3466 728 3529 recensione
750 3466 988 3550 tragoediarum
1012 3463 1306 3548 comoediarumque
1328 3463 1379 3526 vel

241 3575 408 3638 minimum
436 3574 612 3657 dubitaret,
642 3576 697 3639 sed
726 3575 822 3639 etiam
850 3575 1003 3638 Zenodoti
1031 3596 1161 3658 operam
1188 3595 1314 3637 omnem
1345 3572 1379 3636 in

242 3684 418 3749 emendatis
454 3683 564 3748 Iliadis
609 3688 640 3747 et
677 3684 838 3767 Odysseae
874 3683 1166 3767 Hesiodeorumque
1203 3683 1379 3747 carminum

243 3793 395 3878 exemplis
422 3798 556 3877 poneret
583 3815 614 3876 p.
639 3795 711 3858 960.
758 3793 816 3859 uui
838 3794 1017 3858 sententiae
1039 3815 1101 3877 quo
1123 3795 1216 3856 modo
1238 3790 1379 3856 firmissi-

242 3926 328 3967 mum
350 3903 544 3988 praesidium
566 3903 716 3968 accedere
739 3927 756 3967 a
778 3903 1032 3968 commemoratis
1053 3903 1087 3967 in
1111 3903 1175 3966 fine
1198 3900 1377 3984 Porphyrii,

242 4012 407 4077 Plutarchi
430 4016 463 4076 et
484 4011 589 4078 Procli
612 4013 794 4079 nominibus
816 4013 877 4078 sibi
899 4013 1108 4097 persuaserit,
1138 4011 1279 4076 nondum
1301 4009 1378 4072 satis

192 4141 225 4189 55
242 4121 332 4208 potui
348 4122 537 4206 perspicere.
555 4163 598 4172 -—
612 4123 720 4187 Vnum
735 4122 845 4207 probo,
863 4144 882 4186 a
897 4143 947 4186 me
962 4122 1088 4206 quidem
1103 4119 1377 4206 praetermissum:

242 4232 325 4318 quod
347 4232 404 4296 illa
425 4255 564 4318 qaoque,
589 4255 670 4318 quae
691 4231 727 4295 in
743 4229 880 4296 Bekkeri
897 4232 1019 4296 Anecd.
1036 4254 1067 4315 p.
1086 4232 1146 4296 747
1163 4231 1201 4294 de
1217 4228 1378 4294 comoedis

242 4345 415 4407 narrantur
436 4343 598 4407 simillima
619 4340 794 4426 fragmenti
814 4340 953 4404 Parisini
976 4341 1083 4424 initio,
1109 4340 1149 4404 ad
1170 4337 1379 4403 Heliodorum
