3254 5086
516 382 674 431 nroursu
695 381 1044 433 usurcmnassnusrs
1291 365 1355 432 523
1481 395 1488 408 ·

213 535 318 600 minus
341 536 527 599 constanter
547 533 597 598 his
620 533 780 598 additiciis
802 535 883 598 solet
905 555 1001 618 quam
1014 533 1183 600 Vrbinatis
1205 533 1355 619 genuinis

98 673 101 679 ·
215 644 444 728 supplementis
481 665 598 708 carere.
654 643 842 708 Percurram
882 643 1060 728 insigniora
1097 643 1253 727 quaedam
1288 630 1377 708 non'

214 754 360 818 discretis
380 753 563 838 generibus.
608 753 634 837 Ι,
659 755 715 819 ίΟι
738 755 757 820 ὁ
779 756 815 820 δὲ
837 755 1027 839 (ςυφορβός)
1051 753 1094 819 εἰς
1116 753 1194 818 ὕλας
1217 753 1354 834 ἐρήμους

214 864 346 942 ἀγαγὼν
374 864 472 943 αὐτὴν
502 864 660 948 (Λαῦναν)
690 865 735 929 ὼς
762 867 829 930 τῶν
852 864 1070 944 ἐπιτυχουςῶν
1092 883 1173 946 τινα,
1196 865 1354 944 φυλαττό-

214 995 310 1054 μενος
332 973 473 1056 ὀφθῆναι
490 977 560 1038 τοῖς
583 973 713 1057 εἰδόςιν,
736 973 872 1054 ἔτρεφεν
896 974 932 1040 ἐν
953 979 991 1057 τῇ
1013 974 1101 1058 νάπῃ
1122 973 1354 1038 καταςκευόςας

215 1073 347 1164 οἴκηςιν·
376 1083 549 1163 ἀναιρεῖταί
570 1105 605 1149 τε
627 1085 825 1166 καλτρέφει,
855 1082 1000 1149 (ιλούιον
1029 1082 1190 1162 όνομαίςας
1212 1080 1277 1147 ἀπὸ
1299 1085 1354 1160 τῆς

214 1195 300 1274 ὕλης.
343 1192 397 1258 Sic
418 1199 455 1276 Α,
478 1192 726 1276 interpolatione
747 1193 837 1258 nulla
859 1193 1062 1276 inquinatus,
1092 1190 1147 1256 sed
1169 1191 1355 1256 narratione

214 1306 250 1368 ut
273 1306 407 1387 apparet
428 1302 552 1368 mutila.
597 1301 687 1378 Quod
709 1302 851 1367 sentiens
874 1304 1033 1366 corrector
1054 1323 1168 1384 parum
1191 1300 1355 1366 commoda

215 1415 288 1496 post
321 1411 440 1491 οίκηςιν
470 1411 604 1476 immisit
630 1411 711 1476 haec
738 1412 835 1476 verba
862 1412 906 1491 ἧς
933 1413 976 1476 τὸ
1004 1411 1389 1491 ἐγκυμονούμενονν

216 1522 506 1601 ἀποκυηςὰςης,
539 1542 672 1604 quorum
704 1521 774 1585 loco
797 1525 827 1584 B
851 1523 989 1585 testatur
1016 1520 1093 1585 olim
1121 1519 1281 1585 exstitisse
1309 1521 1357 1586 οὐ

215 1634 384 1698 πολλοῖς
412 1632 626 1711 γνώριμον,
654 1632 716 1696 καί
742 1631 786 1696 τό
813 1630 975 1696 παιδίον
1002 1630 1224 1709 γενόμενον
1253 1629 1356 1715 (ἀναι-

217 1745 315 1822 ρεῖται
351 1744 443 1824 κτλ).
497 1740 596 1824 quue
635 1739 682 1804 ita
717 1761 751 1804 se
784 1739 902 1804 habere
937 1738 1115 1804 evidentius
1149 1739 1247 1804 etiam
1280 1739 1357 1805 binc

217 1850 422 1935 perspicitur,
450 1849 533 1934 quod
556 1855 709 1914 Ovorum
736 1848 797 1912 hoc
827 1848 1083 1933 supplementum
1110 1848 1208 1914 habet
1229 1848 1264 1914 in
1286 1849 1357 1933 ipsa

218 1959 430 2024 continuitate
452 1959 635 2042 verboram,
664 1958 772 2024 futtile
800 1962 907 2024 autem
934 1957 1188 2024 additamentum
1215 1957 1294 2024 illud
1321 1958 1357 2024 in

216 2069 373 2154 marffl'ne.
408 2106 451 2118 —
483 2067 686 2134 simillimam
718 2067 908 2134 Ooisliniani
939 2067 1097 2133 rationem
1130 2071 1225 2152 atque
1260 2069 1358 2134 etiam

217 2179 469 2244 manifestiorem
490 2178 590 2243 habes
612 2177 669 2261 IV,
692 2178 742 2260 16,
765 2178 821 2242 ubi
842 2177 922 2242 haec
943 2178 979 2244 in
1001 2199 1038 2242 eo
1061 2178 1169 2243 codice
1190 2179 1357 2263 leguntur:

218 2291 333 2356 διελὼν
361 2292 398 2355 δὲ
423 2289 540 2356 αὐτοὺς
568 2294 639 2372 διχῇ
667 2287 901 2367 τετταράκοντα
927 2289 984 2367 μὲν
1007 2288 1135 2368 ἐποίηςε
1158 2289 1358 2368 νεωτέρους

170 2425 174 2432 ’
217 2401 352 2480 λόχους,
381 2398 442 2464 οἷς
463 2399 531 2464 τὰς
562 2397 798 2478 ὑπαιθρίους
826 2396 1007 2463 ἀπέδωκε
1030 2398 1253 2478 ςτρατείας,
1274 2419 1358 2464 rer·

218 2507 441 2588 ταράκοντα
463 2509 504 2573 δὲ
532 2508 842 2588 πρεςβυτέρους,
870 2507 927 2573 οὓς
954 2507 1018 2573 ἔδει
1045 2510 1100 2586 τῆς
1131 2507 1285 2586 νεότητος
1314 2507 1358 2573 είς

218 2619 363 2698 πόλεμον
385 2617 527 2698 ἐξιούςης
550 2618 793 2698 ἐξέρχεςθαι,
820 2616 915 2682 τοὺς
937 2618 979 2683 δὲ
1001 2616 1148 2682 ἄλλους
1169 2617 1358 2696 τετταρά-

219 2749 339 2794 κοντα
360 2735 442 2794 τῶν
464 2728 743 2808 πρεςβυτέρων
766 2727 990 2807 ὑπομένοντας
1013 2727 1048 2794 ἐν
1070 2733 1108 2812 τῇ
1131 2728 1223 2792 πόλει
1245 2727 1284 2793 τὰ
1308 2727 1358 2792 ἐν-

218 2839 274 2905 τός
299 2843 359 2903 τοῦ
386 2838 512 2918 τείχους
533 2837 715 2919 φυλάττειν.
758 2836 882 2920 Quippe
896 2837 943 2900 ‘in
972 2841 999 2900 Α
1026 2857 1097 2902 cum
1123 2837 1239 2902 lacuna
1261 2836 1358 2921 scrip-

218 2949 287 3011 tum
314 2951 363 3011 est
393 2948 520 3026 ἐποίηςε
547 2948 728 3028 νεωτέρων
750 2947 870 3026 λόχους
896 2947 953 3012 οὓς
976 2947 1040 3012 ἔδει
1060 2950 1117 3026 τῆς
1138 2948 1292 3026 νεότητος
1315 2946 1359 3014 εἰς

219 3059 363 3137 πόλεμον
394 3057 535 3136 ἐξιούςης
562 3057 785 3137 ὑπομένοντας
811 3059 875 3122 κτλ.
920 3055 1008 3121 Hinc
1035 3056 1196 3140 profectus
1218 3057 1359 3140 interpo-

219 3167 302 3230 lator
330 3165 432 3251 (DP),
460 3166 590 3231 insertis
616 3166 702 3230 inter
730 3167 872 3245 ἐξιούςης
897 3168 930 3229 et
957 3165 1179 3245 ὑπομένοντας
1206 3187 1287 3250 quae
1314 3166 1359 3231 ibi

220 3276 317 3340 etiam
333 3281 357 3340 0
369 3275 469 3359 addit,
492 3275 704 3340 miserrimum
718 3277 753 3340 in
767 3275 894 3340 modum
915 3275 1022 3339 omnia
1044 3276 1208 3359 pervertit.
1238 3275 1359 3340 Verum

221 3386 476 3469 supplementum
496 3387 616 3451 clerte
638 3385 824 3465 ὑπαιθρίους
847 3384 993 3451 ἀπέδωκε
1016 3386 1186 3465 ςτρατείας,
1208 3386 1358 3466 τετταρά-

221 3517 320 3561 κοντα
347 3497 383 3561 δὲ
405 3496 654 3576 πρεςβυτέρων,
683 3495 767 3579 quod
789 3517 807 3559 e
830 3499 858 3558 B
880 3494 1015 3560 accessit
1036 3498 1110 3576 post
1130 3495 1265 3578 λόχους,
1294 3515 1359 3559 una

221 3627 292 3670 cum
314 3605 562 3689 interpolatione
579 3605 764 3688 Oservarit‚
788 3604 851 3669 nisi
874 3599 1212 3688 αυοιίπρεςβυτέριυν
1233 3603 1268 3668 in
1282 3625 1358 3685 πρε-

220 3716 406 3796 ςβυτέρους
428 3715 574 3779 mutavit.
602 3751 646 3764 -
677 3714 724 3798 Π,
744 3713 801 3779 65:
839 3715 1056 3795 διαιρούμενοί
1077 3734 1113 3779 τε
1136 3719 1206 3797 διχῇ
1228 3714 1268 3779 τὰ
1289 3714 1360 3794 ἱερὰ

220 3826 271 3890 καὶ
297 3823 336 3890 τὰ
358 3826 415 3904 μὲν
438 3825 546 3890 αὐτῶν
575 3826 668 3890 κοινὰ
689 3827 860 3890 ποιοῦντες
887 3826 938 3888 καί
968 3824 1132 3902 πολιτικὰ,
1164 3825 1204 3888 τὰ
1231 3825 1267 3888 δὲ
1296 3826 1360 3889 καί

220 3935 387 4012 ςυτγενικὰ
409 3938 473 4000 κτλ.
517 3933 580 3998 Pro
606 3933 656 3997 his
684 3933 789 3997 deleta
815 3935 867 3998 καί
893 3933 1053 4017 particula
1075 3935 1114 3998 τὰ
1135 3933 1171 3998 δὲ
1194 3933 1360 4008 ςυγγενικὰ

221 4049 288 4108 BP:
325 4044 379 4107 sed
402 4044 533 4128 egregia
557 4043 776 4108 concinnitate
803 4045 843 4109 τὰ
865 4045 900 4108 δὲ
920 4043 1002 4108 ἴδια
1023 4044 1084 4108 καὶ
1106 4043 1274 4120 ςυγτενικὰ
1296 4046 1358 4107 Bo,

220 4189 263 4198 -
284 4151 349 4234 ΠΙ,
374 4153 408 4217 7:
445 4153 520 4220 οὔτε
548 4154 631 4238 μάχῃ
660 4155 821 4233 κρατηθεὶς
849 4153 910 4233 ὑφ’
933 4151 1022 4232 ὑμῶν
1051 4152 1125 4217 οὔτ’
1153 4153 1360 4232 ἐπιςιτιςμοὺς

222 4259 394 4336 είςόιγεςθαι
408 4263 614 4343 κωλυόμενος
637 4263 803 4344 [οὔτἐίς
823 4262 945 4340 ἄλλην
967 4261 1359 4346 κατακεκλειςμένος]

224 4366 376 4450 ἀνάγκην
400 4371 570 4449 οὐδεμίαν.
614 4371 714 4440 Vuois
741 4371 865 4439 inclusa
886 4371 945 4436 soli
967 4370 1124 4456 praebent
1145 4377 1208 4454 BC,
1231 4370 1360 4458 ἀνάγκῃ
