3226 5096
248 351 307 416 132
543 366 794 414 cononunnrvn
818 365 1086 415 orsrvrsrronrs

245 543 316 584 rum
332 519 585 604 Byzantinarum
606 519 818 603 offendamus,
843 519 928 583 illius
944 518 1028 582 modi
1051 519 1173 582 nomini
1190 517 1385 602 parcendum

245 631 310 694 sit?
353 630 469 694 Exstat
497 631 531 694 in
558 627 741 694 Matritensi
772 630 880 694 codiee
907 629 1073 694 Heliodori
1101 631 1228 710 ὁριςμὸς
1258 633 1384 711 φωνῆς,

244 741 295 804 his
316 741 421 804 verbis
444 741 704 824 comprehensus:
734 743 829 822 φωνή
852 741 935 807 ἐςτίν
959 741 1021 820 ἀὴρ
1044 742 1284 820 πεπληγμένος,
1306 741 1326 818 ἢ
1347 741 1385 804 τὸ

243 851 327 917 ἴδιον
342 851 489 930 αἰςθητόν
505 851 621 932 ἀκοῆς,
638 853 658 930 ἢ
674 851 832 932 ἔναρθρον
847 871 876 915 τι
891 850 957 916 ἀπὸ
971 850 1115 917 διανοίας
1130 851 1385 929 ἐκπεμπόμενον.

243 961 474 1025 Tribuebamus
502 962 582 1025 haee
610 959 791 1045 Byzantino
820 961 1048 1045 grammatico:
1081 961 1186 1045 magis
1214 960 1385 1024 convenire
1432 982 1437 988 ·

242 1071 278 1136 in
306 1073 352 1135 rei
380 1072 532 1135 metricae
560 1075 722 1134 auctorem
752 1071 820 1135 visa
854 1074 929 1134 sunt
957 1068 1176 1154 Bernhardyo.
1216 1070 1386 1155 Largimur

243 1181 305 1245 hoe
327 1181 373 1244 ita
400 1203 515 1265 posse
543 1203 625 1245 esse:
654 1182 709 1244 sed
737 1180 820 1264 quod
848 1180 959 1243 eadem
986 1180 1104 1244 rectius
1126 1179 1223 1244 etiam
1245 1180 1384 1266 Diogeni

245 1290 423 1375 Babylonio
429 1341 438 1374 ‚
463 1290 570 1356 Stoico
593 1290 797 1374 philosopho,
822 1290 868 1354 ait
889 1290 924 1354 in
944 1290 1086 1354 Crameri
1108 1290 1230 1355 Aneod.
1254 1291 1313 1355 Ox.
1337 1290 1385 1356 IV

244 1425 274 1484 p.
299 1401 362 1466 316
384 1423 430 1485 sq.
455 1401 569 1484 tribui,
599 1400 632 1464 id
660 1422 720 1464 nee
748 1421 806 1484 per
833 1421 866 1464 se
889 1400 931 1464 ab
953 1401 1039 1464 omni
1067 1404 1159 1484 parte
1181 1423 1291 1465 verum
1320 1404 1384 1465 est:

243 1533 319 1575 nam
341 1511 449 1595 priora
470 1515 597 1574 tantum
620 1511 685 1575 illic
708 1513 851 1592 exstant,
875 1510 1000 1574 omissis
1023 1512 1042 1590 ἢ
1065 1511 1226 1593 ἔναρθρον
1248 1533 1275 1574 e.
1293 1534 1323 1594 q.
1341 1535 1383 1575 s:

243 1645 303 1685 noe
331 1643 386 1685 eur
414 1622 562 1685 rectius
589 1621 656 1685 fieri
686 1621 826 1703 dicatur,
861 1621 925 1684 ullo
953 1625 1142 1704 argumento
1165 1621 1382 1707 intellegitur:

242 1755 302 1796 neo
326 1733 431 1795 valere
453 1732 493 1795 ad
516 1731 750 1795 sollicitandum
775 1729 939 1795 Heliodori
970 1751 1086 1794 nomen
1116 1735 1237 1814 potest:
1267 1733 1383 1816 quippe

243 1842 378 1907 eundem
405 1842 624 1906 definitionem
646 1841 831 1925 saepissime
854 1840 995 1906 videmus
1021 1840 1252 1924 perplurimos
1285 1842 1382 1906 libros

193 1963 221 2008 11
244 1956 276 2016 et
291 1955 413 2016 aetates
434 1954 657 2036 propagatam.
703 1952 792 2026 Quod
808 1955 915 2015 autem
938 1951 976 2014 de
997 1950 1180 2014 Matritensi
1203 1951 1259 2014 illo
1274 1950 1382 2016 Helio-

242 2063 319 2127 doro
347 2062 457 2146 largiti
485 2083 608 2144 sumuS,
637 2061 669 2123 id
697 2083 738 2124 ne
766 2061 793 2124 si
821 2061 972 2125 vellemus
1000 2060 1126 2144 quidem
1154 2083 1316 2144 possemus
1344 2061 1383 2124 de

242 2171 388 2256 Dionysii
421 2171 554 2235 Thracis
591 2172 703 2250 τέχνης
739 2175 950 2251 γραμματικῆς
987 2169 1160 2235 soholiasta
1196 2170 1379 2254 Heliodoro,

243 2283 331 2346 euius
358 2304 375 2346 e
405 2281 513 2346 codiee
541 2280 706 2344 Marciano
732 2280 949 2365 fragmentum
976 2279 1171 2344 Villoisonus
1199 2281 1321 2345 hneed.
1350 2281 1382 2344 II

242 2414 273 2475 p.
301 2393 361 2458 125
383 2391 526 2476 protulit.
571 2390 661 2466 Quod
683 2394 720 2454 ut
740 2390 880 2474 aliquam
906 2390 1148 2454 similitudinem
1170 2391 1289 2455 habeat
1311 2413 1382 2455 cum

242 2502 322 2566 alius
345 2501 530 2585 interpretis
552 2499 656 2566 verbis
678 2499 713 2564 in
736 2498 837 2564 Beklr.
854 2499 977 2564 Aneod.
1000 2523 1031 2584 p.
1056 2501 1132 2565 797:
1156 2504 1252 2584 atque
1274 2505 1323 2566 est
1344 2523 1382 2565 ea

241 2635 319 2676 sane
341 2612 471 2697 exigua:
498 2615 608 2675 tamen
631 2633 669 2673 ex
692 2631 729 2674 eo
758 2631 798 2673 ne
822 2609 1066 2694 Bernhardyum
1088 2610 1215 2693 quidem
1242 2612 1381 2695 putarim

241 2723 425 2806 quiequam,
449 2721 532 2805 quod
555 2724 667 2784 eontra
682 2719 898 2804 Byzantinum
912 2718 1121 2784 Heliodorum
1136 2721 1267 2802 valeret,
1293 2723 1380 2785 eolli-

240 2853 317 2916 gere
354 2831 537 2916 voluisse*).
597 2829 717 2905 Quibus
754 2830 854 2915 igitur
897 2831 982 2894 hune
1019 2833 1185 2914 praeterea
1222 2831 1381 2896 machinis

241 2942 370 3004 adortus
386 2944 448 3024 est,
473 2944 509 3004 ut
530 2940 569 3004 de
590 2940 694 3004 medio
716 2939 868 3004 tolleret?
910 2938 1017 3004 Nullis
1040 2940 1094 3003 ille
1110 2941 1254 3024 quidem,
1279 2963 1381 3025 neque

241 3051 390 3114 removit:
419 3049 474 3114 sed
501 3050 602 3114 nihilo
630 3055 737 3114 tamen
766 3050 871 3114 minus
899 3048 977 3113 illud
1005 3071 1123 3114 nomen
1148 3073 1167 3114 a
1190 3051 1381 3116 Christianis

241 3160 390 3224 videlieet
412 3159 602 3244 Byzantinis
625 3161 780 3224 alienmn:
808 3182 846 3224 ac
874 3162 1004 3244 propter
1032 3159 1092 3224 hoc
1124 3161 1228 3244 ipsum
1262 3161 1381 3226 reicula

124 3307 128 3317 .
240 3269 405 3334 Heliodori
429 3269 601 3353 Byzantini
629 3270 792 3334 memoria.
838 3268 901 3333 Vix
924 3269 1035 3333 credas
1058 3270 1269 3334 certissimum
1292 3271 1380 3336 testi-

240 3380 382 3443 monium
409 3380 593 3463 posthaberi
626 3380 768 3444 incertae
797 3380 828 3442 h.
859 3401 886 3442 e.
917 3383 1029 3463 suapte
1062 3385 1178 3444 natura
1211 3382 1380 3468 ambiguae

239 3491 383 3573 opinioni
406 3491 561 3573 potuisse,
591 3512 671 3574 quae
694 3489 734 3552 ud
757 3489 939 3553 universum
966 3511 1067 3574 genus
1091 3491 1217 3576 aliquod
1240 3495 1379 3576 spectat:

239 3601 341 3684 qualis
369 3600 496 3684 quidem
523 3600 632 3684 opinio
658 3600 742 3664 unde
770 3599 900 3663 tandem
929 3599 991 3663 nisi
1020 3622 1057 3664 ex
1086 3605 1244 3666 certarum
1275 3624 1379 3666 rerum

239 3710 389 3793 prudenti
404 3710 627 3774 observatione
644 3707 795 3793 eapitur?
838 3707 899 3773 Sed
922 3709 999 3772 lieet
1022 3711 1153 3774 ulterius
1174 3713 1324 3798 progredi
1347 3715 1380 3775 et

306 3924 331 3990 ²⁸)
350 3921 449 3990 [Quam
468 3923 560 3975 certae
579 3921 635 3974 sint
655 3921 683 3974 in
702 3920 868 3975 scholiorum
889 3922 1030 3990 farragine
1050 3921 1175 3992 Dionysii
1193 3925 1302 3992 Τέχνην
1319 3924 1378 3978 illu-

239 4015 388 4069 strantium
411 4031 549 4082 quamque
572 4015 628 4068 late
651 4015 780 4082 patentes
799 4013 940 4068 Heliodori
962 4019 1068 4084 partes,
1091 4017 1244 4071 clarissima
1261 4033 1332 4070 nunc
1349 4016 1378 4069 in

238 4109 298 4162 luce
311 4107 420 4162 Curtius
433 4107 660 4162 Waehsmuthius
678 4107 771 4176 posuit
783 4123 897 4162 excusso
917 4107 1011 4162 codiee
1024 4109 1179 4164 Borbonieo
1193 4112 1377 4178 enarratoque

240 4201 326 4254 Musei
344 4201 431 4254 Rhsn.
450 4200 517 4269 phil.
530 4201 549 4254 t.
564 4199 613 4253 XX
630 4218 657 4268 p.
671 4205 729 4255 sir.
744 4205 886 4254 oss-388.
922 4199 999 4264 Quae
1017 4202 1178 4256 testimonia
1190 4203 1214 4254 si
1226 4203 1259 4256 Η,
1273 4201 1376 4256 Kailios

238 4294 293 4348 iam
306 4294 420 4362 cognita
430 4293 586 4360 habuisset,
602 4293 648 4346 vix
660 4293 756 4347 dubito
769 4292 835 4360 quin
847 4293 941 4361 paullo
954 4293 1035 4348 aliter
1048 4293 1082 4348 de
1095 4295 1213 4349 l'zetzae
1225 4294 1375 4349 Heliodoro

239 4385 383 4440 statuisset
400 4386 487 4440 Musei
504 4387 592 4442 Rhen.
610 4386 675 4440 nori
692 4385 730 4440 Vl
748 4403 775 4454 p.
796 4391 843 4440 132
862 4387 913 4453 sip]
