3272 5088
247 343 311 408 460
707 360 754 408 us
777 358 926 409 unnsms

248 513 444 577 mentionem
467 513 611 596 Marsyas
638 512 766 595 fecerit,
790 512 954 581 difficilius
976 534 1070 594 sane,
1095 534 1190 596 quam
1212 511 1385 597 quaeritur,

248 622 468 707 respondetur.
505 625 810 703 Ἀρχαιολογὶαν
832 622 1019 707 perhibetur
1041 622 1216 706 scripsisse,
1239 625 1275 685 ut
1296 643 1386 705 prae-

249 735 298 796 ter
319 732 509 816 Dionysium
530 735 563 796 et
584 732 754 816 Iosephum
775 732 984 816 Pherecydes,
1012 731 1246 815 Phanodemus,
1270 735 1302 795 et
1324 731 1386 796 for·

249 845 333 907 tasse
348 842 486 925 Hippias
500 845 595 925 atque
611 842 828 906 Anaximenes
853 841 946 930 [nihil
968 846 1004 906 ut
1025 842 1063 907 de
1086 841 1258 908 Simonidis
1273 842 1387 906 Amor·

249 953 329 1037 gini,
351 953 378 1016 si
399 953 448 1016 dis
467 953 584 1036 placet,
605 953 815 1037 ἀρχαιολογίᾳ
830 957 896 1019 τῶν
916 954 1040 1032 (αμίων
1058 953 1192 1041 dicam]:
1217 952 1304 1016 ouius
1325 955 1386 1016 ter-

249 1085 303 1127 rae
330 1063 381 1127 vel
408 1063 532 1147 gentis,
561 1066 696 1127 tacetur.
741 1061 859 1138 Quodsi
888 1063 958 1146 quis
985 1062 1024 1126 de
1048 1068 1149 1128 Attico
1171 1067 1387 1142 orchaeolopr'a

250 1173 466 1236 coniecturam
486 1172 588 1236 faciat
609 1173 709 1256 deque
731 1175 851 1236 temere
873 1171 1041 1256 discerptis
1057 1171 1172 1237 Suidae
1191 1172 1255 1236 illis
1270 1173 1386 1256 verbis,

249 1261 330 1366 quae
357 1303 435 1346 sane
461 1282 558 1345 tertio
586 1282 713 1346 invecto
736 1283 865 1366 Marsya
892 1283 1023 1347 turbata
1046 1303 1113 1346 esse
1136 1282 1287 1347 vidimus:
1321 1305 1387 1347 non

248 1392 347 1456 frierit
373 1391 459 1456 istud
481 1391 608 1475 quidem
635 1392 700 1455 ullo
722 1395 817 1476 pacto
840 1391 1021 1475 absurdum,
1050 1393 1239 1476 praesertim
1263 1415 1335 1456 cum
1356 1397 1388 1456 et

249 1503 400 1568 Ἀττικά
424 1501 484 1565 'illa
506 1501 634 1565 Pellaeo
663 1501 825 1586 adscripta
852 1502 985 1567 ethaeo
1008 1501 1217 1582 ἀρχαιολογία
1239 1503 1388 1567 dicantur

214 1612 379 1693 8βιβ11οις
402 1610 439 1692 ιβ’
462 1611 695 1698 constitisse*);
724 1612 915 1676 sed-tamen
944 1612 1054 1675 mirari
1077 1612 1163 1676 subit
1186 1612 1271 1676 inter
1294 1614 1387 1678 Ἀτθί-

249 1728 316 1788 δων
342 1722 513 1805 scriptores
539 1742 606 1786 non
633 1722 760 1805 saepius
788 1723 1027 1786 commemorari
1056 1723 1228 1807 Marsyam.
1272 1721 1387 1798 Quam·

249 1853 344 1915 quam
371 1831 482 1895 eadem
509 1853 587 1896 sane
614 1832 743 1895 miratio
771 1832 806 1896 iu
829 1832 949 1896 Pellaei
972 1834 1092 1899 Ἀττικά
1119 1832 1221 1916 cadit,
1256 1853 1388 1916 quorum

249 1941 348 2006 libros
370 1940 448 2004 XIV
474 1941 625 2024 (debebat
647 1941 724 2027 XII)
753 1942 869 2006 ‘minus
893 1943 994 2007 claros
1016 1942 1126 2006 fuisse’
1150 1941 1295 2026 Heynius
1317 1963 1387 2006 sen-

250 2050 352 2114 tiebat
374 2051 409 2113 in
431 2051 661 2133 Apollodorum
681 2051 741 2133 Ill,
767 2052 807 2116 14
828 2074 860 2135 p.
884 2053 957 2118 319.

335 2160 426 2246 (XII)
454 2159 516 2224 Sed
538 2161 905 2226 luculento'testimouio
920 2161 1135 2227 Macedonicis
1151 2163 1230 2227 haec
1244 2163 1387 2228 tribuun-

250 2274 303 2334 tur
314 2270 580 2354 Harpocrationis
597 2293 625 2335 v.
643 2274 662 2336 Γ
670 2273 823 2352 άληψος
846 2272 977 2356 (rectius
999 2274 1174 2356 Γοληψός)·
1198 2321 1206 2337 .
1232 2322 1238 2335 .
1265 2323 1272 2336 .
1295 2273 1389 2339 πόλις

250 2383 386 2465 Θρᾴκης,
409 2381 576 2460 ὠνομὰςθη
606 2384 641 2447 δὲ
664 2381 729 2448 ἀπὸ
759 2385 908 2462 Γαλήψου
931 2387 989 2448 τοῦ
1012 2383 1119 2448 oscos
1142 2385 1192 2448 καὶ
1213 2387 1268 2463 τῆς
1291 2384 1387 2462 Τηλέ-

250 2512 329 2572 φης,
349 2492 394 2557 ὡς
410 2492 595 2571 Μαρςύας
617 2491 847 2572 ὁνεώτερος
869 2492 909 2558 ἐν
932 2493 1092 2577 πέμπτῳ
1112 2493 1281 2571 (tertuum
1303 2491 1387 2577 cod.)

251 2603 545 2668 Μακεδονικῶν.
579 2601 610 2664 Ν
613 2623 665 2664 am
683 2623 778 2686 aegre
796 2601 987 2685 perspiciaS,
1013 2623 1068 2665 cur
1083 2602 1149 2665 eius
1164 2601 1250 2666 modi
1266 2601 1387 2666 addita·

250 2711 385 2793 mentis,
404 2710 533 2794 ,quibus
562 2710 752 2794 aliquotiens
778 2711 908 2775 mutilus
930 2710 1197 2794 Harpocrationis
1219 2711 1301 2776 liber
1322 2734 1388 2776 non

252 2819 524 2903 compendifaotus
559 2820 725 2904 suppletur
754 2841 792 2884 ex
822 2821 893 2904 ipsa
926 2820 1081 2903 epitoma,
1117 2825 1152 2884 ut
1178 2843 1209 2904 p.
1241 2822 1317 2898 176,
1350 2821 1387 2885 16

251 2931 337 3013 (post
359 2951 386 2992 v.
402 2929 562 3015 τοπεῑον),
589 2931 659 3012 118,
679 2931 717 2993 14
740 2930 784 3014 (v.
800 2930 1054 3015 τριτοπάιορες),
1082 2929 1152 3012 182,
1170 2931 1187 2994 1
1206 2930 1251 3012 (v.
1268 2931 1386 3016 φάςις),

251 3060 390 3122 nuperus
419 3039 484 3102 edit
470 3043 521 3102 tor
542 3039 647 3103 locum
674 3038 857 3123 denegarit:
886 3061 947 3122 quo
970 3039 1067 3102 etiam
1094 3039 1223 3123 gravius
1245 3038 1305 3102 hoc
1327 3042 1386 3122 est,

251 3147 333 3231 quod
356 3148 423 3212 eius
445 3147 573 3232 generis
595 3147 752 3232 quaedam
773 3169 902 3233 prorsus
923 3148 1205 3231 praetermisit,u
1186 3147 1386 3212 utParisini

182 3245 184 3250 ¹
250 3257 324 3320 libri
352 3256 437 3322 hanc
459 3258 620 3342 glossam:
666 3259 834 3339 Κορθίλος,
868 3257 973 3336 ὄνομα
1000 3259 1124 3338 κύριον·
1162 3260 1201 3324 ὃν
1229 3259 1387 3338 Ἀθηναῖοι

250 3368 441 3435 κατέλευςαν
477 3367 559 3452 (cod.
590 3367 790 3448 κατέλυςαν),
819 3367 898 3433 διότι
924 3367 1097 3433 ὑπακούειν
1124 3369 1261 3446 Πέρςαις
1288 3367 1387 3446 πρού-

249 3476 456 3562 τρέπετο.**)

251 3633 425 3642 ----.-
435 3634 451 3640 -

317 3717 342 3782 *)
372 3715 460 3784 [Hanc
488 3713 631 3783 amplexus
661 3711 847 3768 coniecturam
870 3711 1065 3782 Bernhardyus
1088 3711 1242 3780 minorique
1259 3711 1388 3780 Marsyae

252 3811 381 3876 Ἀττικὴν
400 3807 596 3876 ἀρχαιολογίαν
614 3805 739 3860 tribuens
758 3823 870 3875 prorsus
889 3804 1029 3874 persuasit
1046 3805 1159 3860 Geiero:
1178 3803 1225 3872 qui
1242 3805 1337 3858 tamen
1355 3821 1387 3858 ex

250 3903 376 3956 Ἀτακτα
393 3917 475 3970 posse
495 3901 654 3968 corruptum
673 3915 733 3953 esse
753 3899 864 3952 Ἀττικά
883 3897 1001 3953 coniecit
1017 3905 1115 3968 11331.
1152 3897 1259 3952 Maiora
1276 3895 1387 3952 molitus

250 3995 411 4064 Droysenus
425 3993 562 4047 Ἀςιατικά
573 3992 751 4062 proponebat
767 4011 793 4060 p.
806 3997 862 4046 681.
875 4023 907 4030 -
919 3990 1076 4060 Agathonis
1090 3990 1201 4058 quidem
1219 3989 1388 4044 mentionem

251 4088 286 4141 ud
309 4087 385 4157 ipsos
407 4083 606 4140 Macedonicos
628 4085 714 4138 libros
737 4101 867 4139 revocare
890 4102 945 4139 non
968 4082 1107 4138 dubitavit
1123 4083 1271 4136 Muellerus
1288 4101 1315 4152 p.
1335 4083 1388 4150 la]

319 4181 350 4213 **
350 4180 471 4247 )[hnmo
489 4179 621 4246 excerpta
638 4176 707 4231 hacc
726 4178 790 4230 sunt
807 4194 841 4230 ex
853 4175 1080 4246 Harpocrationis
1099 4193 1154 4230 nou
1173 4173 1388 4243 compendisaoti

251 4291 278 4341 p.
301 4279 356 4338 118,
374 4271 508 4326 suern:
529 4270 673 4338 Κορςίλον·
692 4271 873 4338 Δημοςθένης
890 4271 976 4337 ἐντῶ
995 4271 1066 4336 ὑπὲρ
1084 4271 1282 4337 Κτηςιφῶντος
1301 4269 1429 4338 (5201

251 4367 372 4434 Ῑ1.2116·)
391 4367 460 4418 κτὸν
478 4366 528 4431 μὲν
545 4368 636 4417 ταῦτα
654 4363 897 4429 ςυμβουλεύςαντα
914 4363 1101 4429 Θεμιςτοκλέα
1117 4362 1276 4429 ςτρατηγὸν
1294 4360 1389 4426 ἑλόμε-
