3254 5092
490 367 653 414 11111111.
678 367 781 414 111111.
806 367 1086 416 111111111110.
1304 351 1361 414 171

225 519 350 582 rettulit
365 541 396 603 p.
414 520 486 586 950.
520 520 668 586 Fortasse
691 518 769 584 illud
791 540 914 604 quoque
936 519 1176 602 benefactum,
1201 519 1284 602 quod
1305 540 1364 602 pro

226 629 359 695 ἐπέθετο
383 653 413 695 v.
439 630 735 696 recommendavit
758 631 905 696 ἀπέθετο.

566 1137 809 1222 Epimetrum
831 1138 877 1200 ad
899 1160 931 1220 p.
959 1137 1028 1201 168.

312 1287 591 1376 [Recognitionem
607 1290 724 1354 codicis
740 1290 878 1354 Romani
901 1289 1093 1354 exactiorem
1109 1291 1272 1374 expetenti
1294 1312 1365 1354 sero

227 1400 306 1462 satis
331 1400 454 1464 factum
483 1403 542 1464 est.
586 1400 671 1464 Nam
694 1422 730 1464 eo
760 1401 828 1482 ipso
851 1399 992 1482 demum,
1023 1421 1085 1484 quo
1107 1399 1187 1465 haec
1214 1399 1365 1464 schedula

226 1510 429 1592 typographo
457 1509 610 1592 traditur,
639 1510 792 1594 temporis
820 1512 982 1572 momento
1009 1509 1140 1573 affertur
1162 1509 1265 1573 Roma
1286 1509 1366 1573 mihi

226 1619 448 1684 transmissum
471 1619 744 1684 accuratissimum
766 1620 945 1702 exemplum
967 1618 1080 1682 scholii
1101 1618 1258 1702 Plautini,
1282 1620 1365 1703 quod

184 1805 186 1810 ι
227 1727 366 1812 Augusti
388 1728 572 1794 Wilmarrns
600 1728 788 1813 diligentiae
810 1749 1049 1813 propensaeque
1075 1729 1110 1791 in
1132 1749 1183 1792 me
1205 1729 1365 1793 voluntati

227 1837 335 1903 debeo.
396 1839 464 1913 Quo
505 1839 650 1922 inspecto
691 1839 835 1921 exemplo
872 1837 982 1902 statim
1017 1837 1225 1920 recordabar,
1269 1860 1365 1921 quam

226 1946 336 2030 iniqua
358 1948 487 2012 fortuna
510 1948 705 2031 1111111837,
729 1951 765 2011 ut
786 1951 855 2011 tum
876 1951 969 2012 erant
989 1951 1150 2031 tempora,
1173 1969 1248 2012 usus
1264 1969 1365 2012 essem

226 2057 262 2119 in
282 2057 452 2122 tractando
467 2060 517 2121 vel
538 2058 644 2141 potius
665 2079 730 2122 non
753 2057 923 2122 tractando
939 2057 1045 2122 codice
1068 2057 1195 2142 collegii
1210 2057 1364 2122 Romani:

226 2188 320 2250 quem
340 2189 382 2231 ne
404 2167 553 2232 vidissem
580 2166 724 2252 quidem,
755 2167 818 2232 nisi
846 2167 1019 2252 singularis
1046 2167 1202 2251 quaedam
1229 2168 1365 2232 benevo

227 2275 327 2340 lentia
342 2277 599 2342 reverendissimi
614 2276 720 2342 Patris
735 2277 863 2361 Iosephi
879 2277 1019 2360 Metabi,
1044 2278 1131 2342 cuius
1146 2277 1365 2362 gratissimam

226 2387 411 2450 memoriam
432 2388 497 2452 scio
512 2408 635 2452 mecum
652 2387 711 2452 coli
728 2388 886 2470 amultis,
909 2387 969 2450 hoc
990 2407 1040 2450 me
1060 2387 1216 2451 beneficio
1238 2387 1365 2452 beasset

226 2499 353 2578 praeter
380 2497 577 2580 superiorum
607 2497 846 2579 auctoritatem,
880 2497 917 2560 ut
944 2517 1001 2580 per
1030 2496 1206 2579 crepusculi
1239 2499 1365 2580 tempus

226 2605 322 2690 longe
349 2607 569 2671 brevissimum
597 2606 718 2690 aliquot
750 2606 894 2690 pagellas
926 2626 1109 2688 percurrere
1143 2605 1268 2688 liceret,
1303 2606 1365 2670 hac

225 2719 334 2780 tamen
359 2715 467 2780 addita
491 2715 676 2781 condicione
696 2721 732 2780 ut
754 2717 894 2800 legerem
916 2715 1058 2800 quidem,
1082 2716 1236 2779 lectorum
1259 2719 1365 2779 autem

225 2825 308 2888 nihil
334 2826 591 2904 transcriberem.
636 2827 675 2890 In
703 2847 764 2910 quo
791 2826 818 2888 si
846 2825 973 2890 fatebor
994 2825 1090 2890 fidem
1110 2846 1161 2889 me
1183 2825 1365 2890 destituisse

227 2935 421 3021 clanculum,
446 2937 530 3000 haud
553 2937 619 3000 scio
642 2958 684 3000 an
704 2935 830 3000 veniam
852 2935 1005 3000 facinoris
1027 2936 1091 3000 mei
1112 2935 1173 2999 sim
1192 2957 1364 3000 111111111-

226 3043 315 3108 nium
337 3045 516 3110 litterarum
543 3046 692 3112 studiosis
715 3045 953 3129 impetraturus
999 3043 1061 3110 sed
1089 3066 1169 3128 quae
1199 3048 1267 3109 tum
1293 3067 1364 3130 pro·

225 3155 354 3236 peranti
369 3156 492 3220 calamo
512 3156 669 3220 schedulis
684 3155 927 3238 mandaveram,
952 3177 1060 3220 eorum
1081 3158 1191 3220 tamen
1206 3155 1241 3220 in
1257 3155 1364 3221 codice

226 3263 468 3347 relegendorum
496 3269 545 3347 et,
574 3265 601 3328 si
628 3266 727 3347 forte,
757 3263 1017 3348 corrigendorrun
1046 3265 1170 3347 copiam
1199 3287 1270 3329 curn
1298 3287 1365 3330 non

225 3394 351 3455 possem
378 3375 451 3439 ullis
479 3375 531 3438 vel
563 3375 709 3458 precibus
736 3375 787 3438 vel
815 3375 937 3438 artibus
964 3375 1153 3458 impetrare,
1186 3396 1251 3439 non
1278 3398 1364 3440 nunc

225 3483 342 3546 mirum
363 3484 538 3565 videbitur,
567 3485 595 3548 si
617 3485 773 3568 quaedam
794 3507 861 3548 uon
889 3483 967 3548 satis
995 3489 1081 3548 recte
1109 3488 1165 3548 aut
1192 3485 1365 3569 diligenter

225 3592 301 3654 olim
338 3614 406 3656 esse
443 3593 667 3657 administrata
704 3593 898 3678 apparuerit.
966 3593 1136 3658 Sciendum
1173 3597 1222 3658 est
1258 3597 1364 3658 autern

225 3700 378 3784 primum,
402 3706 470 3766 tam
492 3703 648 3787 repletum
670 3703 754 3768 notis
770 3703 835 3767 sive
852 3703 1046 3786 compendiis
1062 3703 1239 3787 scripturae
1261 3705 1364 3767 totum

225 3811 380 3874 scholium
408 3833 491 3894 esse,
520 3815 556 3874 ut
583 3812 675 3895 plura
703 3813 847 3877 breviata
874 3812 976 3876 insint
1003 3803 1099 3896 quam
1125 3833 1192 3876 nou
1218 3811 1363 3876 breviata

225 3920 395 3984 vocabula:
424 3921 459 3984 in
486 3921 599 4005 quibus
626 3921 875 4006 interpretandis
901 3921 950 3984 bis
978 3926 1066 3986 terve
1093 3943 1144 3985 me
1167 3942 1288 3986 errasse
1316 3923 1363 3986 in-

225 4029 344 4094 tellexi.
389 4030 503 4094 Levius
532 4031 687 4115 estquod
715 4031 835 4115 aliquot
857 4031 984 4095 voculas
1012 4053 1078 4096 non
1106 4031 1203 4096 habet
1231 4032 1265 4096 in
1293 4032 1363 4116 ipsa

227 4139 438 4203 continuitate
466 4141 634 4204 verborum
662 4141 872 4224 perscriptas,
904 4140 958 4206 sed
988 4140 1073 4204 inter
1094 4163 1203 4206 versus
1226 4141 1361 4224 additas,

226 4248 336 4312 eadem
351 4253 460 4312 tamen
475 4271 573 4314 manu
587 4271 713 4315 omues:
736 4250 767 4313 id
790 4249 873 4334 quod
896 4251 931 4314 in
945 4251 1046 4316 tantis
1068 4251 1245 4315 festinandi
1261 4273 1362 4337 angu-

225 4357 294 4421 stiis
310 4358 386 4423 olim
402 4359 554 4422 adnotare
570 4359 743 4444 supersedi.
771 4359 942 4424 Praeterea
957 4359 1055 4425 semel
1068 4361 1197 4445 integra
1212 4362 1362 4446 neglecta
