3218 5094
584 403 632 448 m:
655 401 725 448 ouo
748 400 792 446 ar
815 395 956 445 omouu.
1278 374 1340 438 643

203 559 285 638 ὅπερ
315 557 390 622 είτιε
417 556 587 633 Ἑλληνιττὶ
615 555 766 634 βούλοιτο
795 551 946 634 φράζειν,
977 549 1035 614 οὐκ
1063 549 1109 612 ἂν
1137 546 1245 610 ἄλλωε
1273 545 1342 624 ἔχοι

201 670 287 736 λέξαι
310 670 395 746 πλὴν
418 665 558 745 καρδίαν.
593 664 722 728 Ἀπίων.
748 663 852 727 οὕτω(
880 661 1002 741 Ὠροε.
1046 657 1187 732 Quorum
1208 655 1342 739 longum
1392 731 1397 744 ἱ

200 782 250 841 est
277 797 435 860 exponere
463 775 620 838 rationes:
656 795 735 857 quas
770 793 787 834 e
815 771 989 835 Ptolemaei
1024 767 1201 854 geographi
1230 765 1293 847 IV,
1322 764 1343 828 ὗ

201 890 404 970 assequetur,
434 885 487 967 qui
510 884 623 947 horum
645 904 726 968 quae
749 881 845 966 vulga
866 882 1014 945 feruntur
1037 879 1115 942 satis
1138 874 1344 961 perpenderit

201 996 459 1080 perversitatem:
495 997 534 1059 τὸ
563 995 673 1058 Δέλτα
700 997 756 1071 τῆε
785 990 1180 1071 νηεευομένηε“Αἰγύπτου
1210 987 1273 1050 tert
1295 1006 1342 1049 κε·
1361 1001 1394 1049 οο

201 1107 306 1188 φαλή,
328 1105 407 1169 κατὰ
429 1105 558 1184 καρδία(
581 1108 681 1183 ιχῆμα
710 1107 777 1167 τῶν
806 1102 1045 1182 περιεχομένων
1070 1099 1173 1180 Νείλῳ
1196 1095 1343 1176 μεθυεκό-

184 1235 308 1295 μενον.
358 1213 557 1296 Quamquam
589 1233 711 1296 negare
739 1234 804 1276 non
839 1212 941 1275 ausim
973 1209 1102 1273 defendi
1134 1207 1232 1271 etiam
1264 1207 1344 1268 haec

202 1346 310 1407 posse:
348 1326 427 1388 κατὰ
449 1323 578 1402 καρδίαι
601 1323 702 1402 (χῆμα
727 1323 1032 1402 περιεχομένων
1062 1323 1141 1384 τῶν
1166 1317 1269 1400 Νείλῳ
1292 1337 1345 1395 με-

202 1435 427 1514 Θυτκομένων.
465 1431 526 1496 Sed
550 1432 671 1515 reliqua
694 1435 798 1513 teneo,
823 1431 886 1494 nisi
909 1429 992 1514 quod
1014 1432 1087 1512 post
1109 1429 1269 1504 Αἰγύπτου
1293 1446 1345 1488 ex-

204 1543 308 1606 cidere
335 1543 400 1606 tale
428 1541 578 1625 quiddam
606 1541 746 1624 potuerit
775 1541 868 1623 quale
897 1539 958 1604 hoa
985 1543 1048 1602 est:
1085 1542 1141 1618 τῆε
1169 1539 1220 1603 καί
1248 1537 1346 1613 αὐτῆς

205 1655 314 1719 Δέλτα
335 1654 540 1731 καλουμένηε.
585 1649 670 1714 Nam
693 1652 903 1729 νηεουμένηε,
937 1649 1111 1713 formatum
1138 1651 1175 1711 ut
1196 1649 1346 1726 ἠπειρου-

203 1765 317 1846 μένητ,
347 1763 621 1842 θαλαττουμένηε,
650 1759 781 1842 propius
805 1764 890 1823 certe
912 1759 952 1822 ad
975 1759 1154 1822 litterarum
1177 1756 1272 1820 fidem
1295 1777 1346 1818 ac·
1431 1765 1440 1786 ⁸

207 1873 291 1936 cedit
312 1894 408 1955 quam
436 1873 620 1952 νηειζούεηε
643 1870 693 1934 vel
716 1870 920 1949 νηειαζούεη(
947 1869 1014 1952 vel,
1044 1868 1126 1952 quod
1154 1889 1219 1934 non
1242 1865 1346 1949 magis

205 1981 304 2045 nciam
336 1977 539 2065 usurpatum,
573 1979 633 2043 etei
661 1981 748 2042 reete
772 1981 867 2062 atque
890 1979 1000 2042 ordina
1026 1979 1148 2042 factum
1176 1977 1217 2040 ab
1238 1979 1346 2054 νῆεοε,

205 2091 404 2171 νηεευούεηε.
436 2129 479 2138 -
512 2090 645 2154 Praeter
673 2111 725 2172 ea,
760 2110 841 2172 quae
874 2088 1034 2152 ducuntur
1062 2089 1102 2150 ab
1131 2085 1345 2170 appellativiS,

206 2223 277 2264 cum
305 2201 423 2264 eisdem
452 2201 515 2264 alia
543 2198 699 2282 quaedam
727 2202 969 2281 componuntur.
1017 2199 1175 2276 Κρότων
1197 2233 1246 2260 -.
1270 2197 1289 2260 ὁ
1311 2197 1348 2259 δὲ

200 2311 302 2391 Ὠροε
324 2311 460 2391 βοτάνη(
483 2311 587 2388 ὄνομα
610 2310 710 2391 λέγει,
734 2310 785 2374 διὰ
799 2309 837 2373 τὸ
854 2309 939 2376 ὄζειν
962 2309 1059 2386 αὐτῆ(
1080 2309 1118 2372 τὸ
1141 2308 1262 2386 επέρμα
1284 2310 1348 2369 δια-

205 2420 396 2500 τριβόμενον
418 2420 455 2484 ἐν
476 2423 544 2484 τοῑ(
566 2420 732 2484 δακττίλοιε
756 2411 876 2497 ὁμοίώε
897 2423 944 2501 τῷ
971 2419 1060 2501 ζώιμ·
1083 2418 1135 2481 διὰ
1155 2420 1254 2481 τοῦτο
1278 2415 1348 2494 κρό-

206 2551 272 2594 των
302 2530 431 2608 ἑκλήθη.
468 2529 531 2593 ἔετι
562 2532 598 2593 δὲ
626 2529 675 2593 καί
708 2528 813 2606 ὄνομα
843 2529 972 2592 πόλεωε
1004 2529 1096 2606 παρ’
1124 2526 1247 2610 αὐτῷ,
1281 2524 1346 2588 ἀπὸ

209 2638 378 2717 Κρότωνόε
409 2659 513 2717 τινοε,
546 2638 630 2702 deut
658 2637 723 2701 ὑπὸ
753 2639 945 2717 Ἡρακλέους
973 2637 1125 2722 ἀνηρέθηε
1163 2634 1271 2718 Etym.
1301 2633 1346 2696 M.

208 2771 239 2831 p.
263 2748 386 2830 541,9
415 2769 486 2811 eum
514 2750 662 2830 corrupto
691 2746 772 2810 Gud.
801 2769 834 2831 p.
858 2747 939 2824 349,
969 2747 1017 2810 19.
1050 2785 1093 2794 -
1125 2747 1261 2826 Ῥώμη,
1297 2744 1349 2807 ἐπὶ

207 2861 264 2937 μὲν
292 2863 348 2936 τῆε
375 2857 481 2934 ὑγείαε
508 2859 598 2937 παρὰ
624 2859 662 2922 τὸ
686 2857 750 2939 ῥῶ,
781 2856 821 2921 οὗ
843 2857 862 2922 ὁ
885 2856 1115 2936 παρακείμενοε
1144 2855 1299 2935 ἔρρωμαι,
1328 2853 1348 2916 ὁ

157 2971 174 2996 “
207 2971 334 3047 μέλλων
358 2969 464 3048 ρώεω,
487 2967 658 3047 ῥηματικὸν
681 2965 785 3044 ὄνομα
816 2968 904 3047 ῥώμη
928 2967 973 3032 ώε
994 2968 1110 3043 γνώτω
1139 2966 1264 3044 γνώμη·
1298 2963 1350 3027 ἐπὶ

208 3079 244 3141 δὲ
266 3084 321 3156 τῆ(
343 3078 472 3142 πόλεως
494 3077 560 3142 ἀπὸ
579 3078 706 3155 Ῥώμου
729 3079 779 3141 καὶ
793 3078 960 3155 Ῥωμύλου
981 3081 1048 3143 τών
1067 3075 1192 3141 Αἰνείου
1214 3074 1349 3139 παίδων.

210 3187 324 3267 Ὠροει
349 3186 456 3270 Etym.
481 3187 525 3250 Μ.
549 3209 581 3269 p.
607 3188 679 3269 705,
695 3187 747 3250 49.
770 3225 811 3235 --
836 3187 1086 3267 Κομμαγήνη,
1103 3187 1204 3250 πόλιε.
1227 3185 1350 3263 κόμανα

165 3377 172 3402 ⁵
210 3297 353 3360 Δίυλλοε
383 3295 443 3378 (sic
466 3296 673 3380 Sylburgius,
697 3297 806 3362 θοῑλὸε
829 3295 929 3378 Gud,
959 3297 1088 3360 θύῑλλοε
1110 3295 1171 3380 Μ.)
1199 3300 1351 3373 μεθερμη-

211 3407 336 3471 νεύεται
359 3405 464 3470 εὐεκια
486 3409 565 3471 κατὰ
585 3409 645 3485 τὴν
662 3407 837 3472 Καπαόνων
859 3407 986 3488 φωνήν.
1009 3406 1102 3470 ἔνθεν
1124 3405 1144 3482 ἡ
1166 3404 1350 3483 κομμαγήνη

211 3517 260 3580 καί
287 3516 306 3594 ἡ
335 3515 429 3594 κόμη,
458 3515 507 3580 ὅτι
535 3517 688 3582 (υεκιάζει
714 3518 774 3596 τὴν
801 3517 954 3598 κεφαλήν.
989 3515 1103 3594 Ὠροεε
1121 3513 1241 3597 'Etym
1266 3511 1348 3576 Gud.

211 3647 243 3709 p.
259 3626 332 3707 336,
349 3625 390 3689 26
413 3628 445 3688 et
459 3624 503 3688 M.
527 3647 559 3708 p.
576 3625 650 3708 526,
666 3625 708 3690 33
730 3625 868 3688 invicem
890 3625 951 3692 sibi
974 3624 1137 3688 salutaria.
1170 3623 1351 3688 Καπαόνων

213 3735 307 3817 Gud,
336 3739 403 3801 τών
425 3736 547 3800 Ἰώνων
570 3735 632 3799 M.:
665 3735 749 3798 unde
771 3734 891 3798 maiore
918 3735 986 3798 iure
1008 3733 1134 3798 videtur
1156 3732 1238 3816 quod
1259 3731 1351 3828 posui

212 3867 306 3929 quam
330 3845 555 3911 Καππαδόκων
577 3846 660 3928 erui,
694 3844 728 3906 in
755 3845 818 3908 ieta
845 3844 1034 3928 praesertim
1061 3847 1219 3908 terrarum
1240 3841 1352 3906 vieini-

212 3959 289 4020 tate.
313 3993 356 4006 -
377 3956 446 4021 Illis
468 3957 575 4019 autem
598 3954 767 4037 exemplis,
796 3953 910 4037 quibus
939 3956 980 4018 ef.
1004 3955 1130 4036 Φάρος,
1154 3975 1220 4017 non
1242 3952 1352 4036 inepte

213 4068 314 4150 utare,
337 4069 373 4129 ut
388 4066 511 4149 aliquas
533 4085 626 4129 voces
649 4064 871 4146 appellativae,
894 4064 934 4126 de
950 4085 1083 4146 quarum
1097 4063 1171 4127 sede
1194 4062 1350 4146 ambigam,

212 4175 248 4238 in
271 4175 419 4240 Ethnicis
441 4178 597 4239 tractatas
619 4173 783 4237 arbitrere.
816 4173 869 4238 Sic
891 4176 1092 4254 κέρκωπεε
1113 4173 1220 4257 inquit
1241 4175 1353 4249 λέγον-

213 4305 264 4350 ται
294 4285 324 4349 οἱ
354 4285 540 4351 ἀπατεῶνεε
571 4285 637 4349 ἀπὸ
669 4287 724 4363 τῆ(
754 4288 820 4349 τών
852 4287 960 4350 κυνῶν
993 4287 1194 4365 μεταφορᾶε,
1227 4283 1260 4348 οἳ
1285 4286 1353 4348 παῖε

214 4394 308 4480 ὄψεει
339 4395 389 4459 καὶ
418 4398 487 4458 ταῑι
515 4396 638 4476 κέρκοιε
665 4395 830 4460 ιαίνοντεε
858 4395 1037 4470 δγίκνονειν.
1072 4395 1177 4459 οὕτω(
1205 4393 1305 4474 Ὦροε
1334 4395 1353 4459 ὁ

1086 4495 1151 4559 41*
