3222 5104
275 353 337 420 766
555 369 588 419 a.
612 369 796 420 aseneum
819 369 865 417 us
888 371 920 418 Α.
945 367 975 418 s.
999 369 1122 419 sennn

358 522 395 586 Ρ.
422 525 470 588 13.
511 522 550 588 In
572 524 819 610 epigrammate,
842 522 925 606 quod
948 545 966 588 e
988 521 1188 614 Bibliotheca
1204 522 1417 609 Gottingensi

275 633 409 717 profers,
432 633 581 717 displicet
607 656 685 699 sane
713 633 878 698 articulus:
912 633 1038 698 videtur
1068 636 1176 698 tamen
1204 633 1282 698 ferri
1310 655 1416 718 posse.

274 743 359 807 Nam
381 743 540 824 ’Apitami'
561 747 598 808 ut
619 747 705 809 recte
727 743 930 808 emendatum
952 764 1020 810 esse
1042 744 1084 808 ab
1099 742 1227 828 Heynio
1241 744 1321 808 mihi
1342 763 1416 827 per-

274 853 441 937 suadeam,
465 853 658 936 praecedens
681 853 841 920 distichon
863 853 954 918 facit.
998 852 1083 918 Nam
1104 841 1140 918 rit
1169 853 1274 918 omitti
1297 873 1418 918 nomen

274 964 375 1046 possit
397 964 432 1028 in
452 964 511 1028 tali
534 964 776 1048 epigrammate,
805 984 871 1027 non
893 963 1012 1046 poterit
1034 953 1120 1028 certe
1141 963 1201 1028 tali
1223 983 1416 1048 praegressa

274 1073 538 1158 interrogatione.

357 1183 394 1248 P.
417 1183 470 1248 20.
499 1181 600 1258 Quem
621 1204 740 1268 magno
763 1185 881 1248 conatu
908 1187 1026 1266 tentas,
1050 1182 1210 1267 Solonem,
1235 1184 1324 1248 nulla
1348 1205 1416 1247 mu-

273 1296 343 1358 tata
364 1293 472 1358 littera
494 1293 541 1358 sic
562 1297 690 1378 poteras
713 1293 892 1376 emendare,
921 1298 958 1357 ut
978 1293 1107 1377 gravior
1129 1294 1237 1378 etiam,
1261 1315 1358 1379 quam
1380 1294 1415 1358 in

274 1403 406 1488 vulgata
427 1404 581 1487 lectione,
605 1403 766 1468 sententia
789 1408 887 1468 esset:

424 1565 560 1632 Ἀττικὸς
583 1563 680 1630 οὗτοι
702 1565 783 1647 ἀνὴρ
805 1567 872 1631 τῶν
896 1564 1176 1646 (αλαμιναφετῶν.

357 1734 393 1797 Ρ.
417 1733 469 1797 24.
493 1733 533 1797 In
555 1733 707 1817 Aeschyli
727 1733 912 1818 fragmento
933 1733 1031 1796 verba
1058 1735 1186 1813 ψαλμόε
1207 1736 1241 1799 δ’
1262 1733 1418 1800 ἀλαλάζει

274 1865 312 1906 ex
339 1843 539 1926 paroemiacc
566 1865 635 1908 esse
657 1842 821 1927 videntur,
844 1863 947 1926 neque
979 1842 1151 1906 cohaerent
1179 1863 1249 1908 cum
1287 1863 1417 1927 praece

273 1953 432 2017 cientibus.
456 1953 561 2018 Aliter
583 1951 699 2018 Strabo
721 1973 787 2017 non
808 1954 858 2018 καὶ
880 1954 977 2020 πάλιν
1000 1951 1142 2017 dixisset.

357 2062 394 2126 P.
417 2045 485 2128 25s=
508 2062 622 2126 Melius
650 2062 735 2146 apud
761 2061 910 2126 Photium
937 2067 1163 2129 νεανικοῦντοε
1191 2061 1327 2148 legitur,
1356 2083 1418 2146 pro

273 2193 355 2266 quo,
370 2172 423 2255 qui
446 2193 548 2255 nuper
562 2193 582 2236 a
596 2194 631 2237 se
653 2171 791 2236 edendas
813 2193 882 2237 esse
903 2173 939 2236 in
956 2172 1107 2238 Photium
1121 2171 1418 2236 animadversiones

273 2283 415 2364 putavit,
439 2280 555 2346 Suidae
576 2281 747 2346 lectionem
769 2282 880 2366 reponi
895 2282 993 2347 iubet.

358 2390 395 2456 P.
418 2391 471 2456 26.
515 2390 639 2456 Plinius
661 2393 689 2456 si
711 2414 775 2456 una
796 2392 830 2456 in
852 2391 962 2459 tabula
985 2393 1088 2476 pictos
1111 2391 1286 2456 Philiscum
1307 2394 1341 2454 et
1363 2392 1416 2455 Li-

275 2501 384 2564 berum
406 2503 531 2584 patrem
553 2501 658 2567 dicere
679 2502 846 2583 voluisset,
876 2505 932 2565 aut
957 2501 1075 2565 diserte
1098 2501 1158 2566 hoc
1180 2501 1328 2583 dixisset,
1357 2505 1418 2564 aut
1609 2539 1610 2610 p

274 2615 473 2692 liberumque
493 2611 682 2694 scripsisset.
728 2611 762 2676 Si
784 2611 865 2675 duae
887 2609 1008 2675 fuerint
1029 2611 1174 2694 tabulae,
1203 2610 1317 2674 maiori
1346 2610 1417 2674 iure

274 2721 383 2804 quaeri
405 2741 497 2804 posse
520 2721 583 2804 ais,
607 2742 663 2784 cur
684 2720 795 2784 Virtus
817 2720 927 2784 addita
949 2719 1063 2784 Libero
1092 2719 1177 2804 patri
1199 2720 1307 2784 fuerit.
1345 2721 1416 2783 Aut

273 2833 404 2912 propter
429 2831 578 2894 virtutem
605 2830 754 2894 bellicam
775 2829 914 2913 Bacchi,
942 2833 999 2894 aut
1027 2833 1064 2893 ut
1091 2828 1303 2895 verecundum
1333 2827 1415 2894 Bac-

275 2940 369 3003 chum
391 2938 576 3024 sanguineis
599 2940 766 3023 prohibere
788 2940 866 3004 rixis
888 2942 1085 3023 spectatores
1106 2943 1322 3005 monerentur.

358 3049 395 3112 P.
418 3049 470 3114 27.
507 3049 663 3133 Philicus,
687 3050 714 3114 si
736 3050 766 3114 ei
787 3049 928 3114 Philisco
949 3070 1067 3114 nomen
1088 3047 1161 3132 fuit,
1190 3071 1231 3112 ne
1253 3047 1321 3133 ipse
1342 3048 1415 3131 qui-

274 3158 346 3222 dem
367 3180 401 3223 se
422 3159 581 3224 Philicum
603 3159 728 3224 videtur
749 3181 863 3224 vocare
884 3159 1036 3244 potuisse.

224 3276 251 3324 Vl
357 3269 394 3333 P.
417 3269 469 3334 28.
514 3269 554 3334 In
581 3270 684 3354 primo
712 3269 899 3354 Sosiphanis
927 3269 1111 3364 fragmento
1137 3269 1237 3352 probo
1265 3267 1414 3332 emenda-

273 3378 405 3462 tionem,
428 3400 524 3462 quam
540 3379 636 3462 facis,
658 3381 802 3464 improbo
821 3379 1131 3464 interpunctionem,
1155 3399 1236 3462 quac
1259 3377 1337 3442 ferri
1358 3399 1415 3442 ne-

273 3489 353 3572 quit.
397 3489 495 3574 Iungi
516 3489 692 3574 debebant,
714 3493 775 3557 νῦν
797 3494 845 3556 δεῖ
864 3491 938 3570 γάρ.

358 3599 395 3663 P.
418 3601 469 3665 30.
512 3599 551 3664 ln
573 3620 682 3683 versu,
705 3621 799 3684 quem
821 3598 954 3664 Natalis
971 3597 1083 3664 (lomes
1105 3598 1214 3681 habet,
1241 3597 1415 3682 legendum

275 3711 385 3792 putem
406 3712 455 3776 καὶ
475 3711 538 3790 γὰρ
561 3710 610 3775 οὐ.

358 3803 395 3883 Ρ.
411 3821 463 3885 31.
486 3817 535 3883 De
557 3820 723 3904 Marpessa
736 3841 802 3884 non
818 3819 910 3884 video
924 3839 986 3902 quo
1001 3817 1069 3882 iure
1084 3817 1137 3882 hic
1153 3816 1315 3901 cogitaris.
1338 3815 1414 3880 Non

275 3931 324 3992 est
346 3929 566 4013 dubitandum,
589 3910 667 4015 quin
681 3929 878 3996 Alcestidem
893 3927 1107 3994 nominaverit
1125 3927 1294 4010 Maximus,
1317 3947 1415 4010 quam

274 4038 310 4102 in
331 4038 392 4104 hoc
414 4060 547 4104 recensu
574 4040 630 4104 alii
651 4061 775 4124 quoque
796 4041 933 4124 ponunt.
977 4036 1037 4113 Qui
1066 4036 1209 4119 easdem,
1237 4057 1315 4120 ques
1344 4035 1414 4100 Ma-

275 4147 389 4231 ximus,
412 4149 560 4214 mulieres
583 4153 758 4232 enumerat,
781 4148 931 4233 Hyginus
953 4148 1018 4211 fab.
1042 4147 1104 4212 256
1119 4146 1291 4210 Theonoen
1307 4149 1413 4229 vocat,

275 4257 418 4322 eamdem
439 4258 626 4344 intelligens
649 4259 855 4325 Alcestidem.
879 4257 928 4321 Tu
949 4257 1049 4341 igitur
1071 4256 1190 4338 scribe,
1214 4257 1250 4334 ἠὲ
1272 4256 1321 4319 καὶ
1345 4256 1413 4320 Ἀλ-

275 4369 386 4449 κήετη(
408 4371 583 4451 ἐρικυδέος,
606 4371 709 4434 forma
731 4368 962 4433 recentioribus
984 4365 1108 4430 Latinis
1130 4364 1264 4446 usitata,
1288 4362 1327 4426 de
1350 4386 1413 4448 qua
