3254 5092
643 380 678 424 ικ
701 381 983 428 κκικτοοιιλιιυμ.
1320 366 1380 427 201

246 534 354 611 μένοις
380 535 400 611 ἢ
429 535 505 611 μηδὲ
532 533 618 596 ὅλως
646 539 746 598 ταῦτα
774 535 939 599 θεάςαςθαι
969 535 987 612 ἢ
1013 537 1074 613 Ικαί
1102 535 1307 613 θεαςαμένοις
1334 535 1383 598 καὶ

247 643 472 718 ἁναγνοιοῦςιν
494 643 690 722 ἀναιτθήτως
713 645 798 723 ἔχειν
825 646 865 709 τὰ
891 645 1035 723 μάλιςτα·
1063 650 1162 709 ταῦτα
1184 648 1251 709 τοῖς
1279 645 1384 709 τοιού-

247 774 312 818 τοις
340 755 479 831 κομψοῖς
506 755 556 816 καί
582 754 819 834 οὐρανοβάμοςι
848 755 934 835 ςοφά
961 757 1065 819 τεκαὶ
1095 755 1199 822 ὄντως
1228 755 1308 820 όντα
1330 761 1383 819 δο-

209 880 234 918 20
247 863 360 928 κείτων
381 864 432 926 καὶ
454 863 663 941 ἀληθέςτατα,
685 865 757 944 ἡμῖν
780 868 815 929 δέ
838 868 905 930 τοῖς
928 865 1120 944 περιπεζίοις
1135 886 1168 930 τε
1192 867 1241 929 καὶ
1263 865 1384 929 ὑλαίοις

246 975 296 1037 καὶ
329 976 474 1052 μηδαμοῦ
502 978 652 1052 μηδαμῶς
685 977 762 1053 μηδὲ
791 975 826 1039 ἓν
854 975 1049 1055 βιβλιδόριον
1078 975 1252 1051 ἀναγνοῡςι
1279 975 1385 1039 πάντα

247 1084 370 1164 ἐκφυλά
402 1105 437 1148 τε
470 1089 598 1148 δοκοῡςι
632 1085 681 1148 καὶ
713 1085 893 1164 άποδάςμια
925 1088 975 1150 καὶ
1009 1086 1156 1164 ἀληθείας
1183 1085 1384 1164 πορρωτάτω

247 1193 438 1272 ἐκτρέχοντα
464 1195 513 1256 καί
541 1195 708 1276 κωμῳδία(
736 1195 848 1262 ἐπάξια
878 1197 921 1259 ὡς
950 1197 1109 1273 τριςάθλια
1136 1197 1186 1259 καὶ
1212 1195 1385 1273 τριςταλαί-

247 1323 342 1381 πωρα
369 1303 487 1379 ἔκγονα
514 1306 635 1385 φρενὸς
663 1306 857 1384 ἐξεςτηκυίας
884 1308 1128 1385 πεπαταγμένης
1155 1307 1204 1370 καὶ
1231 1306 1385 1381 ἀπαγοῡς.

208 1429 233 1466 ²⁵
248 1414 370 1478 Δεινὸν
392 1414 454 1491 γὰρ
477 1413 516 1478 ἂν
539 1413 587 1493 εἴη
610 1417 660 1478 καὶ
675 1414 812 1490 ἄτοπον,
835 1416 861 1480 εί
876 1416 1042 1495 Εὐριπίδη(
1065 1417 1122 1481 οὐκ
1138 1418 1186 1480 ὢν
1203 1416 1386 1496 φιλόςοφος

247 1525 456 1608 ἐκωμῳδήθη,
481 1525 622 1606 ςώφρων
644 1527 768 1603 μᾶλλον
791 1525 890 1590 εἰπὼν
906 1527 925 1590 ὁ
940 1529 1087 1605 πανδαὴς
1106 1528 1155 1589 καὶ
1178 1527 1314 1604 αἰθέριος
1337 1527 1387 1588 καὶ

247 1633 370 1698 πάντας
398 1633 510 1698 ἁπλῶς
539 1637 662 1714 ςοφοὺς
690 1636 849 1713 διαςύρων
879 1639 986 1715 ψυχὴν
1015 1637 1264 1714 ἀθανατωτέραν
1286 1636 1385 1700 εἰπὼν

248 1745 297 1808 καὶ
324 1743 417 1822 μυρία
447 1745 586 1822 μυριάκις
620 1746 712 1823 ἐτερα
745 1744 866 1823 ἄτοπα,
900 1745 925 1809 εί
952 1747 993 1823 μὴ
1020 1747 1080 1811 κάν
1108 1747 1152 1809 ὼς
1183 1745 1387 1825 ἀφιλόςοφος

248 1853 470 1934 Εὐριπίδης-
491 1853 572 1918 ἀλλά
595 1875 647 1934 μοι
668 1856 944 1934 παρατροχάςαντι
959 1855 1055 1920 τόςον
1071 1856 1167 1920 πάλιν
1183 1855 1386 1933 ἀναληπτέον

208 1991 234 2029 πυ
247 1966 305 2026 τοῦ
327 1963 428 2039 λόγου
449 1964 490 2027 τὰ
511 1965 622 2043 καίρια.

332 2073 362 2135 2.
394 2072 436 2139 Αἱ
459 2077 594 2153 ςιαγνικαὶ
617 2077 732 2155 βίβλοι,
762 2076 810 2140 ὧν
835 2077 885 2140 καὶ
907 2077 938 2139 αἱ
960 2081 1014 2154 τῆς
1039 2077 1206 2159 κωμῳδίας
1228 2077 1312 2151 είςὶν,
1341 2078 1386 2139 ὡς
1406 2087 1454 2136 112

248 2185 298 2247 καί
325 2186 500 2263 προλαβὼν
528 2185 689 2264 πρότερον
720 2186 843 2264 εἴρηκα,
872 2187 922 2249 καί
951 2188 1146 2264 ὠρθώθηςαν
1175 2189 1224 2250 καὶ
1251 2189 1386 2250 πολλοῖς

249 2293 399 2372 άνδράςιν
422 2294 665 2374 ἐπεξηγήθηςαν,
688 2298 737 2361 καί
759 2297 883 2375 ἥκιςτον
907 2298 925 2374 ἢ
950 2297 1113 2375 ἐλάχιςτον
1132 2296 1169 2360 τὸ
1193 2297 1386 2375 ἐπιλήψιμον

248 2403 409 2481 ἐχουςιν.·

221 2543 235 2582 5
333 2513 363 2576 3.
394 2515 478 2579 Ἐπεὶ
505 2517 540 2579 δὲ
569 2516 692 2597 (απφὼ
722 2517 757 2581 ςὺ
779 2518 837 2595 τὴν
861 2517 938 2594 έμὴν
961 2517 1078 2580 ἐθέλεις
1103 2523 1149 2600 τῷ
1172 2520 1232 2580 νῦν
1255 2516 1385 2595 ἐμφιλο-

248 2627 396 2702 χορεῦςαι
425 2626 637 2705 ςυγγράμματι
665 2627 714 2690 καί
735 2628 793 2704 τὴν
817 2629 926 2706 Γοργὼ
951 2627 1046 2690 δὲτὸ
1072 2626 1269 2704 Κλεομένους
1291 2625 1386 2701 θυγά-

247 2753 337 2811 τριον
369 2734 477 2798 Πειθώ
510 2757 544 2800 τε
577 2736 627 2800 καί
659 2739 716 2814 τὴν
751 2735 1089 2816 μεγαλοπρεπεςτάτην
1121 2735 1306 2814 Πολυμνίαν
1337 2737 1387 2798 καί

248 2843 439 2923 Ἀφροδίτην
471 2845 571 2922 λόγου
604 2847 653 2909 καὶ
688 2846 822 2925 Χάριτας
857 2849 1078 2925 περιχορεῦςαι
1110 2846 1147 2909 τά
1183 2845 1386 2923 ἐναρμόνιον,

247 2955 296 3016 τοί
317 2955 374 3031 μέν
397 2955 482 3030 ἐγὼν
504 2955 602 3033 ἐρέω,
631 2957 666 3019 ςὺ
690 2959 724 3019 δὲ
754 2957 866 3021 ςύνθεο
895 2957 944 3019 καί
972 2977 1030 3033 μευ
1058 2955 1205 3020 ἄκουςον.
1248 2955 1387 3034 Ἱςτορία.

212 3087 235 3124 ιο
248 3065 283 3128 Ἠ
301 3064 425 3143 (απφὼ
455 3068 562 3142 μελῶν
590 3066 728 3144 λυρικῶν
757 3066 879 3145 ὑπῆρχε
908 3067 1054 3144 ποιήτρια
1083 3065 1280 3143 Μιτυληναία
1309 3065 1388 3129 οὖςα

247 3179 293 3256 τῷ
322 3175 423 3251 γένει,
453 3173 750 3253 (καμανδρωνύμου
783 3176 935 3254 θυγάτηρ·
970 3175 1113 3252 Χάραξος
1146 3177 1181 3238 δὲ
1215 3173 1254 3253 ἡν
1291 3175 1387 3252 αὐτῆς

249 3284 406 3363 ἀδελφὸς,
436 3285 473 3347 ὃς
502 3286 559 3362 τὴν
581 3285 740 3349 Ῥόδωπιν
768 3287 826 3363 τὴν
855 3285 993 3364 ἐταιρίδα
1020 3284 1054 3348 ἐκ
1077 3284 1206 3348 Ξάνθου
1230 3285 1386 3363 ὠνήςατο,

248 3392 408 3469 Ἰάδμονος
440 3394 560 3472 δούλην
592 3395 808 3473 ὺπάρχουςαν,
840 3396 1017 3460 ςόνδουλον
1053 3396 1088 3458 δὲ
1115 3398 1174 3458 τοῦ
1208 3397 1386 3470 λογοποιοῦ

248 3504 298 3565 καὶ
320 3503 530 3584 μυθογράφου
555 3502 711 3580 Αίςώπου,
734 3506 903 3590 καὶταύτῃ
927 3509 1037 3583 ςυνῆν·
1066 3505 1115 3567 καί
1137 3505 1254 3569 τούτου
1278 3505 1386 3568 ἐνεκεν

211 3613 268 3689 ιτὴ
296 3612 420 3692 ἀδελφὴ
448 3613 565 3677 τούτου
588 3613 710 3695 (απφὼ
738 3616 823 3693 μέλει
853 3617 900 3679 ἑνὶ
922 3619 988 3679 τῶν
1015 3615 1112 3693 αὐτῆς
1134 3614 1324 3678 καθάπτεται
1347 3614 1387 3676 οὐ

249 3721 380 3802 μετρίως
403 3772 620 3787 ........
642 3725 778 3803 Ἱςτορία.
824 3727 932 3803 Γοργὼ
961 3727 996 3788 δέ
1024 3723 1161 3802 θυγάτηρ
1190 3723 1229 3800 ἡν
1254 3723 1385 3800 Κλεομέ-

249 3851 326 3895 νους
348 3835 407 3896 τοῦ
430 3831 634 3911 (παρτιατῶν
658 3835 826 3912 βαςιλέως,
849 3837 929 3913 γυνὴ
953 3837 988 3898 δὲ
1003 3833 1167 3899 Λεωνίδου
1183 3832 1306 3896 ἐκείνου
1328 3835 1387 3895 τοῦ

251 4005 449 4012 -αβ-

318 4139 357 4188 18.
378 4136 438 4202 [ουτ.
459 4135 633 4200 άναγνοθςιν.
652 4135 682 4188 F.
701 4137 745 4204 R.]
820 4143 861 4190 21.
882 4138 974 4202 πάντη
994 4135 1053 4189 cod.
1123 4141 1147 4188 ά.
1166 4136 1387 4201 ἐμφιλοχοράιςαι

250 4225 309 4278 οοά.
335 4227 396 4294 [scr.
421 4229 653 4295 ἐμφιλοχωρῆςαι.
677 4227 706 4282 F.
730 4229 774 4296 λλ]
856 4236 895 4282 Ῑθ.
921 4231 1048 4296 ροδόπην
1066 4229 1096 4281 δέ
1113 4229 1147 4280 τὸ
1167 4229 1231 4293 όρυς
1251 4244 1386 4295 suprascr.

248 4401 321 4439 man.
341 4405 395 4441 κου.
467 4395 505 4442 16.
525 4388 546 4440 Ε
566 4387 659 4443 codice
678 4388 812 4457 descripsi
834 4389 887 4444 ita:
906 4323 1075 4454 όχετῑῗχιιαθο
1094 4387 1224 4442 coniicias
1243 4389 1387 4455 δεύτερον.
