3218 5094
235 335 299 401 574
520 353 780 403 cuononoorvu
803 352 1088 402 vruooaounusn.

235 505 447 570 floridioribus
469 505 547 571 locis
570 529 608 571 ea
629 506 735 591 potius
758 506 953 591 decerperet,
977 527 1111 590 quorum
1132 501 1217 570 ratio
1239 503 1281 568 ad
1302 525 1375 570 sen-

235 637 306 680 sum
334 637 532 682 communem
559 617 807 702 popularemque
834 617 1092 702 intellegentiam
1124 615 1255 701 propius
1287 636 1376 680 acce·

236 727 335 792 derat.
380 727 469 803 Ouod
497 727 524 791 si
552 727 599 792 ita
627 727 670 792 ait
691 727 739 792 uti
761 727 824 809 ais,
849 726 923 811 quid
946 726 1045 792 fuisse
1068 747 1198 791 caussae
1220 725 1374 809 dicamus,

235 857 292 901 cur
314 837 378 902 alia
399 837 548 922 plurima,
572 859 705 923 quorum
727 836 813 901 idem
834 858 963 921 prorsus
987 836 1082 919 color,
1107 857 1145 900 ex
1168 835 1287 902 Orione
1309 857 1376 900 non
1445 925 1453 936 .

234 948 476 1032 reciperentur?
511 947 580 1025 Ouo
602 947 730 1031 quidem
752 949 880 1031 praeter
902 947 966 1011 alia
987 946 1129 1030 pertinet
1150 945 1377 1012 Isocratiorum

234 1057 391 1123 dictorum
413 1057 583 1123 multitudo
608 1058 648 1142 (I,
671 1058 723 1122 27.
747 1057 790 1142 Π,
814 1058 844 1123 4.
868 1057 928 1141 ΠΙ,
952 1057 983 1122 6.
1007 1056 1065 1140 IV,
1087 1057 1119 1120 4.
1143 1056 1201 1141 Vl,
1226 1057 1277 1121 16.
1299 1055 1374 1139 Vll,

236 1168 285 1233 13.
304 1169 368 1252 14),
391 1168 505 1252 quibus
519 1168 600 1232 nihil
617 1167 797 1252 exoptatius
818 1167 986 1254 obtingere
1001 1167 1094 1232 istius
1109 1166 1194 1232 modi
1217 1167 1376 1252 epitomae

234 1277 357 1342 auctori
389 1281 527 1363 poterat.
572 1277 694 1343 Rursus
727 1281 834 1342 eutem
867 1277 921 1362 qui
949 1277 1080 1342 tandem
1107 1278 1164 1360 fit,
1198 1281 1234 1342 ut
1267 1298 1376 1342 eorum

233 1388 433 1471 potissimum
453 1388 604 1470 virorum,
632 1409 765 1473 quorum
786 1388 881 1453 dictis
904 1387 1010 1452 affluit
1031 1391 1064 1452 et
1085 1391 1250 1472 tamquam
1272 1389 1376 1452 scatet

234 1498 356 1584 sylloge
377 1497 652 1583 vindobonensis,
681 1499 713 1563 h.
738 1521 765 1563 e.
794 1498 1069 1583 philosophorum,
1093 1499 1129 1563 in
1151 1497 1281 1564 Orionis
1302 1501 1375 1563 octo

232 1608 369 1694 integris
392 1609 549 1693 capitibus
572 1610 625 1674 vix
646 1610 757 1675 teutria
779 1609 935 1694 quaedam
956 1609 1093 1694 vestigia
1115 1607 1318 1694 appareant?
1339 1608 1374 1672 in

233 1719 346 1803 quibus
362 1719 423 1784 etsi
438 1719 629 1804 aliquotiens
651 1719 772 1784 mentio
795 1720 832 1784 fit
847 1718 1003 1803 Platonis,
1026 1723 1137 1783 tamen
1158 1717 1374 1785 sententiosae

233 1829 317 1894 illius
344 1830 522 1914 sapientiae
549 1830 632 1894 nihil
664 1833 778 1894 exstat.
823 1828 948 1894 Deinde
979 1830 1041 1894 huo
1077 1849 1194 1914 quaeso
1231 1829 1375 1894 animum

234 1940 374 2004 adverte.
423 1939 574 2006 Isocratis
601 1939 696 2022 illud,
730 1940 813 2024 quod
841 1961 1007 2005 commune
1036 1960 1104 2004 esse
1135 1939 1278 2026 ayllogae
1302 1961 1375 2004 curn

234 2049 353 2114 Orione
385 2049 535 2133 vidimus,
570 2048 647 2115 Orio
679 2050 804 2114 rettulit
830 2049 871 2115 ad
900 2048 1091 2136 Anthologii
1121 2053 1217 2134 eaput
1237 2049 1264 2134 I,
1289 2048 1373 2135 quod

233 2163 282 2224 eat
303 2160 376 2240 περὶ
396 2160 497 2238 λόγου
519 2162 570 2226 καί
591 2162 788 2242 φρονήτεοιε.
818 2160 871 2224 Ad
886 2160 1021 2225 eundem
1044 2162 1151 2226 autem
1173 2160 1278 2225 locum
1301 2181 1374 2225 curn

233 2291 300 2334 non
326 2291 429 2353 pauca
456 2270 642 2354 pertineant
669 2270 704 2334 in
730 2270 889 2356 syllogam
916 2275 1045 2354 recepta
1074 2269 1177 2356 (velut
1206 2273 1267 2335 hoc
1294 2272 1371 2336 robe

233 2381 290 2460 μὲν
311 2380 461 2463 ἄφρονα(
482 2382 502 2447 ὁ
524 2381 653 2462 χρόνοι,
675 2382 752 2447 τοὺς
774 2383 810 2448 δὲ
832 2382 1011 2464 φρονίμους
1031 2381 1050 2447 ὁ
1071 2382 1169 2459 λόγοι
1190 2385 1248 2460 τῆ(
1269 2381 1371 2460 λύπη(

233 2490 455 2578 ἀπαλλάττει),
490 2511 598 2555 nonne
630 2490 710 2556 haec
739 2494 991 2556 consentaneum
1024 2495 1072 2556 est
1104 2490 1139 2556 in
1171 2490 1282 2556 eodem
1315 2489 1371 2556 illo

234 2599 362 2666 Orionis
385 2601 501 2684 capite,
524 2622 591 2667 non
605 2601 640 2666 in
661 2601 733 2667 aliis
754 2601 863 2666 nescio
884 2601 997 2687 quibus
1012 2600 1203 2687 Anthologii
1224 2601 1370 2686 partibus

233 2711 356 2776 scilicet
384 2710 557 2794 deperditis
585 2732 605 2774 a
632 2711 725 2776 nobis
758 2711 892 2796 quaeri?
940 2714 987 2776 At
1020 2710 1087 2776 illie
1120 2731 1182 2776 nec
1211 2711 1285 2776 vola
1312 2732 1373 2778 nec

233 2821 414 2905 vestigium.
459 2819 546 2896 Quae
568 2822 695 2906 quidam
720 2821 958 2908 argumentatio
980 2821 1078 2886 etiam
1099 2821 1134 2886 in
1157 2821 1220 2886 alia
1243 2819 1373 2886 Orionis

185 2939 186 2942 ’
234 2929 340 3013 capita
367 2930 571 3016 syllogaeque
608 2931 882 3017 apophthegmata
918 2931 1064 3017 quadrat.
1118 2933 1238 2996 Actum
1272 2931 1373 3016 igitur

233 3060 302 3104 esse
328 3043 477 3123 putamus
504 3040 544 3106 de
566 3041 722 3126 Orioniis,
751 3063 884 3127 quorum
911 3041 988 3107 olim
1014 3063 1087 3127 spes
1111 3041 1264 3127 affulgere
1287 3041 1372 3106 vide·

233 3151 339 3233 batur,
363 3151 531 3236 excerptis.

318 3259 380 3326 Sed
406 3265 516 3326 tamen
543 3264 659 3344 restat,
692 3264 729 3326 ut
756 3283 838 3347 quae
869 3261 952 3328 ratio
980 3263 1023 3326 sit
1051 3262 1100 3327 bis
1128 3261 1225 3347 positi
1252 3262 1369 3343 Ὠρίων

232 3370 371 3435 nominis
399 3371 609 3457 (sicquidem
632 3372 774 3458 scripti),
802 3373 988 3464 explicetur.
1033 3374 1140 3457 Atque
1163 3371 1247 3456 quod
1268 3372 1372 3437 altero

232 3480 302 3545 loco
324 3482 463 3565 positum
485 3485 548 3548 est:
573 3532 580 3547 .
606 3531 614 3547 .
640 3532 647 3547 .
672 3483 749 3550 ἰδὼν
771 3483 903 3551 νεανίαν
926 3487 1174 3566 φιλοπονοῦντοι
1195 3483 1274 3565 ἔφη·
1296 3483 1372 3548 κοίλ-

232 3594 337 3658 λιιτον
366 3591 455 3674 ὄψον
481 3599 528 3679 τῷ
556 3594 667 3674 γήροτι
694 3592 820 3674 ἀρτύει(
848 3593 928 3676 (non
957 3591 1043 3658 euim
1069 3591 1195 3657 videtur
1217 3592 1256 3656 de
1277 3613 1372 3656 versu

233 3701 440 3786 cogitandum
446 3719 472 3786 ,·
485 3701 573 3766 cuius
600 3702 755 3768 facillima
778 3701 1021 3788 conformatio),
1050 3701 1159 3766 addito
1182 3703 1291 3786 ὡρίων
1312 3723 1372 3766 no-

149 3807 156 3818 '
232 3809 318 3876 mine
345 3811 429 3875 redit
456 3811 554 3876 etiam
581 3811 616 3876 in
643 3811 822 3877 Walzianis
849 3835 881 3896 p.
904 3813 983 3896 511,
1012 3811 1067 3876 ubi
1093 3815 1204 3876 tamen
1231 3815 1373 3877 erratum

231 3941 292 3984 nec
314 3921 355 3985 ab
378 3921 498 3986 editore
521 3925 697 3988 correctum
718 3925 893 4007 φιλοῦντα,
923 3921 979 3986 sed
1006 3923 1103 4006 plane
1125 3921 1244 3988 eisdem
1265 3921 1372 3987 verbis

231 4031 444 4114 perscriptum
464 4031 601 4098 Isocrati
621 4033 774 4098 tribuitur
800 4032 841 4098 ab
863 4031 1001 4098 Arsenio
1022 4055 1055 4116 p.
1078 4033 1159 4114 307,
1187 4032 1373 4097 Democrito

232 4143 339 4205 autem
360 4141 402 4206 ab
424 4143 568 4208 Antonio
590 4142 722 4208 Melissa
744 4141 845 4208 serm.
869 4140 1035 4206 LXXXIX
1057 4142 1180 4225 p.147,
1203 4142 1256 4226 37,
1280 4161 1372 4225 pree·

233 4249 337 4314 missis
364 4253 531 4338 utrobique
553 4252 572 4318 ὁ
595 4252 692 4318 αὐτὸ(
719 4251 835 4317 verbis.
881 4249 990 4326 Qualis
1018 4248 1147 4335 quidem
1175 4249 1372 4316 diversorum

233 4359 422 4444 scriptorum
449 4361 488 4427 de
510 4345 690 4427 sententiae
717 4361 867 4448 cuiusque
895 4364 1024 4426 auctore
1046 4360 1263 4444 discrepantia
1299 4381 1373 4426 oum
