3254 5092
627 347 662 394 m
684 348 966 396 1010101011011.
1306 336 1369 400 219

231 503 437 586 desideravit,
461 502 563 566 altera
585 507 621 566 ut
643 501 796 584 numquid
818 501 891 564 novi
915 523 953 564 ex
979 502 1094 584 fontis,
1123 501 1163 565 ad
1190 526 1283 587 quem
1305 504 1368 568 iam

231 614 370 677 revocati
388 637 515 695 sumus,
545 613 733 696 integritate
756 611 823 674 erui
852 611 953 693 possit
979 616 1158 693 quaeratur.
1205 613 1232 676 E
1256 615 1368 697 quibus

232 744 302 787 cum
317 723 405 807 illud,
423 724 505 807 quod
521 723 561 786 ad
576 722 830 786 testimoniorum
846 721 1069 785 auctoritatem
1084 723 1234 805 pertinet,
1251 724 1368 806 partim

231 855 269 896 ex
290 833 438 897 universa
461 833 596 898 Taetzae
618 833 696 913 fide,
726 831 872 894 omnibus
894 852 953 894 nec
976 853 1053 894 sane
1082 832 1242 896 immerito
1263 855 1367 916 repre-

230 943 346 1025 hensa,
381 943 436 1008 sed
465 965 484 1006 a
511 943 600 1007 nullo
630 963 770 1026 vmquam
804 941 983 1005 accuratius
1017 942 1214 1024 examinata,
1250 944 1367 1025 partim

230 1053 426 1136 efoutibus,
456 1053 568 1136 quibus
599 1054 632 1116 in
662 1053 723 1116 hac
745 1053 930 1117 narratione
953 1073 1026 1115 usus
1049 1055 1133 1133 erat,
1164 1051 1367 1116 iudicandum

230 1163 287 1244 sit,
311 1163 398 1246 prior
419 1163 525 1246 locus,
549 1163 612 1226 nisi
635 1163 816 1247 argumenti
839 1161 1015 1246 amplitudo
1037 1161 1226 1244 deterreret,
1257 1162 1307 1224 vel
1329 1183 1367 1225 ea

230 1271 267 1335 de
284 1294 379 1336 causa
393 1294 480 1337 nunc
495 1273 688 1336 omittendus
711 1275 795 1355 erat,
826 1273 908 1355 quod
932 1271 979 1335 rei
1001 1271 1168 1334 materiam
1190 1293 1262 1334 mox
1284 1293 1367 1337 novo

229 1381 310 1447 libro
332 1405 349 1446 e
372 1382 531 1446 Vaticano
554 1383 661 1446 codice
684 1382 805 1446 edendo
828 1385 957 1445 auctum
978 1382 1017 1444 iri
1038 1383 1227 1464 accepimus

312 1492 361 1555 De
384 1492 565 1556 auctoribus
588 1495 710 1574 autem,
734 1514 754 1554 a
776 1492 889 1574 quibus
910 1513 947 1554 ea
968 1512 1048 1575 quae
1070 1495 1183 1554 narrat
1204 1491 1364 1574 petiverit,

229 1600 368 1684 aliquam
391 1607 476 1666 certe
498 1605 623 1685 partem
638 1621 655 1664 e
669 1601 754 1664 bono
776 1600 959 1683 etantiqua
981 1600 1071 1664 fonte
1093 1600 1270 1664 derivatam
1285 1622 1364 1684 esse,

228 1711 295 1773 tum
318 1715 449 1793 propter
471 1715 591 1775 certam
614 1713 646 1773 01
669 1733 688 1774 a
709 1709 855 1774 fabulosa
882 1709 1067 1773 inventione
1095 1710 1233 1773 alienam
1256 1732 1365 1774 narra-

227 1819 324 1882 tionis
347 1824 513 1902 naturam,
536 1824 605 1884 tum
628 1823 758 1903 propter
779 1819 926 1883 idoneam
941 1819 1140 1903 singularum
1155 1839 1260 1882 rerum
1281 1820 1366 1884 inter

227 1949 261 1992 se
283 1931 526 2013 congruentiam
549 1929 725 1994 communis
748 1934 817 1993 crat
838 1929 979 1993 omnium
1008 1932 1081 2011 post
1104 1929 1223 1992 editum
1245 1929 1364 1992 Plauti-

227 2060 303 2102 num
318 2039 473 2103 scholium
493 2039 664 2104 sententia.
700 2039 787 2115 Quae
808 2041 893 2102 bona
908 2038 1017 2122 opinio
1038 2061 1219 2123 quanquam
1239 2039 1365 2124 graecis

227 2148 330 2212 verbis
352 2149 387 2212 in
409 2150 480 2213 aliis
502 2150 638 2214 fortasse
659 2149 829 2231 minuitur,
853 2153 889 2212 ut
910 2147 979 2212 fiori
994 2149 1075 2212 solet
1096 2149 1130 2212 in
1152 2149 1213 2213 hoc
1235 2170 1362 2233 genere,

226 2257 253 2320 si
285 2258 466 2322 universam
501 2259 756 2324 testimoniorum
792 2259 930 2322 indolem
968 2259 1147 2322 accuratius
1183 2259 1363 2342 perspicere

226 2366 316 2448 licet,
341 2371 476 2452 augetur
495 2369 654 2432 tamenin
670 2368 751 2432 aliis.
796 2368 956 2451 Antiquos
972 2368 1058 2430 enim
1073 2372 1217 2432 auctores
1232 2368 1363 2432 omnino

226 2476 253 2538 ei
275 2481 403 2558 praesto
425 2478 539 2560 fuisse,
566 2479 631 2542 sive
653 2479 796 2562 integros
818 2478 957 2560 ipsorum
981 2462 1078 2540 libros
1100 2477 1196 2560 legit,
1227 2477 1292 2539 sive
1311 2499 1362 2540 ex-

226 2590 350 2669 cerptos
378 2607 417 2650 ex
450 2586 514 2652 illis
544 2609 614 2651 cum
642 2588 780 2651 nominis
813 2586 931 2650 indicio
962 2586 1205 2650 commentarios
1237 2585 1360 2671 habuit,

145 2773 150 2780 Ι
225 2697 322 2758 testes
349 2699 424 2760 sunt
446 2697 646 2780 Dionysii,
676 2697 869 2778 CratetiS,
899 2695 1079 2760 Euclidis
1107 2696 1361 2778 01110οΗ0110-

224 2804 307 2868 dori
331 2806 471 2869 nomina.
509 2805 537 2869 Ε
560 2807 673 2890 quibus
696 2806 882 2890 Dionysii
905 2827 1021 2870 001000
1029 2857 1037 2888 ,
1061 2805 1126 2868 iam
1149 2809 1245 2870 antea
1268 2808 1362 2872 simul

225 2935 294 2976 0001
323 2914 451 2998 reliquis
480 2937 496 2978 0
524 2915 670 2980 Parisino
698 2917 804 2980 codice
833 2916 1010 2998 proditum,
1041 2915 1220 2980 Meinekius
1242 2917 1359 3002 fragm.

224 3044 302 3087 0001.
327 3045 434 3107 graec.
458 3025 545 3108 Hp.
571 3024 1203 3109 114010010111οΗ110101110110
1229 3028 1361 3092 minoris

223 3137 368 3211 μουεικῆε
394 3135 532 3214 ἱετορίαε
559 3133 657 3198 libros
685 3133 842 3216 XXXVI,
871 3135 909 3198 de
937 3135 1050 3218 quibus
1080 3135 1120 3198 cs.
1147 3136 1232 3199 idem
1260 3137 1358 3202 Mein.

223 3239 306 3304 Hist.
337 3243 407 3306 0111.
433 3265 512 3308 0001.
537 3267 568 3327 p.
595 3245 644 3326 16,
668 3245 807 3308 rettulit:
836 3265 896 3308 000
924 3243 1067 3327 profecto
1094 3245 1358 3331 improbabiliter,

222 3352 410 3433 praesertim
433 3375 504 3417 cum
530 3353 565 3416 in
593 3353 727 3418 Taetzae
755 3357 826 3434 περὶ
853 3358 1010 3435 διαφορᾶς
1038 3362 1182 3433 ποιητῶν
1205 3357 1357 3440 versibus,

222 3483 240 3522 a
256 3461 405 3525 Cramero
421 3462 544 3526 Anecd.
562 3463 664 3527 0100.
683 3463 858 3547 1110343
881 3487 948 3547 sqq.
974 3463 1082 3546 editis,
1108 3464 1147 3527 ad
1170 3487 1295 3530 versum
1317 3468 1358 3531 26

220 3571 259 3634 τὰ
281 3573 410 3650 (κηνικά
430 3573 614 3652 γράφοντες
631 3573 883 3654 ἐμπεφυρμένω(
906 3574 940 3637 10
955 3575 1102 3658 margine
1125 3575 1241 3638 codicis
1257 3576 1358 3639 Mear-

220 3680 387 3743 manniani
411 3681 551 3764 ascripta
573 3682 724 3766 legantur
745 3682 824 3746 haec
846 3684 1004 3749 διονύῑιοε
1026 3685 1286 3764 ὁὰλικαρναεεὺε
1309 3689 1359 3752 καὶ

222 3789 329 3868 ἕτεροι
363 3791 441 3854 κατὰ
471 3793 529 3856 τὸν
556 3793 674 3870 τζέτζη.
729 3791 933 3875 Quanquam,
967 3793 1041 3856 dmn
1070 3793 1109 3856 de
1141 3794 1233 3857 huius
1261 3799 1357 3860 notae

221 3898 343 3982 origine
368 3903 508 3981 constet,
533 3900 719 3983 videndum,
744 3923 852 3966 aunon
869 3902 985 3965 rectius
1007 3903 1045 3965 de
1060 3901 1214 3986 Dionysio
1233 3904 1357 3988 Zopyro

222 4007 425 4090 cogitaveris:
454 4030 546 4091 quem
570 4010 713 4073 criticam
737 4013 838 4073 artem
864 4011 899 4074 in
922 4011 1148 4094 Aristophanis
1171 4013 1287 4078 fabulis
1310 4013 1356 4079 fa-

221 4115 350 4178 ctitasse
379 4117 585 4200 cognovimus
616 4141 633 4181 e
660 4118 759 4182 schol.
790 4122 850 4183 Av.
885 4121 1100 4205 119111011,
1133 4123 1187 4184 ubi
1216 4124 1242 4186 si
1269 4130 1356 4189 recte

221 4225 401 4289 emendavit
423 4225 587 4290 Fabricius
610 4225 693 4290 Bibl.
723 4249 830 4312 graec.
854 4229 912 4312 lV,
935 4231 997 4294 413
1020 4232 1191 4298 Διονύειοε
1214 4236 1264 4300 καὶ
1285 4237 1356 4301 Ζώ-

218 4334 533 4413 0000011000οεεο
556 4336 744 4421 Dionysium
766 4337 979 4423 Phaselitam,
1004 4339 1091 4406 ciuus
1114 4346 1186 4424 aspi
1208 4350 1263 4425 τῆ(
1286 4349 1350 4413 Ἀν-
1375 4365 1421 4412 rar
