3218 5094
580 409 626 456 aa
650 409 720 457 ono
743 411 788 456 au
810 408 953 456 omoua.
1273 393 1334 455 641

195 562 254 625 bus
285 561 410 625 adiecta
438 563 470 625 in
499 561 606 644 Etym.
642 562 756 627 ἄλλοι
783 564 818 626 δὲ
846 564 911 626 ἀπὸ
941 563 1070 626 Κόπυοε
1098 565 1157 625 τοῦ
1191 563 1336 640 Τρωικοῦ

195 671 328 755 ignorat
350 671 502 736 Zonaras.
548 671 587 734 ln
609 671 664 734 illo
687 676 794 735 autem
816 671 1060 735 derivandorum
1084 671 1248 734 nominum
1272 673 1302 733 sl
1325 709 1336 717 -

195 780 247 844 dio
270 781 348 844 adeo
371 803 519 864 perverse
547 781 719 865 elynrologi
748 782 865 846 versati
893 785 984 863 sunt,
1013 785 1049 846 ut
1071 804 1112 845 ne
1134 781 1228 844 huius
1251 780 1335 844 modi

198 891 326 974 quidem
349 892 531 955 nolaliones
554 894 753 974 spernerent,
778 892 926 974 equibus
942 891 1024 955 nihil
1039 893 1209 975 quiequam
1231 911 1336 974 gram-

197 1000 315 1064 matica
348 1023 399 1064 ara
427 1001 588 1084 proficiat:
633 1003 778 1080 Μέεμα,
809 1003 903 1066 πόλι(
932 1005 1083 1068 κτιεθεῑεα
1110 1002 1175 1066 ὑπὸ
1203 1002 1336 1079 Λοκρῶν

195 1111 374 1190 ὁμωνύμωε
395 1117 442 1194 τῷ
465 1119 607 1196 ποταμῷ.
631 1111 743 1191 Ὧροεῑ
773 1111 880 1194 Mtym.
898 1112 942 1175 M.
966 1134 998 1194 p.
1015 1113 1087 1194 581,
1107 1113 1156 1176 15.
1179 1149 1222 1160 -
1246 1113 1335 1174 Καλ-

194 1221 340 1300 χηδών·
375 1223 446 1300 περὶ
476 1222 535 1287 τὸν
567 1223 713 1300 ποταμὸν
736 1223 870 1288 κτίζουει
891 1223 942 1286 καὶ
965 1223 1145 1301 δμωνιίμωε
1167 1221 1254 1306 αὐτῷ
1277 1223 1336 1300 τὴν

196 1331 290 1395 πόλιν
326 1331 504 1409 ὠνόμαεαν.
539 1331 644 1396 οὕτω(
674 1331 773 1410 Ὦροε
801 1333 995 1410 δΜιλήειοε
1029 1331 1112 1414 (οοό.
1141 1333 1259 1411 μαίων,
1293 1331 1335 1394 ef.

196 1441 288 1524 §8):
312 1440 365 1503 Et.
390 1439 473 1504 Gud.
498 1463 529 1523 p.
552 1441 626 1522 296,
649 1440 702 1503 42.
725 1479 768 1488 -
797 1442 987 1507 Κάλλατιε
1015 1443 1111 1526 (quod
1140 1441 1337 1504 reddendum

196 1549 360 1632 Stephano
382 1573 414 1633 p.
438 1551 511 1632 231,
535 1551 554 1614 8
577 1572 635 1632 pro
652 1552 796 1632 Κόιλατιε,
821 1551 1053 1636 Elymologicis
1076 1573 1133 1633 pro
1157 1551 1336 1634 Καλλάτιε),

196 1661 288 1724 πόλιε
311 1661 373 1724 ἐετί
396 1665 549 1724 κτιεθεῑεα
571 1661 635 1725 ὑπὸ
658 1663 901 1739 Ἡρακλειωτῶν
930 1661 997 1746 (Et.
1022 1661 1065 1724 M.
1090 1661 1337 1740 Ἡρακλεώτου),

196 1771 364 1848 ὠνομάεθη
388 1773 422 1834 δὲ
444 1771 509 1834 ἀπὸ
528 1775 588 1852 Ιτῆ(
603 1771 681 1853 αὐτῇ
704 1753 934 1851 ταρακειμένὴε
957 1774 1075 1850 λίμνηε.
1104 1773 1208 1836 οὕτω(
1225 1771 1336 1850 Ὥροις

198 1879 251 1941 El.
277 1879 358 1942 Gud.
383 1902 414 1962 p.
439 1880 559 1962 296,1,
584 1879 628 1942 M.
652 1903 683 1963 p.
700 1881 774 1962 486,
791 1883 843 1944 41.
866 1919 909 1930 -
932 1885 952 1946 Γ
959 1887 1104 1947 οῦτθοε
1127 1881 1238 1965 (vulga
1262 1883 1337 1946 Γοῡ-

197 1995 268 2056 θοε,
293 1988 456 2071 Stephano
484 2012 514 2072 p.
541 1991 618 2070 140,
646 1991 683 2053 16
713 1993 835 2078 Γότθοι)
864 1993 1016 2072 δᾶρχων
1044 1993 1173 2056 (κυθῶν
1195 1995 1261 2054 τῶν
1285 2013 1337 2055 κα-

196 2100 364 2176 λουμένων
388 2101 545 2164 Γούτθων.
569 2101 652 2164 ἔοικε
675 2101 763 2182 (fort.
781 2102 911 2184 ἐοίκαει)
933 2103 1077 2181 γὰράπὸ
1099 2106 1158 2166 τοῦ
1180 2102 1338 2180 ἡγεμόνα(

198 2209 306 2273 αὐτῶν
335 2211 499 2287 κληθῆναι·
532 2211 572 2273 τὰ
599 2211 660 2288 γὰρ
688 2212 795 2275 πολλὰ
818 2211 893 2291 ἔθνη
918 2211 983 2276 ἀπὸ
1006 2217 1071 2276 τῶν
1093 2212 1262 2290 ἡγεμόνων
1285 2231 1338 2274 κα-

197 2319 335 2382 λοῦνται.
360 2318 464 2382 οὕτω(
486 2318 598 2398 Ὠροεε
623 2319 729 2402 ldlym.
754 2319 798 2382 Μ.
823 2343 854 2402 p.
880 2321 953 2401 238,
977 2322 1029 2386 51.
1053 2360 1095 2370 -
1119 2321 1338 2400 Καμπανοί·

197 2427 246 2492 ὅτι
271 2429 402 2506 Κόμπον
425 2429 562 2506 ἔκτιεαν,
592 2431 674 2508 πρὸ(
696 2433 754 2508 τὴν
771 2431 884 2514 1Κύμην
909 2430 1012 2495 τόπον
1036 2431 1123 2495 οὕτω
1147 2432 1336 2509 λεγόμενον,

149 2573 155 2582 -
197 2537 272 2602 ὅθεν
302 2539 352 2601 καὶ
382 2539 546 2616 Καμπανοί
574 2539 755 2617 ἐκλήθηεαν.
784 2541 889 2604 οὕτω(
917 2539 1017 2620 Ὠροε
1045 2542 1064 2605 ὁ
1088 2542 1253 2619 Μιλήειοεῑ
1292 2539 1338 2601 sie

198 2648 283 2710 enim
305 2646 384 2710 haee
407 2647 575 2710 scribenda
599 2648 632 2710 in
654 2648 707 2712 Et.
733 2649 776 2712 M.
801 2672 831 2732 p.
848 2649 920 2729 488,
942 2651 983 2714 39
1006 2671 1023 2712 e
1046 2649 1129 2714 Gud.
1155 2672 1185 2732 p.
1209 2649 1282 2729 291,
1307 2647 1337 2728 8,

198 2755 322 2820 Zonara
345 2781 376 2840 p.
403 2758 494 2820 1147.
526 2757 693 2840 Adseripsi
714 2759 863 2822 tenuiora
885 2759 1056 2842 qriaedam:
1080 2759 1193 2822 similis
1216 2759 1271 2820 sed
1293 2756 1338 2820 di-

198 2889 288 2930 versa
325 2871 434 2930 tamen
471 2867 554 2930 ratio
591 2868 781 2932 uberiorum.
834 2867 886 2933 Sic
919 2871 1103 2949 Ἀπάμεια
1136 2869 1263 2932 ducitur
1297 2867 1338 2930 ab

198 2977 323 3059 Apama
351 2977 483 3040 muliere
511 2977 545 3040 in
574 2976 680 3061 Etym.
710 2979 753 3041 M.
782 3001 814 3062 p.
841 2979 916 3060 118,
943 2982 998 3061 11,
1027 2981 1168 3044 Βάτεια
1196 2977 1338 3041 aBatea

197 3084 341 3150 Dardani
363 3108 460 3150 uxore
488 3109 519 3170 p.
547 3087 621 3168 191,
645 3089 702 3168 45,
730 3091 905 3168 Ἴεμαροε
928 3089 969 3152 ab
991 3089 1113 3152 lamara
1137 3089 1249 3151 Martis
1272 3086 1338 3150 filio

198 3217 230 3277 p.
253 3197 327 3276 477,
354 3197 386 3278 1,
417 3198 571 3260 Κλειταί
593 3219 611 3258 ιι
635 3196 719 3260 Clita
741 3198 904 3261 Amazone
932 3223 963 3282 p.
987 3199 1066 3280 518,
1093 3201 1107 3262 1
1139 3199 1210 3262 coll.
1235 3196 1336 3260 Paris,

199 3325 230 3386 p.
248 3305 320 3386 921,
346 3304 428 3368 Gud.
453 3328 483 3388 p.
500 3306 573 3386 325,
592 3307 650 3388 35,
675 3307 856 3387 Κάνωβοε
880 3307 1044 3374 aCanobo
1059 3307 1198 3372 Menelai
1221 3307 1338 3391 guber·

199 3416 311 3476 nature
334 3413 416 3477 Gud.
441 3436 472 3497 p.
497 3415 569 3495 291,
592 3416 650 3496 49,
686 3417 872 3495 Ὀλυμπία
895 3419 936 3480 ab
959 3416 1096 3500 Olympo
1118 3420 1242 3496 monle,
1272 3437 1337 3478 non

199 3522 348 3606 Olympia
375 3523 509 3586 muliere
536 3523 589 3588 Et.
620 3525 663 3588 M.
688 3547 719 3608 p.
744 3527 821 3607 623,
856 3527 910 3609 12,
947 3528 1113 3606 (όγαριε
1143 3525 1338 3609 aSagaride

198 3632 305 3696 Midae
328 3633 394 3696 filio
417 3655 447 3716 p.
474 3634 550 3714 707,
577 3635 616 3698 19
639 3634 709 3698 eoll.
734 3636 835 3699 Paria
860 3659 890 3719 p.
918 3637 1009 3718 1921,
1034 3635 1160 3699 Zonara
1183 3658 1214 3718 p.
1244 3635 1337 3714 1625,

199 3743 418 3822 (ηλυμβρία
447 3743 581 3826 aSelye
602 3743 726 3808 Thraee
754 3745 861 3828 Elym.
891 3745 935 3809 M.
965 3769 996 3829 p.
1022 3747 1098 3826 711,
1122 3745 1158 3828 6,
1188 3745 1338 3824 (ίγρον,

198 3855 290 3932 λιμὴν
306 3854 456 3930 Τενέδου,
480 3855 590 3939 ἡρῷον
610 3855 695 3934 ἔχων
712 3856 825 3934 (ίγρου
849 3860 906 3920 τοῡ
923 3857 1102 3935 Ἀρτέμιδα(
1126 3855 1236 3940 (vulgo
1252 3857 1338 3935 ἔχων

199 3965 307 4044 είγρου
330 3963 524 4048 Ἀρτέμιδος)
552 3987 583 4047 p.
609 3965 680 4046 712,
709 3965 760 4046 15,
788 3966 921 4044 Φάροε
947 3988 966 4029 a
988 3965 1094 4029 Pharo
1117 3964 1259 4028 Helenae
1282 3987 1338 4050 gu-

199 4071 367 4137 bernatore
396 4095 427 4156 p.
453 4073 529 4156 188,
561 4074 616 4154 16,
646 4073 723 4138 Ζοιι.
747 4097 779 4157 p.
807 4073 902 4155 1198,
931 4075 1045 4158 quibus
1073 4076 1159 4139 infra
1186 4074 1339 4138 accedent

200 4182 341 4261 Κρότων,
363 4185 476 4262 Ῥώμη.
521 4181 692 4266 Praeterea
721 4183 836 4262 Ὠρίων
865 4183 899 4246 in
922 4185 1021 4264 Ὠροε
1049 4189 1138 4249 muta
1168 4208 1198 4268 p.
1223 4185 1282 4266 34,
1306 4185 1337 4265 2,

198 4291 254 4354 ubi
275 4293 384 4356 Αίλία
406 4291 534 4356 ducitur
561 4294 601 4357 ab
625 4293 717 4356 Aelio
740 4292 923 4377 Hadriana,
958 4299 990 4357 et
1018 4317 1049 4377 p.
1073 4297 1125 4376 44,
1150 4296 1185 4377 6,
1221 4294 1276 4358 ubi
1299 4293 1339 4356 ab
1357 4317 1390 4364 54

198 4400 361 4465 Academo
393 4401 459 4464 sive
486 4401 668 4466 Hecademo
696 4404 902 4482 Ἀκαδημία
930 4407 963 4467 εί
985 4406 1236 4484 Ἀκαδήμειαν
1259 4405 1339 4488 (non

251 4523 294 4556 τιι.
316 4521 482 4556 nirecnnarr
502 4520 649 4556 onuscuun
668 4523 687 4560 ι,
1095 4506 1135 4568 41
