3184 5100
321 397 353 444 c.
379 395 562 444 ananiam
585 397 633 443 na
655 395 778 444 uranu
802 396 948 445 scaurus
971 396 1062 444 carr.
1087 395 1267 444 sersrvns.
1313 383 1373 445 761

235 549 302 614 lare
325 548 402 613 illud
425 548 508 633 quod
530 549 589 613 sub
611 571 744 614 numero
765 549 865 636 252*)
888 549 1082 635 descriptum
1105 550 1230 614 videtis.
1252 550 1292 614 ln
1313 573 1374 635 quo

236 681 308 724 cnm
329 663 457 744 praeter
479 659 559 725 alias
581 681 637 725 cae
659 659 786 724 litterae
808 659 1031 726 blandirentur
1052 683 1130 746 quas
1146 660 1187 725 ad
1201 649 1375 726 llerdinan-

234 897 352 949 parvum
370 881 400 935 et
416 879 526 949 pridem
543 879 716 936 intellectum
733 881 778 936 est
795 881 824 934 et
842 878 1001 935 dictitatum
1018 897 1102 950 saepe
1120 897 1248 948 numero,
1270 899 1304 936 ex
1321 881 1375 936 hac

235 989 345 1040 quoque
362 973 530 1043 paupertate
548 973 645 1028 nostra
662 973 692 1044 qt
709 971 830 1028 dolenda
847 989 914 1027 sane
931 971 1058 1028 exilitate
1075 989 1132 1028 non
1149 972 1218 1028 nihil
1236 973 1375 1028 commodi

234 1065 264 1119 in
281 1064 374 1122 studia
391 1065 548 1121 litterarum
565 1065 784 1121 redundaturum
797 1064 977 1136 suspicamur,
995 1065 1156 1134 laborisque
1167 1067 1288 1120 fructum
1306 1066 1374 1121 satis

235 1156 389 1227 optabilem
405 1157 564 1228 percepisse
581 1157 662 1214 nobis
680 1157 848 1224 videbimur,
868 1157 891 1211 si
909 1159 980 1213 forto
998 1175 1013 1212 e
1032 1157 1181 1228 philologis
1199 1175 1318 1226 graecae
1336 1158 1374 1212 la·

235 1250 366 1318 tinuoque
393 1251 556 1328 antiquitati
584 1249 764 1321 operantibus
787 1267 871 1305 unum
895 1254 925 1305 et
951 1249 1028 1306 item'
1041 1252 1160 1306 alterum
1183 1251 1374 1320 ignoratonmr

235 1345 320 1399 antea
342 1342 528 1398 subsidiorum
551 1343 652 1400 indicio
675 1345 771 1400 nostro
794 1343 917 1412 quadam
943 1344 1024 1398 tenus
1050 1342 1280 1399 demeruerimus:
1309 1361 1374 1399 narn

235 1435 400 1506 primariam
423 1453 490 1496 sane
513 1455 596 1507 opem
618 1438 763 1507 praestare
786 1453 820 1492 ea
842 1435 967 1492 subsidia
988 1439 1087 1506 suapte
1109 1439 1211 1492 natura
1236 1437 1293 1492 fere
1319 1455 1375 1492 non

234 1531 380 1606 poterunt,
404 1547 520 1598 quorum
542 1531 626 1599 louge
649 1529 770 1586 maxima
791 1547 857 1600 pars
879 1547 935 1585 non
954 1547 969 1585 e
987 1528 1175 1600 superioribus
1198 1528 1315 1585 sacculis
1339 1530 1376 1585 ad

235 1629 287 1678 nos
305 1625 465 1693 propagata
482 1625 539 1692 est,
563 1623 613 1680 sed
630 1622 801 1678 noviciorum
818 1622 994 1693 potissimum
1012 1622 1154 1678 hominum
1172 1623 1262 1678 doctis
1280 1623 1376 1678 adver-

236 1715 331 1783 sariis,
358 1715 557 1782 conlectaneis,
581 1715 766 1786 apographis,
785 1714 1023 1782 enarrationibus,
1045 1715 1273 1770 adnotationibus
1291 1717 1376 1784 atquc

235 1807 264 1862 id
282 1825 369 1877 genus
388 1808 552 1864 commentis
565 1808 647 1863 variis
665 1808 844 1876 miscellaque
857 1807 1029 1878 supellectile
1046 1809 1164 1863 constat.
1189 1808 1270 1862 Haud
1282 1807 1376 1877 paullo

236 1903 310 1971 plus,
334 1900 388 1956 nisi
410 1901 545 1969 fallimur,
568 1900 670 1971 pluteis
693 1900 797 1956 uostris
821 1900 964 1956 debebunt
982 1899 1029 1968 qui
1047 1903 1097 1955 aut
1113 1899 1252 1970 linguas
1270 1899 1377 1955 orien-

236 1996 326 2051 tales
348 1996 474 2051 tractant
496 1997 545 2050 aut
566 1994 595 2049 in
617 1995 722 2049 medii
744 1994 819 2050 aevi
840 1992 977 2049 litteris
999 1995 1034 2048 et
1055 1993 1157 2048 rebus
1175 1992 1286 2062 gestis
1305 2011 1378 2047 scm·

237 2088 331 2143 tendis
350 2090 509 2144 versantur:
539 2088 568 2141 in
586 2087 686 2156 quibus
703 2087 831 2158 partibus
848 2089 929 2142 tanto
948 2086 1010 2156 plus
1028 2086 1166 2152 valemus,
1190 2088 1295 2154 quanto
1313 2085 1378 2141 vali-

236 2182 328 2237 diores
352 2199 413 2237 esse
436 2181 464 2236 iu
486 2180 548 2246 illa,
571 2197 642 2250 quae
666 2181 703 2236 ad
725 2180 818 2236 studia
839 2178 975 2250 imprimis
999 2179 1073 2254 apud
1095 2196 1146 2234 nos
1164 2179 1300 2235 ferventia
1317 2196 1377 2249 per-

236 2273 320 2341 tinet,
344 2275 449 2328 frustra
471 2273 604 2343 cupimus.
641 2273 765 2340 Reliquis
788 2272 874 2341 igitur
896 2271 1041 2327 desideriis
1064 2271 1220 2326 curabimus
1239 2274 1271 2326 ut
1288 2273 1378 2326 altera

237 2367 376 2434 tertiaque
393 2366 532 2436 particula
548 2365 629 2420 huius
648 2365 777 2434 Catalogi
796 2382 845 2420 suo
864 2365 991 2433 ternpore
1010 2363 1077 2418 satis
1096 2364 1157 2418 fiat:
1176 2363 1287 2418 interim
1305 2364 1378 2419 hanc

237 2477 322 2527 quam
339 2477 411 2512 nunc
429 2461 503 2513 foras
522 2459 648 2513 dedimus
667 2457 887 2526 aequibonique
906 2456 1012 2512 consuli
1029 2457 1163 2510 volumus.
1194 2459 1225 2511 ln
1243 2473 1298 2525 qua
1316 2475 1378 2512 curn

238 2551 333 2606 dedita
351 2569 451 2622 opera,
474 2551 547 2606 unde
571 2553 701 2622 acceptos
724 2550 848 2620 singulos
871 2549 981 2605 codices
1003 2547 1174 2604 bibliotheca
1190 2551 1288 2604 nostra
1305 2568 1378 2604 nunc

238 2644 394 2714 possideat,
417 2644 673 2714 perscripserimus,
696 2645 756 2698 tum
774 2644 808 2700 de
827 2643 934 2698 duobus
957 2641 1081 2697 lontibus
1099 2642 1273 2697 uberioribus
1292 2643 1378 2698 semel

238 2743 322 2804 atque
340 2736 496 2805 generatim
514 2737 558 2791 hic
580 2735 785 2806 praemonitum
805 2737 875 2791 esto.
911 2735 1054 2802 Quotquot
1076 2734 1149 2788 euim
1167 2733 1377 2791 Heinrichianos

237 2829 324 2884 libros
342 2833 518 2884 enumeratos
536 2829 621 2896 vides,
641 2827 784 2884 sciendum
801 2832 845 2883 est
860 2827 971 2883 liberali
988 2827 1121 2884 beneficio
1140 2827 1274 2882 heredum
1286 2829 1379 2883 Caroli

239 2921 372 2976 Frideriei
389 2921 579 2976 Heinrichii
603 2920 711 2976 deberi:
742 2923 880 2989 quotquot
896 2921 1069 2987 Naekianos,
1092 2937 1126 2975 ex
1148 2920 1268 2990 Augusti
1285 2921 1378 2976 Ferdi·

238 3014 323 3070 nandi
340 3012 463 3070 Naelrii
481 3012 652 3068 bibliotheca
668 3013 779 3083 publico
803 3030 867 3068 aere
889 3015 999 3083 emptos
1022 3029 1090 3068 esse.
1128 3011 1275 3068 Pauciores
1298 3031 1378 3082 quos-

238 3108 317 3174 dam,
337 3107 383 3176 qui
401 3106 467 3162 olim
485 3105 616 3162 Guilelmi
632 3105 745 3161 Ernesti
761 3105 876 3161 Webcri
893 3107 1018 3172 fuerunt,
1037 3105 1118 3160 huius
1136 3105 1206 3159 filius
1224 3123 1312 3176 nuper
1331 3107 1378 3161 do-

239 3201 317 3256 navit
339 3199 507 3256 clarissimus
528 3217 601 3253 nunc
622 3197 651 3252 in
673 3199 727 3254 hac
753 3197 935 3253 universitate
963 3197 1120 3268 chirurgiae
1142 3200 1284 3268 professor
1310 3199 1377 3253 Otto

199 3361 202 3368 Ι
240 3295 411 3349 Webcrus’.
448 3293 565 3347 Praeter
589 3291 702 3361 integra
723 3293 817 3346 antem
840 3307 911 3359 quae
932 3291 1005 3346 infra
1023 3289 1219 3360 descripsimus
1237 3290 1378 3346 volumina
1469 3325 1473 3336 ·

240 3389 356 3442 nonest
378 3385 488 3441 silentio
510 3383 742 3454 praetereundum
764 3383 898 3454 plurimas
920 3383 949 3465 in
972 3382 1079 3438 scriniis
1097 3382 1200 3439 nostris
1218 3383 1377 3438 membra·

239 3497 299 3534 nas
318 3477 513 3547 singulares
536 3493 669 3546 magnam
691 3479 803 3546 partem
825 3475 893 3531 satis
911 3478 1036 3532 vetustas
1059 3476 1164 3530 servari
1186 3476 1222 3530 ad
1244 3475 1377 3544 plurimos

239 3574 338 3641 poetas
356 3557 561 3640 scriptoresque
583 3569 685 3624 latinos
708 3569 889 3637 pertinentes.
926 3567 1000 3633 Quas
1023 3568 1135 3636 quidem
1157 3569 1186 3622 iu
1208 3569 1376 3638 praesentia,

238 3682 274 3720 ne
295 3666 363 3719 fines
386 3662 570 3718 modestiores
592 3661 809 3732 programmatis
837 3660 988 3718 academici
1015 3661 1224 3728 excederemus,
1251 3662 1377 3716 consulto

239 3755 453 3826 praetermissas
472 3755 628 3810 curabimus
647 3757 678 3810 ut
695 3753 856 3824 appendicis
874 3755 935 3811 loco
953 3754 1081 3824 proxima
1093 3753 1222 3823 catalogi
1240 3753 1378 3824 particula

240 3849 403 3920 singillatim
420 3851 624 3919 persequamur
637 3879 670 3888 —
688 3848 818 3903 Ceterum
834 3849 991 3904 memoratu
1007 3865 1063 3902 non
1075 3847 1220 3916 indignum
1237 3849 1377 3917 putamus,

240 3943 319 3998 huius
343 3941 493 4012 ‘Catalogi’
516 3941 662 3997 fasciculos
685 3941 733 3994 ΠΙ.
756 3941 802 3995 Ν.
821 3940 854 3996 V.
874 3940 959 4008 v1,1
988 3943 1018 3996 et
1039 3939 1075 3995 ad
1096 3940 1205 3996 litteras
1228 3939 1377 3996 orientales

240 4038 414 4106 spectantem
431 4033 483 4089 VII
500 4033 637 4104 prodiisse
658 4051 710 4103 per
732 4035 845 4089 easdem
868 4033 1093 4103 opportunitates
1116 4032 1289 4088 academicae
1307 4033 1377 4088 Bou-

239 4145 340 4184 nenses
359 4127 439 4182 annis
459 4133 532 4183 1860.
554 4133 626 4182 1862.
649 4131 722 4182 1863.
747 4131 812 4181 1865
830 4129 859 4181 et
878 4131 956 4180 1864:
986 4126 1063 4194 quod
1080 4143 1149 4193 opus
1167 4143 1233 4179 num
1251 4125 1288 4180 sit
1305 4125 1377 4179 ‘finis
1477 4149 1480 4157 Δ

241 4222 443 4286 coronaturum
461 4220 664 4290 incompertam
682 4219 783 4288 nobis]

307 4317 332 4382 ³¹)
356 4313 424 4384 [Sub
446 4313 499 4369 hoc
519 4329 634 4369 numero
657 4311 762 4382 scripta
783 4313 853 4368 haec
873 4311 961 4367 habes
982 4330 1008 4382 p.
1028 4317 1078 4366 tl:
1114 4315 1175 4366 ‘252
1198 4314 1239 4379 (71
1258 4329 1283 4377 v,
1302 4313 1327 4380 c)
1349 4314 1378 4366 4⁰

241 4409 328 4467 codex
345 4409 507 4466 chartaceus
525 4406 627 4463 saeculi
645 4406 756 4473 XVlIll,
775 4405 902 4462 loliorum
915 4411 948 4462 70
960 4422 1076 4474 quorum
1088 4405 1228 4475 permulta
1240 4405 1377 4476 scriptura
