3254 5086
260 294 326 360 530
631 310 678 356 nn
701 309 829 358 comen
852 310 1028 358 vasianae

263 463 397 540 ετρατὸν
419 460 439 538 ἥ
461 481 497 525 τε
517 462 575 527 νὺξ
597 461 678 526 αἰτία
703 461 832 538 ἐγένετο
854 463 963 528 καὶτὸ
987 462 1022 526 ἐν
1045 460 1144 544 οἰκείᾳ
1165 466 1206 544 γῇ
1234 461 1272 525 τὸ
1299 461 1403 526 πάθοι

263 569 372 634 αὐτοῖς
395 573 561 649 ευμβῆναι·
590 571 671 655 ῥᾷον
692 571 755 651 γὰρ
778 572 808 635 οἱ
830 572 1009 652 φεύγοντεε
1032 571 1083 636 ἐπί
1104 572 1144 634 τὰ
1166 571 1303 650 εφέτερα
1325 569 1404 633 eco-

262 685 358 745 Ζοντο
385 680 428 742 δι’
458 679 619 759 ἐμπειρίαν
650 684 717 747 τῶν
750 681 872 747 τόπων.
929 679 993 745 Sua
1020 678 1147 764 quidem
1175 681 1288 762 sponte
1321 683 1404 742 unus

262 788 394 871 quisque
416 787 612 872 cogitatione
635 788 739 854 addit:
767 812 857 868 qaam
877 797 909 854 ia
929 796 1099 869 porcariae
1124 799 1218 852 terra.
1264 788 1332 862 Quo
1353 787 1403 850 fa-

263 896 355 960 cilius
383 919 419 960 eo
448 901 620 981 augmento
650 919 792 962 caremus
820 897 903 983 quod
931 898 994 962 illis
1022 899 1057 962 in
1080 903 1137 962 ΒΡ
1154 901 1187 961 et
1213 897 1359 980 margine
1383 903 1407 959 C

263 1005 428 1071 adhaeret:
457 1009 476 1086 ἢ
505 1007 541 1072 οἱ
568 1010 785 1074 διώκοντες
812 1008 1110 1088 κατελάμβανον
1139 1009 1188 1072 δι’
1216 1007 1402 1086 ἀπειρίαν

261 1120 337 1181 τῶν
360 1117 571 1195 διεξόδων,
600 1116 659 1181 etsi
683 1117 884 1182 concedimus
911 1117 1051 1200 potuisse
1078 1117 1144 1180 tale
1166 1115 1316 1200 quiddam
1337 1137 1404 1178 non

262 1225 371 1308 inepte
399 1224 482 1288 addi.
528 1226 574 1289 At
603 1247 677 1290 vero
706 1225 817 1290 eadem
845 1229 979 1310 apparet
1006 1226 1152 1309 Lapum
1182 1225 1315 1310 legisse,
1349 1225 1403 1308 qui

261 1333 308 1398 sic
330 1335 442 1398 vertiti
460 1338 589 1410 facilius
609 1342 686 1399 enim
704 1339 859 1414 sapientes
886 1341 930 1400 ad
947 1343 1077 1415 propria
1103 1340 1305 1400 servabantur
1323 1341 1402 1398 loco-

262 1465 328 1508 rum
343 1450 462 1523 pcriti'a
482 1449 781 1523 impedieoaatarqae
795 1445 889 1529 (legit
910 1445 1010 1529 igitur
1031 1447 1082 1510 καί
1103 1466 1161 1527 pro
1175 1445 1210 1528 ἢ)
1222 1465 1403 1524 persequen-

262 1565 306 1617 tes
327 1559 508 1618 transituum
530 1559 692 1632 imperitia.
738 1553 782 1617 nt
802 1557 912 1618 tamen
939 1554 1019 1618 haec
1041 1574 1164 1637 quoque
1192 1553 1327 1616 rationis
1349 1574 1403 1617 ne-

263 1662 393 1726 cessitas
416 1667 448 1725 et
471 1661 600 1725 criticae
623 1661 811 1747 disciplinae
833 1663 986 1726 severitas
1004 1662 1146 1745 postulat
1166 1665 1203 1726 ut
1225 1663 1294 1726 sine
1313 1683 1403 1726 mora

262 1771 359 1835 missa
380 1771 552 1836 faciamus:
580 1775 612 1835 et
634 1773 810 1856 postularet
831 1772 992 1856 profecto,
1016 1772 1114 1836 ctiam
1135 1771 1162 1834 si
1184 1792 1250 1835 non
1271 1771 1403 1835 habere-

263 1903 331 1944 mus
354 1880 407 1963 qui
429 1880 528 1944 talem
550 1863 683 1964 quidem*
704 1881 784 1964 Lapi
813 1883 853 1946 ab
876 1886 933 1946 ΑΒ
959 1881 1137 1946 dissensum
1165 1881 1327 1945 commode
1355 1881 1402 1944 in·

262 1991 526 2072 terpretaremur:
558 2012 635 2053 nam
664 1991 702 2054 de
734 1990 829 2054 tertio
862 1990 968 2074 aliquo
998 1990 1120 2054 codice⁴
1132 1991 1219 2074 paris
1248 2013 1319 2054 cum
1346 1995 1403 2053 ΑΒ

263 2097 481 2182 antiquitatis,
505 2098 660 2163 bonitatis
675 2102 781 2163 autem
804 2103 899 2182 atquc
921 2099 1119 2184 integritatis
1142 2099 1239 2163 etiam
1260 2099 1402 2182 maioris,

263 2207 317 2290 qui
344 2207 424 2290 Lapi
453 2210 559 2271 aetate
588 2207 709 2272 Romae
737 2209 910 2293 exstiterit,
944 2210 1083 2293 prudens
1110 2230 1204 2273 nemo
1235 2209 1401 2296 cogItabit.

263 2316 332 2381 Nec
360 2338 435 2381 vero
461 2317 636 2401 probabili,
665 2320 701 2380 ut
726 2321 819 2401 puto,
851 2318 1033 2382 coniectura
1060 2318 1271 2382 destituimur.
1317 2318 1403 2382 Nam

264 2447 335 2489 cum
363 2426 439 2490 duos
467 2425 527 2491 sibi
554 2431 683 2510 praesto
708 2427 807 2492 scrisse
835 2427 959 2491 codices
986 2428 1021 2491 in
1049 2427 1175 2512 epilogo
1202 2428 1243 2492 ad
1268 2427 1402 2492 Paulum

262 2535 295 2598 Π
317 2535 506 2600 Pontificem
526 2535 707 2601 Romanum
729 2536 847 2620 scripto
869 2537 938 2619 ipse
963 2537 1069 2620 Lapus
1091 2539 1236 2619 testetur,
1259 2557 1325 2600 non
1347 2536 1402 2600 du-

263 2644 401 2708 bitamus
423 2645 484 2708 hoc
505 2645 541 2712 in
563 2667 634 2709 eam
655 2649 781 2729 partem
803 2645 964 2729 accipere,
987 2649 1024 2709 ut
1046 2646 1181 2710 alterum
1202 2647 1404 2730 usurpaverit

263 2754 430 2837 antiquum
452 2757 484 2816 et
511 2775 576 2817 non
604 2754 848 2838 interpolatum,
879 2776 970 2838 quem
1001 2755 1186 2839 plerumque
1207 2759 1401 2840 sequeretur,

264 2861 399 2926 alterum
421 2861 461 2924 ad
483 2883 614 2926 manum
628 2863 777 2928 habuerit
798 2885 836 2927 ex
858 2864 1123 2948 interpolatorum
1144 2886 1277 2949 genere,
1302 2887 1319 2928 e
1340 2887 1403 2948 quo

263 2969 316 3034 hic
343 2970 410 3035 illic
437 2970 583 3054 inspecto
613 2974 737 3056 peteret
764 2959 877 3057 quibus
905 2974 1078 3039 auctiorem
1105 2974 1206 3038 altero
1227 2973 1402 3057 deprehen·

263 3079 362 3142 deret.
407 3079 493 3144 Hinc
521 3080 620 3164 igitur
647 3081 752 3147 facilis
781 3083 989 3165 existimatio,
1019 3082 1046 3146 si
1073 3083 1186 3167 quibus
1212 3084 1309 3148 etiam
1330 3084 1402 3148 aliis

264 3188 415 3272 exemplis
443 3189 549 3272 Lepus
577 3209 648 3255 cum
674 3191 883 3256 deterioribus
911 3191 1001 3255 libris
1028 3193 1129 3258 faciat
1156 3197 1268 3257 contra
1296 3199 1325 3257 B
1351 3194 1402 3257 vel

264 3301 336 3361 AB:
359 3297 442 3382 quod
463 3320 550 3363 nunc
572 3301 650 3364 satis
672 3301 775 3364 habeo
797 3301 894 3364 verbo
909 3299 1117 3385 significasse.
1154 3301 1301 3367 Ceterum
1322 3301 1411 3366 illud

263 3407 338 3470 nolo
359 3410 482 3491 tacere,
510 3430 581 3472 meo
603 3431 714 3492 sensu,
742 3409 769 3473 si
799 3408 918 3492 aliquid
941 3409 1120 3474 addendum
1146 3411 1305 3475 videretur
1325 3411 1401 3475 Dio-

216 3517 369 3599 loaysia,
398 3539 464 3581 non
492 3539 529 3582 ea
551 3540 631 3602 quae
653 3518 827 3603 vulgantur
848 3540 921 3582 aum
942 3519 1118 3602 positurum
1144 3520 1258 3600 fuisse,
1292 3520 1345 3584 sed
1369 3523 1403 3584 et

263 3626 381 3688 rectius
409 3629 442 3689 ct
470 3626 656 3692 concinnius
683 3627 729 3690 sic
755 3626 948 3690 locuturum:
978 3629 1059 3710 ’ῥᾷον
1085 3630 1147 3708 γὰρ
1170 3630 1200 3694 οἱ
1223 3629 1402 3708 ιρειίγοντεε

265 3735 316 3798 ἐπὶ
330 3737 369 3799 τὰ
384 3737 521 3816 εφέτερα
536 3737 696 3803 cranao
711 3739 755 3801 δι’
771 3736 934 3816 ἐμπειρίαν
949 3741 1015 3802 τῶν
1031 3737 1153 3814 τόπων,
1175 3739 1194 3816 ἢ
1218 3739 1271 3802 δι’
1291 3737 1401 3802 ἀπει-

264 3843 352 3922 ρίαν
375 3845 411 3909 oi
434 3846 651 3910 διώκοντεε
673 3846 979 3926 κατελάμβανον.
1023 3845 1091 3911 Neo
1119 3845 1205 3908 enim
1226 3845 1309 3908 ratio
1330 3868 1402 3929 par·
1465 3919 1468 3922 .

265 3952 398 4035 spicitur
420 3974 476 4016 cur
496 3953 620 4017 variata
642 3953 786 4018 oratione
808 3953 918 4018 alteris
940 3955 1093 4021 διεξόδων
1115 3953 1332 4037 potissimum,
1356 3954 1402 4018 al-

264 4061 341 4124 teris
362 4063 475 4127 τόπων
498 4063 564 4125 sive
587 4063 728 4146 cognitio
751 4063 816 4126 sire
838 4063 1000 4146 ignoratio
1021 4063 1190 4126 tribuatur.
1242 4117 1245 4124 ι
