3272 5088
278 357 342 420 4⁵24
717 373 764 418 os
787 371 987 421 tetraonis

279 529 315 588 ut
341 547 406 588 non
434 524 527 588 modo
556 523 834 590 Oasaubonianum
862 524 955 588 unius
989 525 1066 588 anni
1096 545 1233 589 errorem
1261 547 1328 590 non
1355 547 1421 590 cor-

279 635 408 716 rexerit,
433 633 488 698 sed
509 655 617 698 rursus
640 635 737 698 alium
760 634 918 699 addiderit
939 635 1025 698 illius
1047 635 1258 700 simillimum:
1282 657 1358 699 nam
1381 635 1422 699 ab

281 745 322 806 ol.
347 743 447 826 XCII,
474 746 488 806 1
513 745 553 808 ad
575 743 674 825 XCV,
703 746 714 806 l
745 765 812 808 non
835 741 912 808 XIV
941 745 1093 808 suntsed
1116 743 1289 810 XHanni.
1334 745 1422 821 Quae

236 867 266 914 13
284 856 352 916 tam
374 857 487 936 aperta
508 858 643 936 peccata
665 854 774 917 mirari
795 854 871 918 licet
892 875 958 917 non
980 855 1178 938 perspexisse
1200 855 1303 918 virum
1325 854 1423 919 histo-

281 962 349 1025 riae
370 983 436 1026 non
458 963 564 1028 minus
587 962 776 1048 diligentem
805 985 909 1046 quam.
923 962 1159 1047 philosophiae,
1191 964 1243 1028 Fr.
1268 963 1421 1029 Schleier-

280 1071 480 1154 macherum,
519 1072 573 1156 qui
602 1094 640 1136 cr
669 1071 964 1157 Schweighaeuseri
998 1073 1157 1138 erroribus
1186 1077 1273 1138 totus
1303 1073 1423 1158 pendet

280 1181 389 1246 adnot.
414 1182 455 1246 ad
478 1181 624 1246 Platonis
647 1181 802 1266 Gorgiam
824 1184 946 1266 11416.

365 1286 426 1356 Sed
454 1293 491 1354 ut
517 1296 591 1375 post
622 1293 672 1353 tot
698 1313 820 1355 errores
852 1291 1008 1356 refutatos
1039 1296 1155 1358 certius
1183 1295 1334 1377 quiddam
1361 1295 1424 1378 ipsi

282 1402 467 1482 afferamus,
503 1400 750 1465 Athenaeum
784 1402 959 1466 conicimus
987 1403 1022 1466 in
1051 1403 1135 1466 hanc
1166 1404 1234 1467 fere
1267 1405 1424 1468 rationem

282 1511 461 1594 scripsisse:
494 1512 651 1590 Περικλῆς
680 1513 712 1574 δ’
741 1512 932 1590 ἀποθνήςκει
950 1515 1038 1577 κατὰ
1066 1515 1103 1577 τό
1131 1514 1238 1592 τρίτον
1266 1515 1339 1578 ἔτος
1366 1519 1423 1578 τοῦ

281 1623 588 1699 Πελοποννηςιακοῡ
610 1623 765 1698 πολέμου,
790 1619 867 1710 [ἐπ’]
892 1621 1051 1701 ἄρχοντος
1073 1624 1314 1701 Ἐπαμείνονος·
1340 1621 1424 1710 [ἀφ’

283 1730 328 1795 οὗ
351 1731 475 1795 ἕτεςιν
499 1729 599 1795 ὀκτὼ
621 1731 818 1809 πρότερον
835 1733 902 1809 τὴν
920 1732 1162 1798 Μακεδόνων
1186 1734 1424 1813 ἀρχὴνΠερ-

283 1841 413 1904 δίκκας
436 1841 719 1917 διαδεξάμενος
743 1841 941 1919 βαςιλειίει
964 1841 1036 1906 ἕως
1058 1842 1337 1930 Πειςάνδρου·]
1361 1845 1425 1925 ἐφ’

283 1949 328 2014 οὗ
351 1952 482 2031 τελευτᾷ
496 1971 529 2014 τε
544 1949 719 2028 Περδίκκας
739 1951 788 2013 καὶ
802 1953 860 2029 τὴν
877 1953 1034 2030 βαςιλείαν
1050 1953 1225 2031 Ἀρχέλαος
1240 1955 1425 2031 διαδέχεται.

283 2057 395 2141 Neque
418 2057 503 2121 enim
524 2057 682 2137 ἄρχοντος
704 2058 791 2122 vocis
814 2058 854 2121 ad
870 2059 1018 2123 Pisandri
1039 2083 1157 2125 nomen
1178 2062 1350 2146 requiritur
1372 2062 1425 2125 ad-

284 2167 506 2231 ditamentum.
552 2167 605 2230 Ab
637 2167 700 2231 illis
728 2171 836 2232 autem
870 2169 931 2249 ἀφ’
960 2169 999 2234 οὗ
1030 2171 1169 2252 proclive
1198 2174 1268 2234 erat
1295 2171 1334 2235 ad
1368 2173 1427 2253 ἐφ’

225 2269 226 2272 “
285 2276 324 2341 οὑ
347 2277 444 2340 verba
473 2277 621 2340 aberrare
644 2276 820 2341 librarium,
865 2278 916 2342 Ita
945 2281 1052 2343 autem
1079 2281 1140 2344 elsi
1168 2282 1239 2364 ipsa
1261 2281 1426 2364 scriptoris

284 2387 381 2450 verba
408 2388 558 2450 restituta
582 2407 649 2450 esse
671 2388 802 2451 minime
824 2388 903 2452 mihi
932 2410 1063 2474 arrogo,
1094 2394 1128 2454 at
1156 2391 1350 2455 sententiam
1379 2413 1427 2454 re-

284 2497 367 2581 quiri
395 2497 491 2580 plane
523 2496 658 2561 candem
686 2519 872 2580 persuasum
907 2498 1019 2562 habco.
1033 2499 1069 2583 *1
1125 2499 1255 2564 Etenim
1288 2501 1427 2584 primum

284 2628 414 2671 necesse
444 2609 492 2671 est
520 2610 716 2690 compertum
743 2607 892 2672 habuerit
920 2608 1106 2673 Athenaeus
1138 2609 1264 2693 imperii
1298 2610 1427 2673 initium

284 2715 471 2780 Perdiccae:
495 2716 637 2800 alioquin
660 2717 745 2781 enim
760 2739 826 2780 non
848 2717 1059 2803 intellegitur,
1084 2741 1140 2782 cur
1155 2741 1312 2784 summam
1327 2740 1426 2784 anno-

285 2847 373 2906 rum,
412 2847 490 2909 quos
517 2825 603 2890 idem
630 2827 791 2910 regnarit,
828 2830 921 2891 tantu
949 2812 1118 2892 sedulitate
1146 2829 1306 2912 exquirat:
1344 2829 1427 2913 qnod

286 2935 430 3018 profecto
458 2935 537 2998 fecit
564 2935 697 3017 iccirc0,
729 2940 766 2999 ut
787 2937 913 3020 imperii
941 2937 1071 3002 initium
1099 2938 1252 3002 Archelai
1280 2937 1428 3002 definiret

286 3044 526 3126 ratiocinand0,
549 3066 615 3108 non
638 3045 716 3109 item
738 3047 767 3110 ei
791 3050 998 3130 compertum.
1043 3046 1168 3111 Deinde
1190 3069 1274 3130 vere,
1299 3049 1427 3111 cumin

287 3175 396 3218 eorum
416 3157 525 3237 partes
549 3155 693 3237 cesserit,
724 3155 912 3242 qnxxffl
935 3179 1037 3220 annos
1061 3179 1132 3221 eum
1155 3178 1307 3242 regnasse
1329 3157 1427 3222 tradi-

287 3264 419 3347 dissent,
442 3263 477 3327 in
492 3265 661 3348 propatulo
685 3267 733 3328 est
754 3265 881 3348 imperii
902 3265 1031 3330 initium
1047 3267 1218 3330 Perdiccae
1241 3289 1312 3331 eum
1328 3269 1427 3330 rettu-

287 3375 361 3439 lisse
384 3374 424 3438 ad
446 3372 697 3458 Euthymcnem,
727 3373 781 3457 qui
804 3377 923 3438 archon
945 3375 1008 3439 fuit
1029 3376 1146 3460 olymp.
1170 3375 1320 3441 LXXXV
1341 3398 1428 3440 anno

288 3489 417 3569 quarto,
441 3484 501 3547 hoc
524 3486 573 3548 est
594 3488 666 3548 octo
689 3484 782 3548 annis
804 3487 880 3549 ante
902 3483 1146 3570 Epaminonem.

288 3693 489 3700 —-—-—.---—

356 3824 381 3890 *)
401 3821 506 3890 [Longe
525 3823 624 3876 saltem
643 3823 838 3892 simpliciorem
855 3824 927 3878 hauc
946 3824 1094 3894 supplendi
1114 3824 1189 3879 viam
1207 3843 1241 3879 ea
1258 3828 1325 3896 puto
1344 3841 1429 3892 quam

290 3913 525 3970 Gutschmidio
543 3917 634 3983 (meae
652 3917 772 3970 fortasse
790 3916 985 3986 disputationis
1002 3916 1112 3986 ignaro)
1130 3935 1219 3987 nuper
1236 3917 1372 3986 placuisse
1390 3916 1429 3969 vi-

290 4009 342 4062 deo
361 4005 510 4075 Symbolae
533 4007 627 4076 philol.
652 4008 738 4063 Bonn.
763 4027 789 4078 p.
812 4009 955 4063 1141111111
980 4010 1189 4078 Ἐπαμείνονος,
1211 4011 1328 4079 [ἐφ’,δν
1350 4011 1428 4062 ὀκτὼ

290 4103 379 4168 ἦρξαν
397 4101 455 4153 ἀπὸ
473 4101 636 4166 Λυςιμάχου,
655 4103 706 4168 ἐφ’
723 4103 756 4156 οὒ
775 4105 830 4168 τὴν
848 4103 985 4168 βαςιλείαν
1002 4103 1159 4170 Περδίκκας
1177 4105 1337 4169 διαδέχεται.
1355 4103 1429 4156 dicre

289 4193 464 4260 Πείςανδρον
486 4193 655 4260 εὑρίςκεςθαι
681 4197 734 4248 τδν
760 4197 957 4250 ἑκκαιδέκατον
980 4197 1103 4261 ἄρξαντα
1126 4198 1179 4250 ἀπ’
1208 4195 1427 4264 fronehoven]

291 4287 341 4352 ἐφ’
358 4287 393 4339 οὐ
411 4289 529 4355 τελευτᾷ
547 4287 701 4354 Περδίκκας
720 4305 743 4340 e.
764 4303 789 4354 q.
809 4305 829 4340 s.
868 4288 899 4340 ln
922 4287 1021 4356 quibus
1037 4287 1119 4352 illud,
1143 4287 1218 4356 quod
1240 4303 1301 4342 esse
1324 4289 1375 4355 ἐφ’
1393 4289 1430 4340 ὃν

291 4377 391 4443 voluit,
408 4395 493 4447 aegre
512 4379 577 4446 quid
595 4379 647 4432 sibi
665 4379 733 4434 velit
750 4379 887 4450 expedio]
