3254 5092
238 352 301 415 204
581 367 738 413 πκιιτκλκ
760 365 1021 412 νιιοκκαοιιιινλ

322 523 352 585 5.
396 523 486 600 Μέρη
516 525 572 598 τῆς
605 520 772 603 κωμῳδία(
805 521 858 584 είςὶ
887 519 1035 597 τέςςαρα,
1069 517 1248 596 πρόλογος,
1281 518 1376 594 μέλος

239 635 356 709 χοροῦ,
384 631 490 710 τρίτον
513 630 692 695 ἐπειςόδιον
715 632 765 694 καὶ
786 629 939 708 τέταρτον
963 630 1084 695 ἔξοδος.
1133 627 1187 691 Καὶ
1212 627 1376 704 πρόλογος

237 743 295 819 μέν
318 742 380 804 ἐςτι
402 742 439 805 τό
462 742 551 819 μέχρι
572 745 631 804 τού
654 745 755 819 χοροῦ
778 745 833 818 τῆς
856 739 995 804 εἰςόδου·
1018 742 1036 817 ἡ
1060 741 1095 803 δέ
1116 737 1180 818 ἅμα
1201 743 1238 821 τῇ
1262 736 1374 818 εἰςόδῳ
1389 761 1415 800 ιι

124 903 132 918 .
237 855 295 914 τοῦ
311 855 413 929 χοροῦ
437 851 592 929 λεγομένη
617 851 702 929 ρῖγςις
724 852 819 929 μέλος
840 853 981 914 καλεῖται
1000 852 1116 928 χοροῦ·
1138 847 1317 912 ἐπειςόδιον
1340 847 1376 910 δέ

237 961 320 1024 ἐςτιν
349 961 445 1039 μέλος
473 962 587 1038 μεταξύ
615 962 722 1038 μελῶν
750 962 801 1025 καὶ
823 961 946 1039 ῥήςεων
969 960 1028 1023 δύο
1052 963 1175 1038 χορῶν·
1207 957 1318 1024 ἔξοδος
1341 957 1376 1020 δέ

237 1071 319 1135 ἐςτιν
341 1072 360 1148 ἡ
389 1071 471 1149 πρὸς
497 1076 542 1154 τῷ
571 1071 653 1134 τέλει
681 1076 739 1135 τοῦ
767 1075 868 1150 χοροῦ
897 1071 991 1149 ῥῆςις.
1037 1070 1092 1132 Καὶ
1119 1073 1219 1133 ταῦτα
1242 1069 1299 1146 μέν
1321 1067 1376 1132 είςι

237 1181 275 1244 τὰ
298 1181 375 1260 μέρη
397 1184 453 1256 τῆς
476 1180 659 1262 κωμῳδίας·
682 1181 759 1259 μέρη
782 1183 818 1245 δέ
832 1180 1044 1260 παραβὰςεως
1065 1179 1154 1244 ἑπτά.
1198 1178 1319 1257 Πριῖιτα
1341 1179 1376 1241 δέ

236 1291 275 1353 τὰ
298 1289 472 1355 Διονυςίου
500 1292 550 1353 καὶ
575 1291 732 1369 Κράτητος
760 1292 810 1354 καὶ
832 1290 1001 1355 Εὐκλείδου
1028 1289 1143 1368 ῥητέον
1167 1309 1234 1366 μοι,
1267 1289 1415 1352 ἐπειταιο

237 1401 286 1462 καὶ
308 1401 347 1463 τά
368 1401 504 1477 ἡμέτερα
526 1403 625 1463 ταῦτα
645 1404 756 1480 ςαφιῖις
777 1401 978 1466 ἐκδιδάξαντι.
1019 1399 1102 1464 Οὐδὲ
1124 1400 1185 1478 γὰρ
1201 1398 1270 1462 οὐδ’
1293 1397 1375 1477 ἁβρὰ

172 1517 220 1566 115
238 1509 378 1592 τράπεζα
392 1512 432 1588 μὴ
456 1511 533 1588 μετὰ
548 1515 671 1590 τροφῆς
687 1510 811 1588 εὐδίαν,
834 1510 910 1574 οὐδὲ
925 1511 1047 1588 γαλήνη
1068 1511 1108 1588 μὴ
1125 1510 1202 1587 μετὰ
1216 1507 1374 1587 τρικυμίας
1390 1528 1401 1566 ι

237 1621 287 1682 καὶ
315 1619 465 1684 κλύδωνα
492 1621 561 1684 οὐδ’
581 1621 601 1697 ἡ
625 1620 782 1699 ὡραιότης
803 1621 852 1684 καί
875 1620 971 1699 ἀρετὴ
995 1621 1044 1683 καί
1075 1621 1164 1698 χάρις
1186 1622 1244 1682 τού
1276 1617 1375 1692 λόγου

238 1732 343 1809 ςαφὴν
366 1733 522 1795 τοςούτον
546 1729 635 1794 οίδεν
659 1731 859 1810 εὐφραίνειν,
888 1731 975 1809 εἰμὴ
999 1730 1076 1808 μετὰ
1097 1731 1155 1806 τὴν
1178 1729 1245 1791 κατ’
1267 1728 1375 1806 Ἐμπε-

236 1841 353 1904 δοκλέα
375 1841 609 1918 μελάγκουρον,
639 1841 717 1904 κατὰ
739 1843 775 1904 δέ
797 1841 933 1918 Τζέτζην
956 1841 1084 1903 Τούλαν
1106 1840 1157 1902 καὶ
1181 1837 1375 1916 Κερκεςύραν

236 1950 482 2028 περιεπεςτάτην
517 1949 683 2030 ὐςαφείας·
717 1951 766 2014 καί
799 1952 919 2028 μᾶλλον
951 1950 977 2014 εί
1007 1951 1122 2030 ςοφοῖς
1153 1949 1262 2024 λόγοις
1295 1946 1373 2025 αὐτὴ
1401 1963 1413 2002 ⁵

237 2059 332 2142 ἑαυτῇ
362 2058 585 2138 ἀντιβαίνουςα
612 2059 732 2135 γίνοιτο
762 2060 816 2124 ὁτὲ
843 2062 900 2138 μέν
929 2060 1059 2138 ἀρνίον,
1088 2059 1144 2122 ότέ
1171 2060 1207 2123 δὲ
1233 2059 1374 2137 τραγίον,

237 2169 289 2232 ότέ
318 2170 353 2233 δέ
376 2168 557 2247 κόνδουρον
584 2169 782 2248 ἀειδούριον,
815 2171 865 2233 καὶ
891 2171 930 2248 δὴ
959 2169 1193 2248 κριτικωτάταις
1222 2169 1374 2246 ἠκροᾶςθε

236 2281 304 2342 ταῖς
327 2279 444 2342 ἀκοαῖς.
487 2279 523 2342 Ὁ
546 2279 644 2357 χορός
666 2300 762 2359 φαςιν
784 2279 803 2342 ὁ
825 2280 961 2357 κωμικός
983 2279 1123 2357 είςήγετο
1146 2285 1182 2362 τῇ
1207 2278 1376 2360 ὀρχήςτρᾳ,

237 2391 276 2466 ἣν
292 2389 341 2452 καὶ
357 2391 486 2463 λογεῖον
509 2391 683 2468 καλοῦμεν,
708 2390 757 2453 καί
779 2390 1006 2468 διαλεγόμενος
1028 2391 1084 2468 μὲν
1108 2392 1175 2453 τοῖς
1193 2387 1375 2465 ὑποκριταῖς

236 2499 362 2577 μέτροις
390 2498 526 2578 ἑτέροις,
554 2500 636 2576 πρός
662 2502 721 2578 τὴν
744 2501 860 2577 ςκηνήν
883 2500 970 2578 ἑώρα
997 2502 1052 2576 τῆς
1075 2497 1255 2581 κωμῳδίας·
1278 2497 1374 2561 ἀπελ-
1389 2523 1413 2560 1⁰

236 2608 361 2673 θόντων
385 2610 420 2672 δέ
442 2614 508 2673 τῶν
531 2607 712 2687 ὑποκριτῶν
735 2609 817 2686 πρός
839 2609 896 2674 τὸν
919 2613 1020 2687 δῆμον
1043 2609 1148 2687 ὁρῶν,
1173 2609 1208 2672 ἐκ
1229 2607 1375 2686 τετραμέ-

235 2740 322 2798 τρων
352 2723 383 2790 ιζ’
411 2719 533 2797 ςτίχους
562 2718 774 2782 ἀναπαίςτους
803 2719 995 2799 ἐφθέγγετο,
1029 2719 1079 2782 καὶ
1106 2722 1203 2781 τούτο
1232 2718 1374 2782 ἐκαλεῖτο

237 2830 374 2909 ςτροφή·
397 2827 465 2892 εἶτα
487 2828 615 2906 ἑτέρους
639 2827 801 2891 ἑκκαίδεκα
823 2829 990 2893 τοιούτους
1012 2828 1204 2908 ἐφθέγγετο,
1233 2828 1281 2890 καί
1304 2828 1374 2890 ἐκα-

236 2940 322 3002 λεῖτο
344 2940 441 3001 τοῦτο
465 2936 690 3016 άντίςτροφος·
717 2937 799 3017 ἅπερ
829 2939 995 3019 ἀμφότερα
1018 2938 1048 3002 οἱ
1069 2939 1198 3001 παλαιοὶ
1220 2937 1375 3014 ἐπίρρημα

237 3048 361 3123 ἔλεγον.
413 3049 448 3111 Ἡ
478 3047 537 3125 ὅλη
571 3048 606 3110 δέ
634 3047 779 3125 πάροδος
803 3051 861 3112 τού
894 3052 996 3127 χοροῦ
1025 3050 1162 3112 καλεῖται
1191 3047 1412 3125 παράβαςιςικ

236 3158 294 3221 Ἂν
317 3156 377 3221 οὐν
400 3157 443 3219 ὡς
466 3156 501 3220 ἐκ
523 3157 650 3221 πόλεως
672 3156 794 3236 ἐβάδιζε
816 3159 898 3236 πρὸς
919 3159 957 3222 τό
980 3158 1132 3236 θέατρον,
1158 3157 1210 3221 διὰ
1231 3161 1286 3234 τῆς
1309 3157 1374 3237 ἀρι-

236 3269 346 3346 ςτεράς
375 3266 493 3345 ἀψῑδος
520 3265 662 3345 ἔβαινεν,
691 3265 717 3330 εἰ
745 3267 779 3330 δ’
807 3267 851 3330 ὡς
878 3266 937 3330 ἀπ’
965 3268 1084 3345 ἀγρού,
1112 3267 1163 3331 διά
1191 3272 1245 3345 τῆς
1273 3270 1375 3332 δεξιᾶς

236 3377 271 3441 ἐν
292 3376 556 3454 τετραγωνίζοντι
582 3381 640 3441 τοῦ
663 3381 766 3455 χορού
789 3377 895 3460 τύπῳ,
924 3377 1007 3456 πρὸς
1034 3377 1154 3454 μόνους
1182 3376 1271 3454 δρῶν
1299 3377 1374 3439 τοὺς

236 3486 422 3565 ὑποκριτάς·
451 3485 499 3550 ὧν
522 3487 718 3553 ἐξελθόντων
742 3487 760 3550 ὁ
782 3488 880 3565 χορός
903 3486 1030 3551 ἑπτάκις
1054 3487 1269 3566 ςτρεφόμενος
1291 3487 1373 3563 πρός

236 3595 402 3678 ἀμφότερα
417 3596 547 3674 τὰμέρη
567 3600 626 3660 τού
649 3597 750 3674 δήμου
771 3597 871 3678 ἐώρα·
893 3596 930 3660 τό
953 3598 987 3660 δ’
1009 3597 1232 3678 ἑπτάςτροφον
1249 3595 1372 3674 όρχημα
1386 3617 1412 3656 ιο

235 3709 332 3770 τούτο
355 3707 531 3785 παράβαςις
559 3706 701 3770 ἐκαλεῖτο
731 3713 776 3790 τῷ
804 3707 906 3783 γένει,
938 3707 987 3770 καὶ
1009 3706 1028 3783 ἡ
1051 3707 1163 3784 πρώτη
1186 3708 1222 3769 δέ
1246 3705 1373 3783 ὄρχηςις

236 3815 416 3894 ὁμωνύμως
442 3819 488 3898 τῷ
511 3817 596 3890 γένει
618 3817 808 3896 παράβαςις,
837 3817 874 3879 τό
897 3815 1005 3894 τρίτον
1027 3817 1149 3895 μακρόν
1177 3817 1227 3879 καὶ
1249 3819 1374 3891 πνῖγος,

235 3926 273 3989 τό
296 3925 450 4002 τέταρτον
473 3927 540 4007 ᾠδὴ
564 3927 613 3989 καὶ
636 3928 777 4005 (τροφὴ,
799 3925 836 3988 τό
858 3926 1005 4003 πέμπτον
1028 3926 1201 4004 ἐπίρρημα,
1224 3926 1261 3989 τό
1280 3925 1373 3990 ἕκτον

303 4109 343 4156 31.
356 4102 410 4168 καί]
424 4102 453 4153 δὲ
466 4099 525 4153 cod.
579 4099 814 4154 θλεύδειανοοιλ.
872 4101 906 4168 [3.
925 4079 1179 4170 ςαφήνειαῖΡ.Ιῖ,]
1238 4102 1373 4168 [mpu-

236 4195 390 4261 πεςτάτην,
413 4209 468 4246 ιιοιι
492 4193 715 4261 περιεπιςτάτην,
739 4193 798 4245 cod.
881 4199 921 4246 20.
945 4195 1067 4260 όρχημα,
1095 4211 1150 4246 non
1173 4196 1278 4262 ύχημα,
1302 4193 1373 4262 αοελ]

236 4290 276 4336 21.
292 4287 321 4338 Ἡ
337 4287 386 4350 μέν
399 4287 450 4338 οὐν
469 4286 569 4354 πρώτη
584 4288 692 4352 ὄρχηςις
712 4285 865 4350 κομμάτιον
877 4288 1002 4350 ἐλέγετο,
1023 4289 1039 4350 ἡ
1054 4287 1083 4339 δέ
1095 4287 1212 4352 δευτέρα
1225 4287 1374 4352 παράβαςις

236 4379 394 4443 ὁμωνύμως
413 4383 455 4444 τῷ
473 4380 547 4442 γένει
565 4380 693 4432 ἐκαλεῖτο
711 4377 796 4432 codex
815 4377 962 4431 Parisinus.
