3254 5086
242 365 307 431 570
530 381 792 431 cuononoewn
814 382 1097 431 vmnosounusn.

242 537 316 620 503,
340 535 584 600 Boissonadium
606 535 621 598 Ι
644 557 676 618 p.
702 536 773 601 139.
815 535 879 600 Pro
902 537 1110 621 ἐκγελαεθήεῃ
1133 535 1235 600 scribe
1258 538 1314 598 aut
1334 556 1386 611 γε-

243 647 379 732 λαεθήεῃ
402 649 458 709 aut
478 647 585 731 potius
608 647 869 731 καταγελατθήτῃ.

327 757 368 821 47
398 755 574 824 (εκοῦνδοτ
603 756 622 822 ὁ
652 757 846 840 φιλότοφοτ]
880 755 956 820 Νοπ
989 755 1058 819 sine
1088 753 1239 841 gravibus
1271 754 1387 820 discre-

243 867 363 954 pantiis
391 869 520 930 exstant
546 866 627 931 haec
655 866 840 946 ὁμοιώματα
868 865 903 930 in
934 865 1072 931 Secundi
1101 864 1234 930 Gnomis
1268 888 1299 949 p.
1323 865 1388 930 220

243 977 305 1041 vol.
328 976 345 1040 Ι
367 976 483 1060 Orell.‚
512 977 547 1040 in
569 975 706 1048 Antonii
732 976 880 1040 Melissae
908 974 1008 1041 Serm.
1032 974 1153 1041 CXXII
1173 999 1206 1059 p.
1231 975 1309 1057 194,
1332 974 1385 1058 38,

243 1087 277 1150 in
299 1084 501 1150 Boissonadii
523 1085 646 1150 Anecd.
670 1085 686 1149 I
703 1108 736 1170 p.
755 1087 826 1164 117,
848 1107 1006 1171 nusquam
1026 1089 1136 1151 tamen
1151 1085 1276 1170 plenius
1291 1105 1388 1169 quam

243 1196 277 1260 in
299 1196 418 1260 nostris
440 1195 744 1282 Apophthegmatis.

328 1307 370 1371 48
392 1307 648 1391 ιυνεεθιόμενον]
670 1307 919 1387 ευνειτιῶμενον
941 1305 1020 1371 duce
1040 1305 1187 1370 Gudiano
1210 1303 1329 1388 codice,
1352 1305 1389 1369 in

243 1439 305 1502 quo
328 1418 378 1481 est
400 1416 657 1497 ιυνεετιόμενον,
679 1436 753 1480 vere
776 1414 913 1481 correxit
935 1415 1073 1482 Orellius
1095 1439 1126 1500 p.
1150 1415 1224 1484 569.

328 1527 369 1592 53
391 1528 528 1611 μοιχῶν]
551 1525 692 1608 μοιχεία(
713 1526 763 1591 vel
785 1531 937 1607 μοιχειῶν
959 1529 1134 1611 exspectes.

328 1636 371 1702 54
450 1636 530 1703 ἔδει
550 1639 624 1717 γὰρ
645 1637 744 1717 ἡμᾶς
765 1642 817 1722 τῷ
840 1639 916 1719 θεῷ
939 1633 1065 1710 θύειν,
1088 1635 1185 1702 ὅταν

445 1749 544 1827 γυνὴ
568 1747 863 1827 κατορύττηται
885 1747 1012 1830 τάφῳ,
1036 1746 1107 1827 οὐχ
1130 1747 1224 1811 ὅταν
1247 1752 1361 1829 γαμῇι

245 1858 364 1922 senarii
386 1879 403 1922 e
427 1856 629 1922 comoedia
651 1856 765 1940 petiti,
786 1858 823 1919 ut
840 1855 975 1921 videtur.
1012 1853 1122 1942 [ιγαμῇ
1138 1855 1190 1938 R„
1215 1854 1297 1939 quod
1317 1875 1389 1939 pro-

245 1967 315 2032 bari
337 1970 458 2050 potest,
481 1967 508 2031 si
531 1969 692 2030 auctorem
713 1965 808 2029 huius
830 1987 939 2030 versus
961 1966 1027 2028 tale
1049 1964 1125 2049 quid
1146 1963 1311 2048 scripsisse
1332 1986 1390 2048 pu·

245 2081 365 2142 murus:
388 2081 521 2156 γυναῖκα
543 2077 717 2161 κατορύττῃ
738 2096 800 2153 τιτ,
823 2076 883 2156 οὐχ
906 2075 985 2142 ὅταν
1006 2081 1114 2161 γαμῇ.»
1144 2073 1346 2164 Meinekius.]

329 2185 371 2252 55
391 2190 526 2266 γυναῖκα
546 2187 621 2271 γὰρ]

447 2300 615 2374 γυναῖκα
637 2297 799 2363 θάπτειν
821 2296 1005 2379 κρεῖττόν
1029 2296 1130 2362 ἐττιν
1152 2297 1171 2375 ἢ
1193 2298 1346 2375 γαμεῑνι

246 2408 421 2473 versiculus
443 2407 510 2472 sive
533 2405 759 2473 Chaeremonis
782 2405 866 2490 apud
889 2405 979 2472 Stob.
999 2403 1148 2489 LXVHI,
1171 2405 1213 2468 22
1235 2405 1301 2470 sive
1322 2403 1390 2469 Me·

246 2518 362 2582 nandri
390 2518 479 2583 Sent.
508 2517 592 2603 sing.
625 2517 667 2582 95
696 2515 841 2602 (Brunek
869 2514 985 2580 Gnom.
1015 2515 1101 2602 114).
1153 2517 1300 2600 [γυναῖκα
1326 2515 1391 2596 γὰρ

246 2630 377 2694 θάπτειν
400 2627 559 2712 (ἄμεινον)
581 2628 600 2706 ἢ
622 2630 734 2707 γαμεῖν
758 2625 880 2710 placuit
895 2624 1057 2691 Meinekio
1071 2648 1105 2709 p.
1120 2624 1163 2704 L,
1185 2623 1239 2708 qui
1261 2623 1300 2688 de
1314 2621 1390 2688 Phi·

246 2738 370 2803 lemone
394 2737 549 2823 cogitavit
569 2736 606 2800 in
627 2736 732 2800 locum
755 2735 982 2802 Chaeremonis
1005 2734 1134 2821 (Nauck
1155 2734 1253 2820 Trag.
1273 2754 1323 2820 gr.
1346 2733 1388 2799 fr.

246 2871 278 2932 p.
295 2847 371 2933 613)
392 2846 613 2910 substituendo
627 2845 715 2912 Com.
733 2866 782 2932 gr.
798 2845 839 2910 fr.
855 2843 903 2911 IV
918 2867 950 2930 p.
967 2845 1053 2930 690]
1087 2843 1149 2910 Sed
1170 2844 1263 2928 plura
1291 2843 1391 2909 etiam

246 2957 280 3021 in
311 2956 362 3020 his
399 2956 545 3021 turbata:
589 2955 652 3021 alio
689 2956 775 3020 enim
806 2955 971 3040 pertinent
1003 2956 1244 3036 τυραννικὸν
1279 2955 1390 3020 τοῦτ’

247 3067 344 3145 teri,
367 3065 495 3131 initium
516 3070 553 3131 ut
573 3066 699 3131 videtur
721 3065 856 3145 senarii,
881 3064 968 3131 cuius
990 3065 1111 3149 reliqua
1134 3063 1331 3129 exciderunt.

330 3176 372 3242 56
401 3179 482 3257 γυνὴ
515 3177 647 3262 θηρίων]
679 3175 799 3241 Versus
832 3175 911 3240 item
942 3174 1152 3240 Menandrius
1183 3174 1247 3240 248
1276 3171 1389 3258 Mein,

249 3286 308 3351 127
331 3285 489 3351 Brunck.:

299 3408 303 3418 '
449 3402 584 3479 θηρῶν
607 3396 793 3463 ἁπάντων
816 3394 1039 3478 ἀγριωτέρα
1060 3395 1172 3474 γυνήε

248 3506 301 3592 qui
323 3509 434 3571 tamen
455 3527 515 3571 nec
537 3504 710 3570 Menandri
731 3527 791 3570 nec
813 3505 1002 3590 antiquioris
1023 3507 1137 3588 poetae
1156 3525 1225 3569 asse
1246 3505 1363 3588 potest.

331 3617 371 3682 57
448 3620 629 3697 κρεῑεεον
659 3617 733 3697 γάρ
755 3616 859 3683 ἐετιν
888 3615 944 3683 εἰ(
972 3621 1047 3696 πθρ
1074 3618 1094 3695 ἢ
1123 3615 1175 3682 εἰ(
1198 3615 1303 3695 ὕδωρ
1324 3635 1391 3681 πε-

652 3747 748 3792 cerv:

247 3859 354 3902 rursus
377 3835 494 3902 senarii
517 3836 654 3922 vestigia
675 3835 865 3921 manifeste,
893 3835 986 3900 modo
1014 3835 1058 3902 sle
1080 3839 1146 3916 πῦρ
1173 3835 1262 3921 ἐττιν,
1285 3837 1391 3899 trans·

246 3947 403 4032 posueris3
426 3945 481 4010 sed
502 3950 687 4033 repugnant
707 3945 862 4030 proxima.

331 4057 373 4123 59
399 4057 605 4142 Ἀντιφάνηε]
631 4055 745 4121 Eidem
774 4056 885 4121 cadem
911 4055 1096 4120 tribuuntur
1123 4055 1158 4120 in
1188 4052 1392 4119 Boissonadii

248 4166 371 4232 Anecd.
395 4167 409 4230 l
432 4189 464 4250 p.
491 4167 561 4232 125.
611 4166 822 4232 Νιιιιιοτοιιιιιι
849 4166 973 4231 nullum
999 4165 1035 4230 in
1061 4167 1111 4230 his
1139 4163 1326 4250 vestigium:
1354 4167 1393 4228 ut

248 4277 287 4340 de
308 4276 438 4340 nomine
460 4298 581 4362 magna
602 4275 760 4341 dubitatio
782 4275 914 4342 oriatur.
960 4273 1132 4364 [Ἀντιφῶν
1155 4273 1292 4340 coniecit
1312 4273 1393 4338 Mei-

248 4385 385 4476 nekius]
