3254 5092
238 331 299 394 160
537 347 786 395 conomaruvn
809 346 1076 396 nrsrvrsrrours

235 521 350 586 graece
377 505 504 565 tantum
531 500 634 564 docto.
672 499 717 564 Vt
749 501 849 585 igitur
878 503 1089 583 revertamur,
1123 499 1207 562 unde
1239 497 1377 582 profecti

235 633 356 674 sumus2
389 611 472 695 quod
504 610 554 675 vel
587 631 654 674 esse
687 632 795 674 verum
822 610 873 674 vel
905 632 997 694 posse
1030 631 1097 674 esse
1127 609 1166 673 de
1194 609 1374 693 Aegyptiis,

235 720 406 804 Hebraeis,
436 721 541 784 Persis
564 721 793 804 intelleximus,
822 742 899 804 quos
922 720 1047 804 quidem
1070 720 1188 803 partim
1210 717 1376 802 Syncellus

234 853 265 914 p.
289 832 395 896 2711)
417 831 535 914 partim
556 830 758 914 Epiphanius
780 830 819 894 de
841 830 936 914 pond.
961 834 994 894 et
1015 852 1116 893 mens.
1139 852 1167 893 c.
1189 830 1209 892 9
1231 829 1374 892 nomina-

234 941 292 1004 tim
325 945 589 1023 commemorant,
623 940 697 1024 quid
731 944 781 1004 cst
808 962 863 1003 cur
895 963 961 1004 non
995 940 1092 1004 ctiam
1120 940 1153 1003 in
1182 939 1374 1022 reliquorum

234 1051 386 1133 quosdam
408 1072 479 1114 cum
502 1050 565 1112 illis
589 1051 840 1114 consociaturum
863 1050 975 1114 cadere
998 1049 1207 1113 concedamus
1229 1049 1373 1132 quamvis

233 1160 486 1226 testimoniorum
509 1159 571 1222 fide
593 1158 761 1223 destituti?

765 1423 838 1502 aa.

469 1557 523 1623 De
545 1558 755 1623 Pisistrati
780 1557 884 1621 curis
905 1556 1139 1621 Homericis.

316 1711 558 1774 Transeundum
587 1714 635 1774 est
663 1710 703 1773 ad
731 1709 933 1794 quaestiones
958 1708 1161 1773 Homericas:
1191 1709 1231 1772 de
1257 1709 1371 1793 quibus

232 1842 303 1912 cum
331 1824 386 1884 aut
414 1821 495 1884 nihil
519 1819 797 1885 commentandum
825 1820 868 1883 sit
895 1823 950 1882 aut
978 1819 1059 1882 liber
1086 1818 1288 1902 scribendus,
1318 1820 1370 1884 hic

231 1929 358 2012 quidem
373 1931 680 2013 praetermittemus,
704 1917 910 2014 quaecunque
925 1931 965 1992 ad
986 1929 1089 2012 ipsum
1109 1929 1275 1993 historiam
1291 1929 1322 1994 h.
1340 1952 1367 1994 e.

232 2061 302 2102 erun
324 2041 465 2124 origines
488 2043 554 2103 turn
576 2040 811 2104 vicissitudines
834 2040 1010 2103 carminum
1033 2039 1274 2104 Homericorum
1299 2061 1369 2124 per·

229 2149 353 2212 tinent:
379 2150 507 2213 tametsi
529 2150 564 2213 in
586 2150 647 2214 hoc
668 2171 786 2234 genere
809 2153 842 2212 et
863 2148 1064 2213 doctissimus
1087 2149 1307 2234 Nitzschius*)
1331 2171 1369 2214 ea

231 2262 343 2321 contra
371 2280 429 2322 nos
457 2280 560 2342 nuper
585 2259 775 2342 disputavit,
805 2259 918 2342 quibus
946 2280 1061 2344 operae
1089 2259 1227 2342 pretium
1254 2259 1296 2323 sit
1321 2281 1368 2323 re-

229 2367 385 2450 spondere
407 2369 601 2451 accuratius,
626 2371 658 2432 et
675 2390 749 2432 vero
772 2371 823 2431 sat
845 2368 944 2453 digna
966 2371 1142 2432 memoratu
1164 2390 1221 2452 per
1243 2369 1368 2434 litteras

229 2477 474 2542 humanissimas
496 2479 645 2542 Lehrsius
667 2479 834 2543 nobiscum
857 2478 1114 2542 cormnunicavit.
1153 2478 1366 2543 Subsistemus

228 2586 327 2670 igitur
359 2589 392 2651 in
426 2590 470 2652 eis
503 2588 597 2671 ipsis,
631 2609 711 2672 quae
740 2610 757 2652 e
784 2587 901 2652 'I'zetza
929 2579 1098 2652 Plautinus
1129 2588 1301 2654 scholiasta
1334 2593 1367 2652 et

228 2697 457 2780 grammaticus
491 2698 655 2762 Parisinus
688 2700 923 2781 excerpsemnt.
979 2699 1029 2762 Ac
1061 2698 1101 2761 de
1133 2699 1263 2783 reliquis
1295 2721 1366 2780 cum

228 2807 306 2869 satis
328 2807 413 2870 inter
433 2811 601 2892 utrumque
624 2808 809 2892 conveniat,
838 2829 937 2872 unum
959 2811 1008 2871 est
1029 2810 1171 2891 tantum,
1201 2809 1284 2892 quod
1309 2831 1367 2894 per

228 2935 262 2977 se
294 2915 502 2999 disceptabile
533 2917 635 2980 risum
668 2918 771 3002 magis
804 2921 1042 2982 controversum
1074 2916 1216 2982 redditur
1248 2939 1365 3003 graeco

227 3024 420 3088 testimonio.
465 3024 549 3090 Nam
578 3031 738 3110 Concylum
767 3049 837 3091 cum
867 3027 1054 3091 dixissemus
1084 3048 1152 3092 esse
1182 3033 1363 3110 Corrctylum

227 3133 379 3217 aliquem:
403 3135 665 3218 quemadmodum
680 3159 709 3201 v.
726 3138 769 3202 34
784 3143 987 3202 Callimachus
1001 3137 1150 3208 scribitur
1167 3143 1362 3204 Callimacru:

227 3243 304 3306 illud
326 3265 444 3324 nomen
465 3267 507 3310 ne
534 3248 642 3331 graeci
671 3246 795 3330 quidem
823 3245 977 3310 sermonis
1005 3247 1144 3330 speciem
1165 3249 1264 3314 ullam
1286 3270 1363 3333 prae

57 3347 62 3355 “
176 3367 207 3413 aa
226 3373 260 3416 se
287 3353 371 3417 ferre
393 3353 618 3438 Bernhardyus
648 3356 813 3420 contendit
840 3377 871 3438 p.
896 3355 969 3421 835.
1015 3356 1104 3431 Quod
1132 3357 1283 3422 iudicium
1310 3361 1363 3423 vix

226 3463 420 3546 exspectaris
442 3469 551 3528 atam
578 3464 672 3529 docto
699 3465 777 3528 viro.
822 3463 904 3539 Quid
931 3465 1017 3529 enim
1043 3465 1121 3530 illud
1149 3471 1198 3532 est
1219 3469 1361 3553 tandem,

226 3593 282 3634 cur
314 3595 380 3638 non
408 3575 548 3655 εικόγχη
580 3575 698 3656 κόγχοι
728 3576 816 3638 recte
843 3577 938 3658 atque
970 3575 1081 3640 ordine
1113 3576 1195 3640 fiant
1221 3580 1361 3661 κογχύλη

292 3801 316 3868 *)
336 3801 566 3869 [mueumatum
588 3801 623 3857 de
645 3801 762 3856 historia
779 3800 893 3857 Homeri
914 3805 980 3857 fasc.
999 3803 1025 3856 II
1043 3821 1142 3860 comm.
1161 3801 1199 3858 [v
1216 3806 1361 3881 particula,

222 3893 251 3945 in
270 3909 325 3960 qua
342 3893 500 3964 disputatur
518 3895 552 3948 de
564 3893 712 3949 Pisistrato
724 3895 932 3950 Homericorum
950 3895 1102 3950 carminum
1119 3897 1307 3954 instauratore
1324 3899 1361 3953 ad

223 3985 347 4040 scholion
366 3986 524 4041 Plautinrnn
541 4005 629 4056 nuper
646 3989 817 4056 repertum':
840 4005 911 4055 quae
934 3987 1087 4058 disputatio
1104 3989 1194 4046 Kiliae
1212 3991 1316 4060 prodiit
1333 4009 1358 4044 a.

224 4083 296 4132 1839.
334 4077 421 4144 Quem
443 4083 543 4149 postea
564 4080 652 4134 lenius
669 4079 840 4134 iudicantem
857 4083 986 4150 expertus
1008 4100 1068 4136 sum
1090 4083 1118 4136 in
1137 4101 1170 4137 co
1188 4083 1259 4138 libro
1278 4099 1357 4150 quem

223 4169 427 4239 ‘Segenpoesie
449 4172 499 4227 der
521 4171 673 4227 Griechen’
695 4171 848 4241 inscripsit,
870 4191 897 4242 p.
921 4180 971 4228 310
994 4192 1054 4244 sqq.
1093 4175 1255 4231 Graviorem
1279 4177 1359 4230 nobis

222 4261 423 4331 adversarium,
446 4283 614 4334 quamquam
635 4265 753 4319 cundem
776 4265 979 4332 suavissimum,
1003 4268 1141 4323 exstitisse
1159 4269 1302 4323 Lehrsium
1320 4271 1358 4322 in·

221 4355 379 4424 tellegimus
397 4358 424 4410 in
444 4359 626 4414 ‘Aristarchi’
646 4359 687 4412 sui
706 4358 827 4412 editione
846 4361 936 4413 altera
954 4379 980 4428 p.
999 4363 1153 4429 itt-450}
