3272 5088
534 379 692 428 uroursu
713 379 1066 430 samosausssausrs.
1309 361 1372 427 475

231 536 353 600 formae
380 532 504 598 mediae
511 584 520 617 ,
551 533 710 598 foliorum'
726 534 799 617 319,
829 533 896 597 cius
925 536 1033 597 autem
1060 533 1252 617 scriptume,
1285 531 1373 596 cuius
1498 619 1501 628 1

233 645 413 728 exemphun
439 643 540 728 lapidi
566 643 756 727 inscriptum
785 643 871 708 infre
899 643 1100 708 subiecimus.
1150 643 1244 707 Alter
1266 645 1373 707 autem

233 755 419 837 Ohisianm,
464 757 595 838 propter
631 753 765 818 eximiae
800 752 1048 837 pulchritudinis
1086 757 1119 817 et
1155 752 1373 837 praestantiae

232 866 353 930 famam
381 864 582 928 anobismet
610 863 704 948 ipsis,
735 885 807 928 cum
833 863 872 928 de
901 863 1023 928 edendo
1056 862 1211 948 Dionysio
1241 863 1373 927 minime
1445 945 1448 950 Ι

234 975 471 1061 cogitabamus,
503 973 625 1038 Romae
653 976 832 1058 inspectus,
863 974 919 1038 ubi
941 974 1039 1038 etiam
1060 995 1148 1039 nunc
1169 974 1255 1038 inter
1275 973 1373 1037 libros

232 1086 414 1170 principum
437 1089 524 1164 Obiqr'
544 1087 704 1168 servabar,
727 1084 877 1149 foliorum
898 1084 953 1148 ille
975 1085 1037 1150 599
1059 1085 1182 1148 formae
1203 1083 1372 1166 maximae,

232 1199 327 1260 tanta
353 1193 516 1280 elegantia
543 1195 578 1259 in
605 1195 800 1260 membranis
827 1198 986 1279 exaratus,
1014 1198 1167 1279 quantam
1201 1215 1268 1259 non
1295 1195 1374 1258 satis

233 1305 382 1370 exomni
409 1307 501 1389 parte
528 1305 631 1370 nostri
659 1327 711 1370 ars
735 1305 935 1390 lithographi
961 1308 1107 1370 assecuta
1130 1305 1188 1388 sit,
1217 1304 1259 1369 ab
1280 1303 1374 1368 initio

235 1419 342 1480 autem
363 1414 512 1499 Dionysii
540 1415 682 1500 imagine
709 1419 857 1498 ornabis,
884 1436 965 1500 quae
989 1437 1027 1480 ex
1049 1415 1293 1480 Montcfalconii
1315 1413 1375 1478 Pa-

234 1525 443 1610 laeographia
473 1545 591 1610 graeca
617 1547 649 1608 p.
670 1525 713 1590 24
739 1526 774 1589 in
796 1525 1005 1590 Reiskianam
1035 1525 1207 1590 editionem
1232 1524 1373 1607 transiit,
1410 1507 1415 1516 ⁵

234 1636 290 1700 sed
320 1636 407 1700 euius
438 1657 496 1700 nos
524 1655 674 1720 graecam
709 1635 952 1720 inscriptionem
980 1635 1080 1700 minio
1108 1635 1229 1718 pictam
1255 1634 1375 1699 maiore

233 1767 330 1831 quam
363 1747 501 1810 antehac
533 1745 595 1810 fide
628 1746 663 1810 in
690 1745 834 1810 subiecta
866 1746 941 1810 huic
969 1744 1232 1810 commentationi
1265 1745 1375 1809 tabula

234 1855 370 1939 exprimi
398 1855 637 1941 ansanum:
665 1854 693 1920 is
716 1855 816 1940 igitur
843 1855 942 1920 codex
968 1855 1023 1920 diu
1050 1858 1100 1920 cst
1121 1875 1160 1920 ex
1181 1876 1244 1940 quo
1268 1855 1376 1938 paullo

233 1965 414 2030 accuratius
442 1965 736 2030 aMontefalconio
759 1965 941 2049 ,descriptus
967 1965 1080 2030 Diario
1111 1964 1225 2030 Italico
1255 1987 1287 2048 p.
1312 1964 1376 2030 238

233 2080 266 2141 et
292 2076 334 2140 ab
362 2074 531 2140 Holstcnio
563 2075 599 2138 in
631 2074 716 2140 illius
749 2073 952 2141 Bibliotheca
982 2075 1248 2140 bibliothecarum
1275 2073 1376 2140 vol.I

233 2209 264 2269 p.
284 2185 355 2268 174,
379 2185 421 2248 ab
443 2189 576 2269 utroque
599 2187 706 2249 autem
728 2185 901 2250 saecuch
922 2185 1127 2271 adsignatus,
1150 2206 1305 2271 magnum
1327 2185 1376 2250 sui

233 2295 423 2360 desiderium
445 2294 547 2359 doctis
568 2295 751 2359 hominibus
774 2295 937 2360 excitavit.

320 2403 370 2470 Ex
392 2407 516 2488 septem
537 2404 648 2490 igitur,
679 2425 758 2489 quos
781 2405 903 2470 Romae
930 2405 1152 2470 diversissimis
1181 2405 1377 2489 temporibus

233 2517 402 2599 usurpatos
430 2513 578 2599 Dionysii
606 2514 731 2580 codices
759 2514 987 2600 comperimus,
1016 2519 1082 2580 tres
1104 2517 1180 2582 sunt
1202 2515 1241 2579 de
1263 2515 1376 2598 quibus

233 2647 347 2710 parum
370 2629 513 2709 constat,
542 2626 623 2711 Lepi
645 2627 724 2709 duo,
753 2647 897 2709 unusque
919 2623 1031 2689 Vrsini
1052 2644 1146 2708 quem
1168 2623 1295 2708 quidem
1317 2624 1376 2690 sci-

234 2758 305 2801 mus
328 2757 358 2800 a.
380 2736 463 2802 1600
483 2740 619 2802 mortem
641 2736 767 2802 obiisse.
803 2735 889 2811 Quos
911 2734 1008 2800 libros
1032 2757 1103 2799 eum
1124 2735 1221 2800 facile
1243 2735 1377 2818 suspitio

234 2847 355 2910 oriatur
377 2847 412 2910 in
433 2847 626 2930 reliquorum
647 2867 779 2912 numero
801 2846 901 2910 latere
929 2845 1112 2910 distinctius
1134 2844 1375 2929 descriptorum,

236 2959 345 3021 tamen
374 2977 435 3022 nec
463 2956 502 3021 dc
530 2955 682 3023 Chisiano
716 2955 858 3041 cogitare
892 2975 952 3019 nec
979 2955 1018 3020 de
1046 2954 1192 3020 Hudsoni
1220 2954 1378 3020 Vrbinatc

235 3066 326 3130 licet:
355 3065 611 3150 quandoquidem
638 3067 754 3132 neutra
782 3064 977 3130 bibliotheca
1005 3067 1082 3128 ante
1108 3065 1248 3130 medium
1270 3087 1377 3131 saecu-

234 3175 301 3240 lum
322 3175 418 3242 XVII
439 3175 562 3240 Romae
585 3175 719 3258 exstitit,
744 3175 914 3241 Ohisianus
942 3177 1049 3238 autem
1071 3195 1113 3238 ne
1135 3174 1170 3238 in
1192 3171 1289 3238 Italia
1311 3175 1378 3259 qui-

234 3286 307 3350 dem
329 3290 426 3350 antea
449 3286 648 3368 servabatar,
671 3284 737 3368 scd,
761 3287 798 3349 ut
820 3305 858 3348 ex
879 3283 1021 3354 Harlesii
1042 3282 1220 3349 Introduct.
1244 3285 1278 3349 in
1301 3283 1376 3349 hist.

234 3396 316 3481 ling.
347 3417 396 3481 gr.
420 3396 483 3460 rol.
506 3395 523 3460 Ι
544 3417 576 3479 p.
600 3395 641 3460 66
665 3394 813 3479 cognovi,
842 3393 1009 3458 Avenione
1032 3391 1169 3459 Romam
1191 3394 1307 3458 allatus
1330 3397 1379 3458 est

236 3504 323 3570 iussu
345 3505 523 3570 Alexandri
551 3503 616 3570 VH
636 3503 673 3570 P.
697 3503 742 3568 Μ.
787 3502 959 3568 Praeterea
987 3503 1070 3568 nihil
1097 3507 1204 3588 potest
1226 3502 1271 3568 eis
1295 3501 1378 3568 codi-

236 3615 342 3698 cibus,
372 3635 410 3678 ex
438 3615 552 3700 quihus
580 3613 784 3679 undecimum
810 3612 928 3678 librum
949 3612 1071 3697 Lepus,
1101 3613 1141 3677 ad
1173 3613 1379 3694 undecimum

235 3727 419 3808 spectantes
442 3725 620 3809 scripturae
636 3723 870 3808 discrepantias
886 3721 1023 3788 Vrsinus
1044 3723 1196 3807 sumpsit,
1221 3745 1293 3788 cum
1314 3723 1378 3788 illis

236 3855 402 3900 commune
430 3855 514 3917 esse,
544 3835 597 3919 qui
621 3833 736 3899 decimi
758 3833 856 3897 finem
878 3854 944 3898 non
970 3833 1137 3898 excedunt.
1182 3833 1295 3917 Itaque
1324 3833 1379 3898 du·

235 3945 313 4028 plici
335 3947 463 4008 tantum
485 3945 688 4010 coniecturae
709 3943 797 4008 locus
827 3942 921 4007 datus
944 3945 1009 4025 est,
1038 3945 1074 4006 ut
1095 3944 1146 4007 vel
1169 3943 1210 4007 ab
1233 3941 1379 4006 Hudsoni

237 4053 398 4123 Vaticano
420 4055 522 4119 altero
545 4053 636 4140 (450)
660 4053 726 4118 sive
741 4053 822 4138 Lapi
837 4053 903 4117 sive
918 4051 1029 4118 Vrsini
1046 4053 1143 4117 codex
1159 4074 1224 4117 non
1240 4053 1377 4136 differre,

240 4209 440 4220 -——-——---

303 4305 328 4371 l¹)
348 4303 500 4372 [Vrbinatis
519 4305 621 4362 codicis
640 4305 765 4362 dolemus
783 4321 836 4362 nec
853 4303 920 4362 olim
938 4306 1096 4376 exemplum
1109 4303 1138 4357 in
1151 4305 1283 4376 promptu
1295 4304 1380 4362 fuisse

237 4413 288 4452 nec
304 4413 377 4451 nunc
395 4401 475 4470 esse]
689 4389 704 4408 '
