3254 5092
226 263 285 328 148
525 281 775 328 coaonanmvn
797 279 1065 328 ursevssrroms

225 437 334 514 vocat,
358 435 465 515 potest
479 432 533 496 ille
549 433 650 496 solum
666 433 930 514 φιλολογώτατοε
945 432 1134 495 1011111111]
1148 431 1367 496 transtulisse:

174 564 206 610 30
224 542 411 625 praesertim
421 563 491 606 eum
503 541 657 626 philologi
668 564 787 606 nomen
798 541 1018 624 philosophiae
1027 541 1191 604 notionem
1201 563 1268 606 non
1279 563 1368 606 num-

225 674 320 736 quam
337 652 614 735 complecteretur,
638 651 677 715 de
699 673 760 736 quo
776 651 907 714 Lehrsio
925 651 1045 714 dictum
1060 674 1092 734 p.
1107 652 1129 714 4
1146 649 1242 738 [384[.
1273 651 1368 716 Prae·

224 766 312 825 terea
335 762 374 825 de
396 761 608 825 bibliothecae
624 761 753 824 custode
768 761 964 826 Callimacho
979 782 1021 824 ne
1043 764 1222 844 temporum
1242 761 1368 844 quidem

225 871 367 935 rationes
395 893 453 934 nos
482 871 593 934 sinunt
620 871 776 934 dubitare.
821 870 907 933 Nam
935 870 995 934 etsi
1022 870 1099 934 illud
1122 891 1188 934 non
1211 871 1369 934 immerito

225 979 452 1064 Bernhardyus
485 1003 517 1064 p.
551 981 613 1044 838
650 1002 696 1063 sq.
735 980 947 1044 labefactasse
980 979 1120 1063 videtur,
1159 980 1241 1063 quod
1275 979 1369 1046 Calli·

225 1091 375 1154 machum
402 1089 660 1153 natu-maiorem
683 1090 784 1151 Arato
812 1089 1009 1153 dixeramus:
1037 1094 1146 1153 tamen
1169 1110 1207 1152 ex
1229 1111 1267 1152 eo
1289 1089 1371 1154 nihil

226 1200 289 1263 nisi
311 1199 372 1264 hoc
389 1220 585 1282 consequens
601 1202 665 1282 est,
689 1198 854 1281 aliquanto
877 1198 1034 1280 posterius
1056 1220 1151 1282 quam
1172 1220 1230 1262 nos
1252 1203 1369 1264 statue-

226 1331 333 1372 ramus
368 1309 406 1371 ad
444 1307 657 1372 bibliothecae
694 1295 882 1371 custodiam
902 1307 1150 1372 Eratosthenem
1187 1309 1368 1372 accessisse.

226 1419 363 1502 Reliqua
386 1418 472 1482 enirn
494 1421 701 1502 argumenta,
732 1439 749 1480 e
771 1417 884 1500 quibus
906 1422 1085 1502 temporum
1107 1417 1248 1482 rationes
1270 1421 1371 1502 magi·

225 1533 364 1591 atrorum
391 1528 518 1591 illorum
545 1527 703 1610 pendent,
737 1531 805 1589 tam
833 1527 918 1590 inter
945 1548 979 1590 se
1006 1521 1090 1590 nexa
1122 1530 1289 1611 putamus,
1323 1533 1368 1611 ut,

225 1660 320 1721 quam
348 1637 401 1700 diu
431 1637 476 1701 eis
510 1658 590 1720 quae
619 1639 747 1700 exstant
779 1635 971 1700 testimoniis
1006 1635 1084 1698 fides
1106 1658 1172 1699 non
1195 1637 1371 1722 denegetur

225 1747 375 1810 temerius
381 1797 391 1829 ,
421 1745 617 1811 Callimacho
647 1767 840 1830 nequeamus
869 1746 909 1810 ad
938 1745 1194 1810 constituendam
1227 1747 1369 1830 praefec-

227 1860 333 1920 torum
356 1857 603 1919 continuitatem
625 1855 787 1918 commode
811 1877 930 1919 carere.

312 1966 418 2048 Atque
441 1987 512 2028 cum
535 1964 594 2028 hoc
615 1967 683 2028 turn
706 1965 892 2028 certioribus
909 1965 1005 2029 etiam
1027 1966 1225 2049 argumentis
1240 1967 1368 2047 utimur,

227 2079 262 2138 ut
295 2074 352 2138 alii
384 2073 509 2137 cuidam
541 2074 779 2138 ratiocinationi
812 2094 1023 2138 occurramus,
1073 2074 1122 2138 De
1155 2074 1369 2139 Eratosthene

226 2184 310 2247 enim
333 2184 379 2247 ita
404 2205 481 2247 sane
504 2182 646 2248 Crameri
671 2184 899 2268 grammaticus
921 2184 1075 2268 loquitur,
1098 2185 1189 2268 quasi
1213 2185 1253 2249 ad
1276 2185 1370 2250 Calli·

225 2293 372 2358 machum
398 2294 487 2356 nulla
515 2315 666 2376 umquam
694 2292 907 2357 bibliothecae
937 2316 1011 2357 cura
1039 2293 1240 2377 pertinuerit.
1286 2294 1368 2358 Nam

226 2425 297 2466 cum
319 2403 365 2466 ait
389 2403 588 2484 Καλλίμαχοι
609 2403 831 2484 ἐπεγράψατο’
868 2405 1079 2484 Ἐρατοεθένει
1102 2405 1137 2467 δὲ
1152 2442 1204 2485 -,
1222 2404 1371 2468 videntur

226 2513 306 2577 baec
339 2535 416 2576 sane
449 2512 587 2596 quodam
610 2512 703 2576 modo
735 2512 820 2576 inter
852 2533 886 2576 se
918 2513 1081 2596 opposita,
1115 2512 1162 2575 ita
1184 2513 1311 2596 quidem
1335 2517 1371 2577 ut

227 2798 277 2852 XV
296 2798 437 2852 codicibus
460 2803 503 2866 aff
520 2799 550 2850 et
571 2802 625 2865 diff
643 2796 767 2866 syllabae
791 2796 858 2862 sint,
880 2799 983 2851 norunt
1000 2797 1047 2863 qui
1065 2797 1163 2851 barum
1180 2814 1272 2852 rerum
1290 2815 1369 2851 usum

226 2890 340 2944 habent.
377 2889 481 2954 Quodsi
510 2889 564 2942 dici
591 2890 684 2958 potuit
706 2907 724 2943 1
746 2888 878 2943 Cicerone
902 2895 984 2943 Gerliia
1007 2897 1190 2957 negotiatorum
1211 2895 1324 2958 referia,
1353 2907 1370 2944 1

227 2982 346 3036 Caesare
359 2983 453 3036 autem
467 2988 598 3050 provincia
610 2987 776 3036 exactoribus
787 2987 906 3050 differta:
924 2984 1072 3051 praetereo
1084 2985 1177 3037 autem
1189 2983 1217 3035 in
1230 2983 1369 3036 hominem

225 3075 294 3128 illud
312 3073 490 3144 participium
508 3075 544 3127 ab
563 3074 661 3128 eodem
680 3074 812 3130 Cicerone
835 3075 992 3140 transferri,
1016 3093 1078 3128 cum
1097 3080 1211 3130 Xersem
1228 3075 1270 3130 ait
1286 3081 1368 3144 refer-

228 3179 278 3221 tum
296 3173 407 3222 aurailus
424 3173 544 3235 praemiis
563 3173 684 3236 donisque
699 3172 837 3235 fortunae:
857 3167 923 3234 quid
941 3170 985 3220 est
1001 3167 1128 3234 tandem,
1146 3185 1194 3222 cur
1211 3185 1267 3222 non
1285 3167 1369 3222 etiam

227 3265 346 3328 differtur
370 3261 453 3313 rebus
482 3258 652 3326 quibuslibet
679 3259 854 3314 Ptolemaeus
882 3259 990 3314 ratione
1013 3261 1097 3326 atque
1121 3259 1217 3315 ordine
1245 3261 1369 3314 dicatur?

227 3358 340 3420 hospius
358 3359 495 3422 quaesitum
513 3369 568 3406 non
585 3351 638 3406 hoc
656 3351 749 3420 potius
768 3351 894 3416 dixerim,
913 3369 996 3419 quam
1014 3352 1105 3421 ipsum
1122 3351 1369 3422 Bernhardyanum

225 3447 368 3500 inventum
386 3451 576 3499 attentissimus.
612 3444 715 3498 Contra
738 3450 927 3513 assuetissimus,
952 3445 1026 3511 quod
1047 3445 1075 3497 in
1094 3445 1225 3514 Partbeyi
1247 3446 1282 3500 de
1299 3445 1368 3498 Mus.

225 3539 302 3592 Alex.
321 3537 422 3592 librum
440 3555 468 3606 p.
487 3543 536 3592 ‘219
553 3536 667 3606 irrepsit
683 3553 830 3606 operarum
849 3536 929 3602 vitio,
948 3535 1018 3591 adeo
1037 3537 1142 3606 placuit
1159 3537 1316 3604 Dindorfio,
1338 3537 1370 3590 ut

226 3634 256 3684 ct
271 3632 409 3701 reciperet
426 3632 456 3684 et
473 3631 661 3684 sdvodcraroc
679 3629 814 3684 vocabulo
832 3629 1001 3698 respondere
1018 3629 1136 3684 diceret:
1156 3631 1231 3684 cuius
1248 3631 1323 3684 certe
1340 3628 1368 3682 iu

226 3723 350 3778 Crameri
368 3722 504 3778 anecdoto
523 3722 628 3775 nubum
641 3722 797 3790 vestigium.
828 3720 907 3786 Quod
927 3739 987 3775 cum
1005 3729 1084 3776 tudere
1101 3729 1178 3778 reddi
1192 3739 1243 3792 per
1261 3728 1368 3791 affee-

227 3823 368 3870 iissimus
391 3837 440 3868 tion
458 3819 598 3869 abhorrere
621 3819 653 3867 ab
676 3819 748 3868 11ιί111
770 3821 906 3884 scriptoria
929 3819 1049 3870 barbarie
1066 3815 1107 3868 illi
1124 3815 1246 3870 videtur:
1269 3816 1368 3870 vellem

226 3909 367 3976 equidem,
387 3908 486 3976 quibus
504 3905 618 3961 tandem
635 3907 664 3960 in
682 3907 773 3961 verbis
784 3908 841 3961 ista
859 3893 1003 3962 barbaries
1021 3911 1192 3974 censeretur,
1209 3908 1367 3962 Dindorfius

226 4000 373 4056 docuisset.
403 4001 475 4054 Nam
493 4001 516 4053 si
534 4001 569 4054 ab
588 4017 642 4053 uno
659 3999 707 4053 illo
725 4012 854 4053 asseveret
866 4001 1025 4066 recesseris,
1044 3999 1078 4055 de
1097 4017 1151 4068 quo
1170 4000 1276 4054 dicetur
1287 4001 1368 4064 inira,

226 4094 312 4148 multo
330 4093 420 4162 magis
439 4093 580 4162 elegantia
597 4091 734 4159 quaedam
753 4091 861 4146 dicendi
879 4095 908 4146 et
925 4093 1049 4146 latinitas
1066 4092 1226 4162 interpretis
1244 4093 1365 4146 Plautini

226 4185 353 4239 miranda
374 4189 427 4252 est,
451 4203 533 4254 squam
557 4186 615 4238 ulla
636 4185 770 4239 sermonis
792 4185 917 4254 pravitas
945 4184 1089 4254 culpanda.
1133 4191 1249 4254 Affectus
1273 4187 1366 4239 autem

225 4278 299 4331 vocis
316 4278 438 4332 inillam
456 4281 565 4347 partem
583 4277 700 4332 valentis
718 4295 753 4331 ue
771 4277 929 4346 Ducangius
948 4277 1060 4344 quidem
1078 4278 1206 4346 exempla
1223 4278 1312 4332 novit.
