3254 5092
516 291 563 336 nn
586 292 678 339 niun.
702 293 806 338 anax.
830 293 873 338 nr
895 292 1111 342 rrsrsraaro.
1324 279 1382 341 151

237 443 355 507 debeat
377 444 464 506 velut
485 443 546 506 hoc
568 444 728 526 exemplo:
749 447 812 521 scil
832 457 1009 523 praetcrea,
1035 452 1089 524 qui
1104 451 1181 509 idem
1198 457 1384 510 asseveraret

237 552 289 615 vel
304 553 441 617 fortasse
456 564 605 618 assereret
608 577 619 628 ;
635 573 700 616 non
713 556 762 616 est
773 553 858 618 enim
870 556 937 616 tam
950 559 1101 618 burburus
1113 554 1167 618 ille
1179 555 1331 638 scriptor,
1348 559 1384 619 ut

237 663 274 726 in
291 664 350 727 hae
367 640 496 747 ¹quidem
512 663 748 727 constructione
768 663 910 746 posuisse
925 665 1103 748 praesentis
1118 665 1254 729 ferinam
1269 665 1382 730 merito

239 771 398 836 credatur.
430 773 487 837 Cui
509 773 627 835 rationi
650 773 720 856 quis
742 794 808 837 non
830 773 918 836 videt
939 795 1005 838 non
1020 796 1085 838 una
1106 774 1145 838 de
1163 796 1275 839 caussa
1297 775 1382 839 haue

237 885 420 964 praestare,
449 887 485 946 ut
508 883 734 946 continuentur
756 887 819 960 scil
839 895 1001 962 praeterea
1024 889 1236 948 borusthenes
1258 905 1317 948 non
1340 892 1383 949 ile

237 998 332 1056 multo
344 1003 412 1072 post
425 997 555 1056 eiusdem
569 1005 667 1056 cmlos
681 997 885 1074 bibliothecae,
902 993 1005 1056 media
1019 996 1124 1056 autem
1137 992 1383 1077 interponantur

237 1109 294 1181 qui
314 1108 391 1166 idem
407 1112 573 1166 asseverat:
594 1123 670 1165 narn
692 1103 738 1165 ita
753 1102 859 1165 nullus
883 1100 1085 1166 coniunctivo
1108 1103 1206 1168 locus,
1243 1103 1383 1167 Tuomur

237 1215 347 1274 autem
362 1211 423 1274 hoe
438 1211 501 1295 ita,
518 1215 554 1275 ut
568 1212 698 1274 minime
714 1212 754 1275 ad
769 1213 922 1275 librorum
938 1234 1085 1276 numeros
1100 1213 1260 1295 pertinere
1276 1213 1382 1277 existi-

237 1343 376 1402 memus,
401 1343 508 1384 verum
536 1321 576 1384 ad
599 1321 788 1386 Callimachi
816 1342 946 1404 operam
974 1321 1186 1386 inscribendis
1212 1323 1302 1386 libris
1325 1324 1381 1388 im-

237 1453 373 1514 pensam
406 1438 483 1496 idem
516 1452 690 1514 pronomen
724 1432 908 1495 referamus.
959 1429 1049 1495 Nihil
1083 1433 1168 1495 enim
1201 1433 1382 1497 credibilius

236 1563 335 1624 quam
347 1539 593 1605 Eratosthenem
609 1540 674 1604 suis
690 1540 728 1604 de
745 1541 907 1605 comoedia
918 1541 1158 1628 ,commentariis
1174 1543 1381 1606 honorificam

176 1667 184 1682 ·
236 1650 340 1733 ipsius
356 1649 545 1715 Callimachi
559 1650 755 1714 mentionem
769 1649 893 1732 fecisse,
910 1653 946 1714 ut
961 1649 1014 1733 qui
1030 1651 1068 1713 de
1086 1650 1214 1713 fabulae
1232 1651 1381 1735 cuiusque
1477 1647 1482 1655 ⁸

236 1763 369 1824 auctore
397 1763 429 1824 et
455 1759 518 1822 fide
545 1760 665 1842 primus
698 1759 883 1842 diligentius
917 1759 1135 1842 quaesivisset.
1185 1759 1268 1822 lllud
1301 1767 1381 1824 idem

235 1869 344 1953 potuit
366 1870 401 1933 in
423 1869 617 1954 graecisso}
642 1871 679 1934 τὸ
702 1869 781 1934 αὐτά
804 1889 872 1932 esse
894 1868 944 1932 rel
967 1869 1045 1933 αὐτό
1068 1869 1118 1932 vel
1144 1874 1242 1934 τοῦτο
1265 1870 1315 1932 vel
1343 1873 1380 1936 τά

235 1981 320 2043 αὐτὸ
340 1984 451 2044 τοῡῐοι
475 1999 607 2063 quorum
622 1977 744 2042 nullum
766 1981 829 2061 est,
853 1978 936 2062 quod
951 2001 1016 2043 non
1038 1978 1149 2042 liceret
1168 1979 1218 2042 rel
1240 1979 1381 2062 paullulo

236 2087 380 2152 liberiori
401 2089 570 2172 interpreti
592 2095 669 2152 idem
685 2087 839 2151 vocabulo
854 2092 987 2152 vertere.
1026 2087 1142 2162 Quodsi
1164 2087 1271 2152 omnia
1286 2089 1380 2153 simul

237 2197 495 2281 complectimur,
533 2219 599 2261 non
631 2201 750 2261 temere
784 2197 927 2260 videmur
959 2218 976 2260 e
1010 2198 1181 2262 coniuncta
1217 2199 1380 2283 utriusque

235 2307 403 2390 scriptoris
425 2307 577 2371 memoria
599 2307 753 2390 principis
774 2307 874 2370 fontis
897 2306 1118 2391 iutegritatem
1140 2308 1173 2370 in
1201 2307 1285 2371 hano
1313 2309 1380 2372 fere

236 2417 378 2501 speeiem
401 2437 602 2500 recuperare:
626 2417 747 2495 ἀμιγῶν
770 2419 806 2481 δὲ
827 2418 878 2481 καὶ
899 2417 1014 2481 ἁπλῶν
1030 2417 1177 2496 μυριάδεε
1199 2418 1310 2496 ἐννέα,
1335 2419 1380 2483 ὥ(

235 2547 316 2608 φηα
339 2527 534 2607 Καλλίμαχοι
556 2527 574 2591 δ
597 2529 647 2591 καὶ
669 2531 735 2591 τῶν
758 2528 837 2591 κατὰ
858 2529 915 2604 τὴν
939 2527 1096 2605 βαείλειον
1119 2525 1183 2610 (vel
1206 2529 1379 2612 βαειλικὴν)

235 2638 342 2715 αὐλὴν
366 2639 573 2716 βιβλιοθηκῶν
588 2637 807 2715 προεετηκώε,
831 2635 929 2715 ὅνπερ
944 2637 994 2700 καὶ
1009 2637 1084 2700 τοὺ(
1099 2637 1232 2701 πίνακα(
1247 2636 1379 2715 ὕετερον

236 2746 461 2825 ἀνεγράψατο·
504 2749 704 2825 μαρτυρεῖται
733 2745 797 2829 (vel
825 2745 1018 2828 βεβαιοῦται)
1047 2747 1082 2810 δὲ
1110 2745 1189 2810 αὐτὸ
1211 2750 1308 2811 τοῦτο
1330 2748 1381 2810 καὶ

236 2857 453 2936 Ἐρατοεθένει
475 2857 622 2938 ἡλικιωτῇ
648 2856 861 2934 Καλλιμάχου,
889 2857 915 2938 ᾧ
937 2857 988 2918 καλ
1010 2856 1097 2938 αὐτῷ
1119 2857 1206 2935 παρὰ
1228 2859 1286 2920 τοῦ
1314 2862 1379 2921 δια-

236 2965 413 3044 δεξαμένου
440 2966 498 3031 τὸν
521 2966 727 3046 Φιλάδελφον
757 2966 909 3045 βαειλὲωε
936 2966 974 3029 τὸ
1002 2969 1150 3030 τοιοῦτον
1179 2965 1379 3046 ἐνεπιετεύθη

237 3075 509 3156 βιβλιοφυλάκιον.
554 3073 582 3137 Ε
605 3074 718 3157 quibus
740 3097 821 3137 unus
838 3074 969 3158 quisque
992 3074 1146 3156 perspicit
1167 3097 1262 3158 quam
1283 3076 1379 3138 facile

237 3184 309 3248 fieri
332 3185 471 3267 potuerit
492 3189 528 3247 nt
549 3206 587 3246 ea
609 3183 679 3266 ipsa
702 3186 961 3266 excerperentur,
985 3204 1065 3266 quae
1088 3183 1155 3247 sola
1171 3184 1282 3248 relicta
1305 3188 1380 3248 scuit

238 3294 274 3358 iu
298 3292 443 3357 Parisino
466 3293 616 3378 codiee.*)

307 3565 332 3629 *λ
346 3563 427 3632 [Quid
445 3579 553 3616 revera
571 3561 684 3630 Tyzctzes
704 3561 858 3630 scripserit,
878 3562 964 3616 codex
982 3562 1181 3616 Ambrosianus
1200 3563 1294 3615 docuit
1305 3562 1380 3630 apud

238 3655 358 3710 Keilium
375 3675 402 3724 p.
423 3660 484 3719 117,
505 3663 535 3708 m
553 3671 613 3720 sqq.
650 3654 702 3719 Qui
721 3673 791 3721 quau
810 3654 844 3708 de
863 3654 1024 3708 Callimachi
1042 3673 1102 3708 eum
1126 3654 1297 3723 temporibus
1320 3656 1379 3708 tum

238 3767 352 3802 mrmere
370 3745 560 3801 bibliothecali
577 3749 642 3816 post
660 3748 812 3802 Heckerurn
827 3747 1097 3802 Commentationum
1110 3746 1216 3801 Calliin.
1231 3765 1257 3816 p.
1273 3753 1303 3801 13
1316 3764 1376 3814 sqq.

238 3843 337 3896 contra
359 3857 403 3894 me
430 3839 490 3910 ipse
518 3839 671 3909 disputavit
693 3839 884 3894 commentarii
911 3841 953 3893 sui
976 3859 1003 3910 p.
1028 3847 1075 3895 251
1100 3857 1174 3908 sqq,
1202 3838 1378 3905 quantumvis

239 3933 378 3988 subtiliter
402 3933 545 4002 dispuntata
569 3932 637 3998 sint,
655 3935 749 3987 tamen
772 3933 801 3986 in
826 3932 991 4000 quibusdam
1008 3933 1142 4003 partibus,
1160 3950 1211 3987 nec
1233 3932 1273 3986 eis
1296 3930 1378 3985 levio·

238 4027 327 4092 ribus,
343 4026 560 4092 haudquaquam
573 4043 669 4079 omnes
682 4025 749 4078 mihi
761 4027 903 4094 scrupulos
916 4026 1036 4080 eximere
1054 4028 1212 4095 potuerunt.
1224 4057 1255 4064 —
1267 4025 1379 4079 Praete-

238 4135 289 4174 rea
305 4119 454 4187 plurimum
464 4117 508 4171 his
521 4117 729 4184 quaestionibus
747 4118 852 4186 profuit
869 4119 951 4174 docta
964 4137 997 4174 ac
1014 4118 1122 4173 subtilis
1141 4119 1175 4172 de
1194 4117 1377 4188 Apollonio

240 4211 392 4279 disputatio
411 4210 551 4279 Rudolphi
567 4211 596 4264 M
603 4209 713 4264 erkeli
731 4211 839 4279 Proleg.
864 4211 892 4264 iu
916 4213 1007 4280 Apoll.
1025 4212 1078 4266 nh.
1101 4231 1129 4280 p.
1148 4211 1186 4265 IX
1204 4227 1277 4278 sqq,
1303 4211 1377 4266 cuius

239 4303 419 4358 honorificam
437 4303 608 4358 mentionem
625 4301 708 4356 debui
725 4302 780 4358 iam
799 4321 884 4372 snpra
902 4307 991 4360 facere
1010 4323 1036 4374 p.
1057 4311 1089 4360 78
1106 4304 1180 4372 adn]
