3184 5100
572 341 696 391 Βιιιονιο
720 341 940 391 DESCRIPTIO.
1270 325 1333 390 679

274 492 305 557 2.
350 496 540 582 Αἰθαλόεν
569 496 608 561 τό
637 496 784 563 ἐπίθετον
813 499 864 561 καὶ
892 497 943 561 ἐπὶ
975 498 1148 579 μελάθρου·
1182 492 1264 580 αύιὴ
1299 494 1330 560 5’

191 603 410 680 αἰθαλόεντος
431 600 517 690 ὑπὲρ
539 604 700 689 μεγάροιο
722 606 914 690 μελάθρων.
959 610 1010 672 καὶ
1033 609 1084 673 ἐπὶ
1107 612 1215 686 ετοάε,
1243 610 1331 688 παρὰ

189 716 227 778 τὸ
256 715 388 796 αἰθάλην
416 717 501 798 ἔχειν
530 716 595 782 ἀπὸ
622 721 682 782 τού
711 718 883 797 καιομένου
911 719 1027 797 πυρόε·
1057 719 1088 783 οἱ
1114 720 1175 799 γὰρ
1202 721 1333 784 παλαιοὶ

190 826 249 890 οὐκ
272 827 417 907 ἐχρῶντο
432 828 531 911 ἐλαίῳ
554 829 604 892 καὶ
626 829 751 912 λύχνῳ,
775 827 857 893 ἀλλά
879 829 993 896 ξύλοιε.
1026 830 1077 894 καί
1092 831 1247 910 Ὅμηροε·
1270 828 1329 912 νή-

106 958 110 972 ·
153 951 278 1019 ιοηοαν
300 935 384 1014 ξύλα
405 938 523 1018 πολλὰ,
547 936 639 1020 φόως
661 935 691 1000 τ’
715 940 794 1020 ἔμεν
814 934 874 1021 ἠόέ
895 938 1069 1022 θέρεσθαι.
1101 941 1151 1005 διό
1174 941 1223 1004 καὶ
1245 960 1331 1020 εεεη-

188 1047 318 1126 μείωται
339 1049 377 1114 τό
399 1050 434 1115 ἐν
459 1057 496 1133 τῇ
520 1050 681 1133 Ὀδυεεείᾳ
707 1046 853 1130 χρύσεον
874 1047 1000 1132 λύχνον
1022 1049 1156 1132 ἔχουσα.

271 1159 302 1222 3.
346 1158 466 1225 Αίνοε
495 1162 544 1224 καὶ
573 1160 725 1240 παροιμία
752 1161 908 1240 διαφέρει.
937 1159 956 1224 δ
985 1163 1041 1240 μέν
1069 1162 1131 1240 γὰρ
1155 1159 1246 1226 ιιίνόε
1267 1160 1332 1226 ἐετι

187 1269 284 1344 λόγοε
313 1270 392 1334 κατὰ
428 1269 604 1336 ἀνάπλουν
635 1272 765 1349 μυθικὴν
793 1270 859 1335 άπὸ
887 1270 1018 1346 ἀλόγων
1046 1273 1141 1338 ῑώων
1168 1273 1188 1350 ἢ
1216 1275 1330 1352 φυτῶν

187 1379 268 1458 πρόε
292 1378 484 1460 ἀνθρώπου(
508 1381 680 1461 εἰρημένοε.
706 1379 778 1447 οἷον
802 1380 867 1445 ἀπὸ
890 1383 947 1460 μὲν
971 1381 1102 1460 ἀλόγων
1125 1381 1236 1460 ῑώων,
1270 1381 1329 1446 ὥε-

191 1539 236 1545 ..-
251 1537 390 1546 ..κ-...-

185 1621 220 1672 τό
238 1621 292 1687 ἀγη
311 1620 327 1673 ὃ
346 1619 472 1688 πημαίνει
490 1621 544 1686 τὴν
563 1621 709 1685 ἔκπληξιν·
736 1621 790 1687 ἀγη
811 1621 843 1684 μ’
861 1621 930 1685 ἔχει·
949 1619 1053 1687 ἀγηροε
1073 1621 1117 1672 καί
1136 1619 1264 1686 ἀγαυρος.
1283 1619 1329 1672 ού-

185 1728 243 1766 τωε
262 1715 420 1780 ἡρωδιανδε
439 1713 531 1781 ἐντῷ
552 1715 616 1780 περὶ
635 1716 745 1780 παθύιν,
764 1715 844 1780 δηλοῖ
863 1713 893 1766 δέ
912 1713 1022 1766 καὶτὸν
1039 1713 1227 1779 ὑπερήφανον
1244 1715 1329 1780 ἢεεαν

186 1807 318 1872 ἀγαύρου.
336 1835 370 1844 -·
391 1805 487 1860 Habet
503 1805 691 1873 Etymologici
714 1805 801 1860 codex
819 1804 987 1860 sorbonicus
1005 1819 1023 1860 a
1041 1803 1198 1859 Gaisfordio
1217 1805 1329 1860 demum

186 1901 417 1952 commemoratus
436 1898 588 1952 55505255
605 1916 632 1967 p.
652 1901 681 1964 6,
699 1905 745 1964 31;
767 1898 921 1968 pmiculas
943 1898 1053 1952 tantum
1072 1896 1137 1953 Orio
1154 1916 1182 1968 p.
1204 1903 1248 1963 14,
1268 1903 1281 1951 1
1300 1899 1329 1952 εί

185 1991 228 2045 Et.
243 1991 399 2046 (india-num
417 2009 443 2062 p.
458 1998 482 2058 3,
496 1997 536 2045 29.
551 1999 592 2051 36.
612 2022 644 2031 -
663 1993 746 2047 όεεαν
765 1993 889 2058 ἀγαύρου
907 1990 1070 2045 Hesiodium
1087 1992 1131 2045 est
1148 1991 1255 2060 Theog.
1269 1996 1326 2046 532.

185 2085 338 2139 Αοοοιιίιιιιι
354 2085 430 2140 vocis
452 2085 561 2141 servavi

254 2221 393 2278 Αίθαλόεν
410 2226 445 2276 τὸ
464 2225 603 2278 ἐπίθετον.
629 2227 674 2279 καί
692 2224 887 2290 ἐπιμελάθρου.
912 2223 985 2289 αὐτῆ
1004 2223 1033 2276 δ’
1050 2221 1234 2278 αἰθαλόεντος
1255 2225 1327 2290 ὺπέρ

186 2359 318 2427 μεγάροιο
337 2359 497 2455 μελάθρων.
516 2363 562 2416 καί
574 2293 681 2416 engo·
701 2361 765 2426 περί
784 2359 904 2426 αἰθάλην
916 2358 974 2412 ἀπὸ
986 2363 1038 2412 τού
1057 2359 1206 2423 καιομένου
1226 2361 1326 2425 πυρόε·

185 2477 211 2530 οἱ
229 2480 282 2544 γὰρ
301 2479 416 2532 παλαιοί
435 2455 476 2548 3¹(
495 2480 634 2546 κέχρηντο
652 2478 739 2532 ἐλαίω
757 2481 802 2531 καὶ
821 2479 917 2542 λύχνω
936 2479 982 2530 καί
1000 2477 1122 2532 ἀξύλοιε·
1148 2479 1193 2530 καί
1211 2478 1325 2543 όμηροε,

185 2571 289 2638 νόηεαν
309 2570 353 2638 (λε.
372 2571 478 2638 νήηεαν
495 2580 578 2640 mrg.)
602 2573 670 2627 ξυλά
694 2573 799 2626 πολλά·
824 2573 904 2636 φόωε
928 2572 960 2626 τὲ
984 2571 1035 2636 μὲν
1058 2571 1207 2637 (λαθέμεν
1231 2573 1325 2638 mrg.)·

185 2681 201 2745 ή
221 2682 252 2734 δέ
271 2682 408 2749 θέρεεθαι·
427 2684 485 2738 διὸ(
504 2667 534 2760 ἐχ
554 2688 589 2751 τή
608 2684 640 2736 ἐν
656 2687 692 2749 τῆ
711 2665 781 2750 555¹
802 2697 919 2748 χρυεεον
937 2681 1042 2748 λύχνον
1061 2681 1168 2747 ἔχουεα.
1184 2703 1218 2727 =
1234 2679 1325 2748 Etyin.

184 2791 253 2844 ιιιιι.
277 2809 305 2861 p.
327 2797 366 2858 15,
384 2797 417 2846 55
440 2795 469 2847 οι
486 2793 578 2862 Etym.
597 2793 633 2847 Μ.
653 2811 678 2846 v.
699 2794 799 2858 Λιγνοε
822 2779 849 2861 p.
869 2797 930 2858 555,
949 2797 982 2846 55
1084 2797 1100 2845 6
1123 2791 1206 2860 ωιτη]
1227 2790 1323 2858 Odyss.

183 2891 267 2951 1239
361 2891 377 2940 8
395 2886 516 2956 αἰθόλην
538 2887 623 2954 ἔχειν]
644 2885 762 2953 αἰθόλην
781 2887 818 2952 μὴ
838 2887 911 2952 ἔχειν
929 2884 973 2938 Et.
991 2884 1028 2938 M.
1048 2884 1150 2952 αἰθάλη
1169 2883 1239 2938 Gud.

182 2983 197 3030 9
215 2981 333 3048 νὴηεαν]
354 2980 405 3033 Οά.
425 2998 442 3034 τ
460 2984 492 3032 64
563 2985 594 3032 10
612 2981 680 3034 Διόε
699 2984 772 3047 εήμα
790 2981 880 3046 ἐντῷ
900 2979 1003 3033 Ὀδυεε.
1022 2977 1092 3040 Gud.
1110 2977 1162 3031 Εοί
1178 2995 1196 3031 τ
1214 2983 1247 3032 34

250 3116 340 3170 Αίνοε.
373 3120 418 3170 καί
441 3116 574 3184 παροιμία
598 3117 735 3182 διαφέρει·
763 3116 779 3167 δ
803 3116 854 3180 μέν
880 3116 933 3181 γὰρ
962 3113 1042 3168 αίνοε
1066 3115 1122 3168 ἐετλ
1146 3114 1230 3188 λόγοςΙ
1253 3115 1325 3168 κατὰ

182 3209 352 3263 ἀναπόλυειν
372 3213 491 3277 μυθικὴν
510 3211 568 3264 ἀπὸ
587 3209 701 3275 ἀλόγων
719 3209 803 3264 ῑώων
822 3211 954 3276 ἢφυτιίιν
973 3209 1045 3275 πρὸ(
1063 3208 1232 3275 ἀνθρώπουε
1252 3207 1323 3276 εἰρη-

182 3303 272 3366 μένοε.
309 3301 370 3356 οἷον
394 3304 451 3357 ἀπὸ
477 3306 528 3368 μὲν
550 3303 666 3367 ἀλόγων
688 3303 785 3368 ζώων,
811 3303 905 3369 ιύεπερ
928 3303 1086 3369 ἀρχίλοχοε·
1110 3302 1190 3355 αίνόε
1212 3317 1254 3354 τιε
1278 3301 1324 3353 ἀν-

182 3396 308 3461 θρώπων
332 3397 370 3448 ὼε
393 3397 442 3464 ἄρ’
463 3398 590 3463 ἀλώπηξ.
619 3397 738 3462 ἢάετὸε
761 3396 900 3451 ξυνωνίαν
925 3397 1030 3449 ἔθεντο.
1054 3397 1099 3448 καί
1123 3394 1243 3459 ήείοδοε·
1271 3399 1324 3446 νύν

181 3489 211 3540 δ’
228 3490 311 3542 αἶνον
330 3491 470 3555 βαειλεύε’
493 3491 564 3556 ἐρέω
588 3491 697 3544 νοέουει
716 3493 760 3543 καί
779 3491 887 3544 αὺτοῑε·
911 3489 966 3542 ὧδ’
988 3488 1050 3555 ἴρηξ
1073 3489 1252 3555 προεέειπεν·
1275 3488 1323 3554 ἀη-

181 3583 249 3634 δόνα
264 3584 474 3650 ποικιλόδειρον.
493 3584 551 3637 ἀπὸ
564 3585 594 3638 δέ
607 3588 709 3651 φυτῶν
728 3585 766 3636 ιύε
785 3587 827 3636 τύι
847 3585 925 3650 (περὶ
942 3583 1024 3650 mrg.)
1044 3582 1218 3648 καλλιμάχω·
1238 3582 1322 3636 ἀκουε

181 3677 211 3728 δέ
230 3675 282 3728 τὸν
304 3677 387 3730 αἶνον
405 3677 536 3754 έγκονται
554 3678 690 3744 (είκονται
708 3657 921 3744 ιιιιςῇμώλω
945 3676 1056 3743 δάφνην
1081 3674 1178 3742 ἐλαίην
1201 3673 1277 3728 είκὸε
1297 3676 1323 3728 ολ

182 3769 267 3822 πάλαι
290 3771 368 3822 λυδολ
390 3749 616 3834 ieffieceai
639 3773 684 3824 καί
707 3771 742 3824 τά
761 3772 835 3836 ἐξήε·
860 3772 915 3823 έετι
935 3771 951 3822 δ
969 3770 1048 3822 αίνοε
1067 3769 1252 3835 ἐξηπλωμένη
1272 3786 1322 3820 πα-

180 3863 273 3927 ροιμία
291 3865 336 3916 καί
356 3864 426 3929 μετὰ
444 3866 597 3932 διηγήεεωε
615 3864 802 3930 ἀπαρτίζουεα
819 3865 854 3916 τὸ
871 3863 1036 3930 νοούμενον,
1056 3863 1126 3928 πρό(
1145 3861 1322 3928 παραμυθίαν

181 3955 226 4020 τὲ,
249 3947 295 4009 καί
318 3957 461 4022 ὠφέλειαν
483 3961 545 4010 τῶν
568 3958 743 4024 ἀνθρώπων·
767 3955 901 4023 παροιμία
922 3956 953 4008 δέ
975 3957 1030 4022 τὴν
1047 3956 1105 4009 ἀπὸ
1124 3960 1175 4009 τού
1195 3957 1321 4021 κεφάλου

181 4045 227 4100 ἐπί
246 4050 279 4101 τὸ
298 4055 392 4116 χεῖρον
411 4051 559 4118 ἀναφοράν
583 4051 640 4118 ἔχει
662 4051 811 4105 ἐνδέουεαν
834 4054 886 4106 ποθ
905 4049 999 4128 αἴνου·
1019 4051 1064 4102 καί
1081 4052 1136 4116 τὴν
1155 4052 1260 4104 έξωθεν
1279 4052 1323 4104 ἐν-

180 4184 335 4251 δεχομένην
362 4188 522 4251 μετόβαειν·
550 4187 612 4241 οῐον
641 4189 707 4253 μένε
731 4189 796 4252 βοθε
820 4187 890 4240 ποτὲ
914 4135 1004 4254 ima
1025 4201 1121 4239 reeens
1145 4184 1251 4245 ιιάάίόολ
1276 4189 1321 4239 καί

181 4277 270 4330 κιεεόε
293 4279 358 4340 μετ’
380 4279 554 4346 ἀνθεετήρια.
576 4302 612 4326 --
632 4279 723 4348 Etym.
749 4277 820 4334 Gud.
838 4295 865 4348 p.
887 4285 931 4347 19,
955 4286 987 4332 19
1009 4295 1071 4334 οωιι
1088 4278 1236 4332 Ammonio
1258 4297 1286 4348 p.
1305 4285 1321 4330 θ

181 4369 335 4437 ceterisque
358 4370 540 4440 scriptoribus
563 4389 580 4428 ιι
601 4373 723 4442 Bergkio
746 4371 907 4443 compositis
933 4373 1011 4429 Ροεέ,
1039 4373 1090 4440 lyr.
1113 4389 1140 4442 p.
1165 4377 1215 4428 αδδ
1237 4371 1279 4427 ed.
1305 4379 1320 4426 θ
